5728 7564
2137 1199 2235 1311 Nter
2301 1199 2334 1311 ſe
2399 1199 2629 1311 geminus
2684 1199 2815 1311 ferro
2859 1199 3165 1311 concurrere
3220 1199 3461 1311 dextras,

2226 1363 2444 1475 Fortunæ
2507 1363 2705 1475 fuerat,
2757 1363 2882 1475 nunc
2923 1363 3017 1475 erit
3079 1363 3194 1475 artis
3246 1363 3371 1475 opus.

2122 1523 2188 1634 Non
2242 1523 2318 1634 hoc
2394 1523 2536 1634 Roma
2579 1523 2797 1634 parens,
2851 1523 3091 1634 quamuis
3199 1523 3493 1634 Mauortia,
3537 1523 3733 1634 nonhoc

1994 1690 2239 1794 Letorem
2303 1690 2452 1794 docit
2527 1690 2698 1794 Grcia
2751 1690 2857 1794 tota
2900 1690 3060 1794 ſuum.

1871 1852 2200 1973 Temporibus
2238 1852 2441 1973 noſtris,
2479 1852 2593 1973 ipſa
2631 1852 2656 1973 ſe
2707 1852 2846 1973 teſte,
2909 1852 3137 1973 vetuſtas

1995 2020 2250 2138 Vincitur,
2335 2020 2347 2138 &
2408 2020 2566 2138 faſſas
2614 2020 2687 2138 dat
2760 2020 3002 2138 ſuperata
3075 2020 3269 2138 manus;

1870 2186 1990 2303 Artis
2033 2186 2186 2303 inops:
2229 2186 2370 2303 totus
2414 2186 2555 2303 quam
2620 2186 2707 2303 dum
2762 2186 3055 2303 conſiderat
3099 2186 3240 2303 orbis,

1982 2347 2201 2477 Tyronem
2273 2347 2419 2477 vnius
2479 2347 2516 2477 ſe
2564 2347 2698 2477 videt
2746 2347 2831 2477 eſſe
2879 2347 2989 2477 viri.

1875 2516 1989 2636 Hanc
2030 2516 2154 2636 rude
2216 2516 2422 2636 donatus
2495 2516 2732 2636 Veianius
2763 2516 2928 2636 intret
2980 2516 3228 2636 arenam;

1953 2679 2263 2793 Intrataeſt
2325 2679 2605 2793 numquam
2667 2679 2781 2793 dicet
2832 2679 2977 2793 arena
3040 2679 3164 2793 mibi.

1846 2833 2087 2960 Threcius
2133 2833 2352 2960 audebit
2410 2833 2502 2960 cum
2651 2833 2951 2960 Myrmillone
2997 2833 3273 2960 ſubarmis

1956 3011 2131 3125 Stare,
2175 3011 2251 3125 nec
2295 3011 2360 3125 hic
2393 3011 2469 3125 illi
2513 3011 2611 3125 jam
2687 3011 2993 3125 metuendus
3026 3011 3146 3125 erit.

1865 3181 1983 3302 Hanc
2036 3181 2240 3302 Samnis
2272 3181 2487 3302 tenet,
2530 3181 2712 3302 teneat
2755 3181 2830 3302 qui
2884 3181 3163 3302 prouocat,
3216 3181 3410 3302 artem;

1943 3341 2141 3466 Ignauo
2188 3341 2362 3466 neuter
2432 3341 2689 3466 ſanguine
2724 3341 2899 3466 tinget
2945 3341 3178 3466 humum.

1862 3514 1979 3628 Hanc
2049 3514 2201 3628 colit,
2260 3514 2342 3628 hac
2400 3514 2623 3628 noſtrum
2705 3514 3021 3628 Thibautius
3079 3514 3267 3628 imbuit
3313 3514 3489 3628 auum,

1989 3684 2097 3803 Hanc
2151 3684 2366 3803 nondum
2420 3684 2603 3803 genitis
2646 3684 2797 3803 uobile
2862 3684 3002 3803 donat
3045 3684 3185 3803 opus.

1876 3849 1940 3969 Nec
1978 3849 2132 3969 negat
2183 3849 2260 3969 hoc
2376 3849 2542 3969 Martis
2594 3849 2786 3969 ſoboles
2876 3849 3132 3969 Naſſovius
3235 3849 3389 3969 Heros,

1970 4017 2003 4132 Et
2060 4017 2150 4132 jam
2217 4017 2409 4132 vitori
2465 4017 2679 4132 prmia
2724 4017 2871 4132 certa
2927 4017 3096 4132 dedit:

1826 4183 2216 4307 Inſtrutorque
2263 4183 2452 4307 operis,
2488 4183 2783 4307 plauſuque
2830 4183 3101 4307 opibuque
3149 4183 3361 4307 parenti

1976 4353 2181 4470 Adfuit,
2270 4353 2283 4470 &
2347 4353 2552 4470 partem
2603 4353 2834 4470 vindicat
2872 4353 2975 4470 ipſe
3026 4353 3141 4470 ſibi.

1870 4511 2098 4637 Oualibet
2170 4511 2349 4637 arguto
2409 4511 2721 4637 peragenda
2768 4511 2828 4637 eſt
2864 4511 3032 4637 judice
3080 4511 3248 4637 cauſa:

1982 4687 2062 4807 Hac
2119 4687 2119 4807 à
2165 4687 2234 4807 non
2291 4687 2417 4807 vito
2486 4687 2703 4807 Principe
2760 4687 2932 4807 palma
2989 4687 3173 4807 datur.

2780 4942 2817 5033 D.
2992 4942 3492 5033 H1NS1VS.

2158 118 2265 259 IN
2418 118 2587 259 NOB.
2724 118 2816 259 ET
2939 118 3306 259 EXIMII
3444 118 3643 259 VIR1

1186 304 1284 510 D.
1707 304 2845 510 GERARDI
3236 304 4797 510 THIBAVLTII

1713 538 2901 761 Gladiatoriamartem,
2998 538 3524 761 Symbolo
3602 538 3699 761 ac
3777 538 4206 761 prmio

2044 762 2121 894 AB
2236 762 3082 894 1LLVSTR1SSIMO
3223 762 3735 894 PRINCIPE

1612 909 2404 1082 MAVRITIO
2553 909 2553 1082 à
2767 909 3213 1082 NASSA
3345 909 3428 1082 V,
3593 909 3692 1082 &c.
3791 909 4237 1082 donatam-
