5728 7564
1057 4222 1057 4352 E
1125 4222 1295 4352 Staten
1374 4222 1624 4352 Generael
1669 4222 1737 4352 der
1805 4222 2167 4352 Vereenighde
2258 4222 2643 4352 Nederlanden,
2688 4222 2870 4352 bebben
2926 4222 3368 4352 gheconſenteert
3413 4222 3527 4352 ende
3595 4222 4014 4352 gheoctroyeert,
4059 4222 4388 4352 conſenteren
4444 4222 4569 4352 ende
4603 4222 4897 4352 otroyeren
4943 4222 4977 4352 by

1042 4346 1159 4464 deſen
1230 4346 1676 4464 d’erfghenamen
1723 4346 1806 4464 van
1911 4346 2193 4464 Giraldo
2276 4346 2663 4464 Thibault,
2722 4346 2793 4464 dat
2828 4346 2863 4464 ſy
2922 4346 3286 4464 gheduerende
3345 4346 3415 4464 den
3462 4346 3580 4464 tijdt
3639 4346 3709 4464 van
3780 4346 3968 4464 dertich
4015 4346 4438 4464 eerſt-homende
4485 4346 4661 4464 laren,
4720 4346 4908 4464 alleene
4943 4346 4978 4464 in

1036 4472 1132 4601 deſe
1180 4472 1538 4601 vereenighde
1621 4472 1872 4601 Landen,
1956 4472 2374 4601 gheaſſocieerde
2470 4472 2911 4601 Landſchappen
2971 4472 3079 4601 ende
3138 4472 3353 4601 Steden,
3401 4472 3545 4601 ſullen
3628 4472 3819 4601 moghen
3915 4472 4166 4601 Druchen,
4225 4472 4321 4601 doen
4416 4472 4667 4601 Druchen,
4715 4472 4823 4601 ende
4870 4472 4978 4601 uyt-

1040 4600 1219 4719 gheven
1279 4600 1505 4719 ſeechere
1577 4600 2007 4719 VVapen-honſt,
2066 4600 2329 4719 beſtaende
2377 4600 2400 4719 in
2472 4600 2723 4719 Figuren,
2782 4600 2854 4719 met
2902 4600 3140 4719 regulen,
3188 4600 3630 4719 aenvoiiſinghen
3689 4600 3809 4719 ende
3856 4600 4238 4719 leer-ſtuchen,
4298 4600 4727 4719 gheintituleert
4823 4600 4978 4719 Aca-

595 4718 832 4846 demie
914 4718 973 4846 de
1103 4718 1233 4846 G1R
1304 4718 1482 4846 ARD
1612 4718 2144 4846 THIBAVLT
2262 4718 2664 4846 d’Anvers,
2735 4718 2782 4846 ou
2853 4718 2900 4846 ſe
2983 4718 3538 4846 demonſtrent
3609 4718 3751 4846 d’un
3834 4718 4070 4846 cercle
4153 4718 4602 4846 myſterieus
4649 4718 4697 4846 la
4756 4718 4980 4846 theo-

574 4843 673 4974 rie
784 4843 784 4974 &
846 4843 1304 4974 praicque
1378 4843 1489 4974 des
1551 4843 1761 4974 vrais,
1872 4843 1872 4974 &
1922 4843 2243 4974 juſques
2305 4843 2305 4974 à
2367 4843 2676 4974 preſent
2725 4843 3121 4974 incognus
3170 4843 3467 4974 ſecrets
3528 4843 3578 4974 du
3689 4843 4146 4974 maniement
4233 4843 4332 4974 des
4406 4843 4666 4974 Armes
4727 4843 4740 4974 à
4814 4843 4987 4974 pied

631 4977 643 5102 &
702 4977 702 5102 à
784 4977 1067 5102 cheval.
1184 4977 1537 5102 Verbiedende
1584 4977 1702 5102 allen
1749 4977 1867 5102 ende
1914 4977 1984 5102 een
2055 4977 2349 5102 yeghelijc
2396 4977 2773 5102 Ingheſetenen
2844 4977 2914 5102 van
2996 4977 3091 5102 deſe
3161 4977 3397 5102 Landen,
3467 4977 3503 5102 de
3550 4977 3914 5102 voorſchreven
3997 4977 4444 5102 VVapen-honſte
4491 4977 4668 5102 binnen
4726 4977 4785 5102 den
4844 4977 4985 5102 voor-

572 5094 811 5228 ſchreven
859 5094 991 5228 tiidt
1027 5094 1110 5228 van
1182 5094 1362 5228 dertich
1421 5094 1601 5228 laren,
1660 5094 1936 5228 directelijc
2019 5094 2127 5228 ofte
2163 5094 2593 5228 indirelelijc,
2629 5094 2713 5228 int
2785 5094 2976 5228 geheel,
3024 5094 3119 5228 ofte
3179 5094 3239 5228 ten
3311 5094 3454 5228 deele,
3514 5094 3538 5228 in
3598 5094 3598 5228 t
3658 5094 3789 5228 groot
3837 5094 3933 5228 ofte
3968 5094 4064 5228 int
4112 5094 4303 5228 éleyne,
4351 5094 4399 5228 na
4447 5094 4483 5228 te
4566 5094 4817 5228 Druchen,
4865 5094 4985 5228 ende

567 5226 644 5349 uyt
688 5226 732 5349 te
786 5226 994 5349 gheven,
1038 5226 1137 5349 ofte
1181 5226 1356 5349 elders
1400 5226 1443 5349 na
1509 5226 1827 5349 ghedruct,
1882 5226 1980 5349 bier
2024 5226 2057 5349 te
2133 5226 2298 5349 Lande
2342 5226 2374 5349 te
2418 5226 2681 5349 brenghen
2736 5226 2791 5349 om
2845 5226 3053 5349 veroft
3108 5226 3141 5349 te
3207 5226 3459 5349 vvorden,
3502 5226 3535 5349 by
3590 5226 3864 5349 verbeurte
3919 5226 3995 5349 van
4061 5226 4138 5349 alle
4203 5226 4236 5349 de
4280 5226 4729 5349 na-ghedructe
4784 5226 4970 5349 exem-

578 5349 777 5478 plaren,
822 5349 944 5478 ende
999 5349 1542 5478 daer-en-bovenvan
1608 5349 1641 5478 de
1686 5349 1863 5478 ſomme
1907 5349 1996 5478 van
2062 5349 2251 5478 neghen
2306 5349 2527 5478 hondert
2583 5349 2815 5478 guldens;
2882 5349 3214 5478 tappliceren
3258 5349 3325 5478 een
3391 5349 3702 5478 derdendeel
3757 5349 3857 5478 daer
3923 5349 4001 5478 van
4067 5349 4134 5478 ten
4200 5349 4422 5478 behoeve
4488 5349 4577 5478 van
4632 5349 4698 5478 den
4776 5349 4975 5478 Officier

584 5477 637 5596 die
701 5477 732 5596 de
775 5477 1019 5596 calangie
1083 5477 1178 5596 doen
1221 5477 1316 5596 ſal,
1359 5477 1433 5596 het
1476 5477 1699 5596 tvveede
1752 5477 2070 5596 derdendeel
2113 5477 2177 5596 ten
2230 5477 2453 5596 beoeve
2495 5477 2580 5596 van
2644 5477 2676 5596 de
2729 5477 2930 5596 armen,
2973 5477 3090 5596 ende
3143 5477 3217 5596 het
3260 5477 3557 5596 reſterende
3621 5477 3929 5596 derdendeel
3960 5477 4035 5596 ten
4088 5477 4311 5596 behoeve
4353 5477 4438 5596 van
4502 5477 4534 5596 de
4587 5477 4969 5596 voorſchreven

571 5602 956 5720 erfghenamen
1016 5602 1101 5720 van
1209 5602 1498 5720 Girardo
1595 5602 1980 5720 Thibault.
2101 5602 2329 5720 Ghedaen
2390 5602 2414 5720 in
2486 5602 3028 5720 s’Graven-Haghe
3064 5602 3112 5720 op
3173 5602 3474 5720 denvjfden
3534 5602 3667 5720 Iunij
3727 5602 4221 5720 ſeſthien-hondert
4257 5602 4401 5720 ſeven
4450 5602 4486 5720 en
4534 5602 4835 5720 tvvintich.

1632 3487 1868 3589 Seignées
1922 3487 2008 3589 par
2050 3487 2083 3589 le
2168 3487 2244 3589 Roy
2297 3487 2340 3589 en
2394 3487 2458 3589 ſon
2544 3487 2737 3589 Conſeil
2823 3487 3124 3589 Perrochet,
3199 3487 3209 3589 &
3242 3487 3435 3589 ſeellees
3499 3487 3531 3589 du
3596 3487 3768 3589 grand
3800 3487 3907 3589 ſeau
3982 3487 4014 3589 de
4057 3487 4089 3589 ſa
4208 3487 4401 3589 Maiesté

1840 3585 1873 3688 en
1930 3585 2027 3688 cire
2068 3585 2231 3688 jaune
2296 3585 2296 3688 à
2353 3585 2516 3688 queue
2564 3585 2865 3688 pendan.

1904 6028 1992 6135 Ter
2031 6028 2410 6135 ordonnantie
2478 6028 2566 6135 van
2634 6028 2673 6135 de
2761 6028 3228 6135 Hooch-ghemelte
3325 6028 3481 6135 Heeren
3549 6028 3724 6135 Staten
3821 6028 4065 6135 Generael

1577 1589 1666 1811 Ar
1755 1589 2022 1811 grace
2178 1589 2178 1811 &
2312 1589 2802 1811 Privilege
2891 1589 2958 1811 du
3136 1589 3359 1811 Roy,
3426 1589 3470 1811 il
3559 1589 3582 1811 a
3671 1589 3849 1811 eſté
3938 1589 4317 1811 permis
4495 1589 4495 1811 &
4584 1589 5007 1811 oroyé

1476 1793 1476 1950 à
1592 1793 1853 1950 Gerard
1940 1793 2317 1950 Thibault
2375 1793 2578 1950 natif
2651 1793 3086 1950 d’Anvers,
3158 1793 3652 1950 d’imprimer
3710 1793 4000 1950 vendre
4116 1793 4116 1950 &
4203 1793 4493 1950 debiter
4565 1793 4609 1950 le
4681 1793 4986 1950 preſent

1472 1944 1648 2086 livre
1742 1944 1756 2086 &
1823 1944 2134 2086 figures,
2188 1944 2242 2086 en
2323 1944 2417 2086 tel
2485 1944 2890 2086 charaer
2998 1944 2998 2086 &
3052 1944 3376 2086 volume
3444 1944 3579 2086 que
3646 1944 3781 2086 bon
3849 1944 3970 2086 luy
4024 1944 4456 2086 ſemblera,
4497 1944 4619 2086 par
4673 1944 4848 2086 tous
4889 1944 4983 2086 les

1516 2084 1968 2228 Royaumes
2038 2084 2221 2228 pays
2278 2084 2518 2228 terres
2616 2084 2616 2228 &
2687 2084 3194 2228 Seigneuries
3279 2084 3335 2228 de
3406 2084 3448 2228 ſa
3603 2084 3928 2228 Majeſté,
4012 2084 4379 2228 pandant
4449 2084 4506 2228 le
4576 2084 4844 2228 temps
4929 2084 4985 2228 de

1477 2223 1654 2369 neuf
1722 2223 1844 2369 ans
1912 2223 1912 2369 à
1994 2223 2361 2369 compter
2457 2223 2511 2369 du
2593 2223 2756 2369 jour
2838 2223 3001 2369 qu’il
3056 2223 3192 2369 ſera
3273 2223 3559 2369 achevé
3641 2223 4185 2369 d’imprimer:
4240 2223 4417 2369 avec
4512 2223 4907 2369 deffences
4975 2223 4989 2369 à

1473 2364 1742 2510 toutes
1809 2364 2267 2510 perſonnes
2348 2364 2401 2510 de
2496 2364 2832 2510 quelque
2913 2364 3182 2510 qualité
3290 2364 3303 2510 &
3357 2364 3774 2510 condition
3882 2364 4084 2510 qu’ils
4151 2364 4461 2510 ſoyent,
4568 2364 4622 2510 de
4703 2364 4999 2510 vendre

647 2505 647 2650 &
717 2505 1022 2650 debiter
1063 2505 1313 2650 ledi
1355 2505 1535 2650 livre
1590 2505 1757 2650 part
1812 2505 1882 2650 ou
1951 2505 2256 2650 portion
2353 2505 2714 2650 d’iceluy,
2741 2505 2922 2650 avec
2963 2505 3282 2650 leſdites
3338 2505 3629 2650 figures
3684 2505 3740 2650 ou
3809 2505 3976 2650 ſans
4017 2505 4308 2650 icelles,
4364 2505 4489 2650 ſoit
4544 2505 4738 2650 taille
4821 2505 5002 2650 dou-

604 2647 697 2789 ce,
764 2647 831 2789 de
884 2647 1084 2789 bois,
1138 2647 1245 2789 eau
1311 2647 1552 2789 forte,
1619 2647 1672 2789 de
1725 2647 1819 2789 les
1872 2647 2166 2789 pocher
2233 2647 2300 2789 ou
2380 2647 2887 2789 contrefaire,
2941 2647 2994 2789 ou
3074 2647 3368 2789 vendre
3408 2647 3728 2789 leſdites
3782 2647 4076 2789 figures
4116 2647 4356 2789 ſeules
4423 2647 4490 2789 ou
4556 2647 4730 2789 avec
4783 2647 4997 2789 ſom-

621 2785 823 2929 maire
899 2785 962 2929 de
1025 2785 1088 2929 ce
1177 2785 1480 2929 qu’elles
1544 2785 2138 2929 repreſentent,
2201 2785 2327 2929 ſoit
2391 2785 2909 2929 ſeparement
2985 2785 3048 2929 ou
3149 2785 3908 2929 conjoinement,
3971 2785 4072 2929 ſur
4148 2785 4338 2929 pene
4414 2785 4477 2929 au
4565 2785 4983 2929 contreve-

591 2924 788 3071 nant
858 2924 915 3071 de
971 2924 1182 3071 perte
1267 2924 1365 3071 des
1422 2924 1985 3071 exemplaires,
2083 2924 2097 3071 &
2168 2924 2224 3071 de
2295 2924 2773 3071 cincqmille
2816 2924 3041 3071 livres
3111 2924 3562 3071 d’amande;
3646 2924 3886 3071 moitie
3942 2924 4392 3071 applicable
4449 2924 4449 3071 à
4505 2924 4547 3071 ſa
4688 2924 4998 3071 Majeſté,

647 3066 647 3210 &
715 3066 974 3210 l’autre
1042 3066 1315 3210 audit
1410 3066 1833 3210 Thibault;
1915 3066 2242 3210 comme
2310 3066 2473 3210 plus
2528 3066 2542 3210 a
2610 3066 2800 3210 plein
2896 3066 2978 3210 eſt
3046 3066 3264 3210 porté
3318 3066 3455 3210 aux
3509 3066 3782 3210 lettres
3836 3066 3945 3210 ſur
4013 3066 4082 3210 ce
4136 3066 4572 3210 obtenues,
4640 3066 4995 3210 données

592 3204 592 3350 à
678 3204 865 3350 Paris
894 3204 951 3350 le
1037 3204 1195 3350 xx1.
1252 3204 1425 3350 jour
1511 3204 1568 3350 de
1669 3204 2142 3350 Decembre,
2185 3204 2300 3350 l’an
2400 3204 2458 3350 de
2544 3204 2745 3350 grace
2845 3204 2946 3350 mil
2989 3204 3075 3350 ſix
3147 3204 3305 3350 cent
3362 3204 3620 3350 vingt,
3735 3204 3749 3350 &
3821 3204 3879 3350 du
3965 3204 4194 3350 regne
4266 3204 4539 3350 dudi
4610 3204 4998 3350 Seigneur

588 3346 629 3488 le
711 3346 1231 3488 quatrieſme.

1265 1167 2245 1359 EXTRAICT
2516 1167 2704 1359 DU
2933 1167 3976 1359 PRIVILEGE
4226 1167 4247 1359 D

2053 1348 2311 1479 ROY
2540 1348 2669 1479 DE
2870 1348 3558 1479 FRANCE.

3064 6206 3088 6294 I.
3195 6206 3290 6294 van
3469 6206 3552 6294 G0o
3683 6206 3754 6294 1H.

2638 5818 2875 5938 Gaſpar
2941 5818 3046 5938 van
3152 5818 3652 5938 Vosberghen
3784 5818 3836 5938 Vt.

1796 3990 2039 4110 PR
2225 3990 2468 4110 IV
2655 3990 3552 4110 ILEGI
3776 3990 3832 4110 E.
