5728 7564
1731 710 2021 929 Ource
2136 710 2310 929 que
2387 710 2464 929 le
2561 710 3159 929 ſpeateur
3255 710 3892 929 trouveroit
3988 710 4509 929 eſtrange,
4663 710 4818 929 que
4914 710 5126 929 plu-

1612 911 1834 1064 ſieurs
1890 911 2195 1064 Images
2251 911 2320 1064 ne
2376 911 2543 1064 ſont
2598 911 2987 1064 fixement
3043 911 3320 1064 poſées
3362 911 3473 1064 ſur
3515 911 3557 1064 le
3612 911 4168 1064 fondement,
4209 911 4376 1064 tant
4432 911 4487 1064 au
4584 911 4821 1064 deſſus
4890 911 5084 1064 qu’au

1634 1056 1993 1202 deſſoubs
2059 1056 2112 1202 de
2165 1056 2616 1202 l’Horiſo:
2656 1056 2855 1202 nous
2895 1056 3147 1202 avons
3187 1056 3466 1202 trouvé
3519 1056 3665 1202 bon
3758 1056 3811 1202 de
3864 1056 4289 1202 l’advertir,
4355 1056 4514 1202 qu’il
4567 1056 4660 1202 les
4713 1056 4872 1202 faut
4939 1056 5111 1202 con-

1620 1196 1857 1341 cevoir
1950 1196 2266 1341 comme
2345 1196 2582 1341 eſtant
2661 1196 3108 1341 deſpeintes
3174 1196 3306 1341 aux
3411 1196 3819 1341 murailles;
3911 1196 4043 1341 cela
4109 1196 4359 1341 eſtant
4425 1196 4543 1341 fait
4609 1196 4622 1341 à
4701 1196 4912 1341 cauſe
5004 1196 5109 1341 des

1666 1337 1946 1477 Cercles
2002 1337 2352 1477 inegaux
2408 1337 2576 1477 tant
2646 1337 2703 1477 au
2815 1337 3039 1477 deſſus
3137 1337 3193 1477 de
3249 1337 3655 1477 l’Horiſon
3753 1337 3880 1477 que
3950 1337 4062 1477 ſur
4118 1337 4174 1477 le
4244 1337 4454 1477 plan,
4510 1337 4706 1477 pour
4748 1337 4790 1477 la
4846 1337 5113 1477 repre-

1605 1473 1987 1616 ſentation
2069 1473 2232 1616 plus
2301 1473 2737 1616 commode
2819 1473 2874 1616 de
2928 1473 2969 1616 la
3051 1473 3433 1616 dorine,
3542 1473 3542 1616 &
3597 1473 3788 1616 pour
3856 1473 4443 1616 l’intelligence
4498 1473 4661 1616 plus
4730 1473 4948 1616 facile
5030 1473 5084 1616 du

748 1610 1119 1754 commun
1215 1610 1324 1754 qui
1366 1610 1764 1754 n’entend
1805 1610 1901 1754 les
1956 1610 2532 1754 perſpeives:
2574 1610 2752 1754 ainſi
2807 1610 2862 1754 au
2986 1610 3301 1754 Tableau
3397 1610 3425 1754 3.
3480 1610 3548 1754 au
3644 1610 3878 1754 deſſus
3946 1610 4084 1754 d’un
4221 1610 4221 1754 &
4303 1610 4578 1754 d’autre
4660 1610 4866 1754 coſté
4921 1610 5100 1754 ſont

760 1750 1144 1896 deſpeints
1223 1750 1263 1896 4.
1303 1750 1700 1896 hommes
1740 1750 1885 1896 aux
1938 1750 2230 1896 parois,
2335 1750 2335 1896 &
2388 1750 2441 1896 en
2521 1750 2574 1896 la
2666 1750 2878 1896 Table
2944 1750 2984 1896 5.
3037 1750 3077 1896 il
3130 1750 3143 1896 y
3196 1750 3196 1896 à
3302 1750 3567 1896 quatre
3633 1750 3884 1896 pieces
3964 1750 4017 1896 en
4096 1750 4361 1896 forme
4440 1750 4506 1896 de
4573 1750 4943 1896 peinture
5023 1750 5076 1896 au

777 1888 1016 2032 millieu
1129 1888 1185 2032 de
1241 1888 1284 2032 la
1382 1888 1706 2032 muraille
1790 1888 1847 2032 ou
1959 1888 2508 2032 maſſonnerie,
2578 1888 2930 2032 deſquels
3029 1888 3324 2032 Cercles
3380 1888 3690 2032 chaſcun
3774 1888 3971 2032 ſuffit
4042 1888 4225 2032 pour
4295 1888 4478 2032 ſoy,
4619 1888 4619 2032 &
4703 1888 4745 2032 es
4844 1888 5097 2032 Tables

761 2029 801 2171 6.
854 2029 973 2171 16.
1026 2029 1106 2171 21.
1159 2029 1251 2171 22.
1317 2029 1397 2171 25.
1503 2029 1503 2171 &
1569 2029 1662 2171 2.
1715 2029 1781 2171 au
1900 2029 2139 2171 millieu
2231 2029 2337 2171 des
2404 2029 2655 2171 toilles
2708 2029 3211 2171 peinturées,
3317 2029 3317 2171 &
3370 2029 3423 2171 au
3516 2029 3768 2171 coſtez
3808 2029 3980 2171 ſont
4059 2029 4509 2171 deſpeintes
4549 2029 4562 2171 à
4615 2029 4655 2171 la
4721 2029 5000 2171 paroy,
5053 2029 5105 2171 es

762 2167 1028 2310 Tables
1082 2167 1135 2310 7.
1228 2167 1241 2310 &
1294 2167 1388 2310 27.
1481 2167 1640 2310 faut
1720 2167 2106 2310 entendre
2199 2167 2319 2310 que
2385 2167 2518 2310 cela
2585 2167 2665 2310 eſt
2731 2167 2864 2310 fait
2917 2167 2971 2310 en
3051 2167 3303 2310 forme
3396 2167 3450 2310 de
3516 2167 3849 2310 chartes,
3955 2167 3969 2310 &
4035 2167 4075 2310 en
4168 2167 4208 2310 la
4301 2167 4514 2310 Table
4580 2167 4700 2310 10.
4780 2167 4847 2310 un
4953 2167 5099 2310 tapi

728 2306 962 2447 tendu
1059 2306 1128 2447 ou
1197 2306 1445 2447 pendu
1528 2306 1583 2447 au
1693 2306 1982 2447 millieu,
2065 2306 2230 2447 dans
2272 2306 2575 2447 leſquel
2630 2306 2727 2447 les
2809 2306 3209 2447 dorines
3264 2306 3429 2447 ſont
3484 2306 3774 2447 tiſſues,
3870 2306 3981 2447 &es
4063 2306 4325 2447 Tables
4394 2306 4435 2447 5.
4532 2306 4532 2447 .
4573 2306 4683 2447 14.
4725 2306 4821 2447 17.
4863 2306 5111 2447 18.20.

730 2443 821 2587 22.
887 2443 965 2587 25.
1030 2443 1148 2587 26.
1213 2443 1318 2587 27.
1383 2443 1488 2587 28.
1553 2443 1658 2587 29.
1775 2443 1828 2587 de
1932 2443 2194 2587 meſme
2285 2443 2638 2587 deſpeint
2703 2443 2834 2587 aux
2939 2443 3344 2587 murailles,
3448 2443 3605 2587 mais
3644 2443 3736 2587 les
3814 2443 4246 2587 premieres
4311 2443 4572 2587 pieces
4625 2443 4677 2587 ſe
4768 2443 5108 2587 demon-

728 2581 967 2727 ſtrent
1046 2581 1206 2727 plus
1259 2581 1670 2727 vivement
1723 2581 1829 2727 ſur
1896 2581 1936 2727 le
2015 2581 2214 2727 fond
2281 2581 2347 2727 ou
2427 2581 2599 2727 baſe
2692 2581 2811 2727 que
2878 2581 2971 2727 les
3024 2581 3302 2727 autres,
3369 2581 3462 2727 car
3528 2581 3568 2727 la
3621 2581 3674 2727 ſe
3754 2581 3900 2727 voit
3966 2581 4006 2727 la
4085 2581 4298 2727 façon
4417 2581 4510 2727 des
4576 2581 4921 2727 accords
5001 2581 5107 2727 des

742 2722 991 2864 eſpées
1089 2722 1102 2864 &
1144 2722 1297 2864 leur
1352 2722 1754 2864 operation
1838 2722 1949 2864 par
2018 2722 2115 2864 les
2157 2722 2406 2864 lignes
2476 2722 2531 2864 du
2656 2722 2934 2864 Cercle;
2989 2722 3169 2864 pour
3253 2722 3308 2864 ce
3391 2722 3516 2864 que
3599 2722 3655 2864 en
3738 2722 4002 2864 forme
4085 2722 4584 2864 d’Eſquierre
4654 2722 4723 2864 de
4779 2722 4820 2864 la
4890 2722 5098 2864 ligne

735 2861 1166 3002 Inferieure
1247 2861 1314 3002 ou
1395 2861 1597 3002 baſe,
1677 2861 1731 3002 on
1812 2861 2081 3002 trouve
2148 2861 2216 3002 un
2283 2861 2579 3002 accord
2660 2861 2767 3002 des
2808 2861 3077 3002 lames,
3131 2861 3252 3002 fait
3319 2861 3386 3002 au
3467 2861 3669 3002 fond
3750 2861 3804 3002 ou
3938 2861 4207 3002 Cercle,
4261 2861 4369 3002 par
4436 2861 4719 3002 lequel,
4772 2861 4813 3002 le
4880 2861 5109 3002 juge-

756 2999 944 3141 ment
1032 2999 1133 3141 des
1208 2999 1673 3141 operations
1774 2999 2238 3141 mouvantes
2314 2999 2427 3141 des
2490 2999 2741 3141 eſpees
2829 2999 2942 3141 que
3005 2999 3105 3141 les
3155 2999 3444 3141 figures
3507 2999 3884 3141 tiennent
3959 2999 4010 3141 en
4135 2999 4361 3141 main,
4437 2999 4525 3141 eſt
4587 2999 4826 3141 rendu
4914 2999 5090 3141 tres-

728 3144 976 3243 facile.

978 137 2986 402 ADVERTISSEMENT
3241 137 3580 402 SVR
3891 137 4061 402 LA
4372 137 4938 402 CONSI

1470 412 2137 548 DERATION
2339 412 2525 548 DES
2696 412 3239 548 FIGVRES
3425 412 3534 548 DE
3735 412 3828 548 CE
4014 412 4402 548 LIVRE.
