2672 3578
1079 777 1079 819 C
1143 777 1614 819 ONTENANT

1216 652 1285 740 DV

1423 666 1787 726 TABLEAV

1896 658 2238 737 PREMIER

450 670 1075 726 DECLARATION

749 1378 961 1489 Homme
1003 1378 1056 1489 eſt
1088 1378 1109 1489 la
1162 1378 1268 1489 plus
1300 1378 1522 1489 parfaite
1597 1378 1597 1489 &
1628 1378 1650 1489 la
1692 1378 1808 1489 plus
1851 1378 2137 1489 excellente
2190 1378 2222 1489 de
2264 1378 2444 1489 toutes

669 1483 711 1555 les
768 1483 967 1555 Creatures
1002 1483 1023 1555 du
1101 1483 1243 1555 Monde;
1264 1483 1413 1555 auquel
1442 1483 1463 1555 ſe
1491 1483 1647 1555 trouve,
1669 1483 1796 1555 parmy
1832 1483 1881 1555 les
1895 1483 2030 1555 autres
2073 1483 2250 1555 marques
2285 1483 2314 1555 de
2335 1483 2349 1555 la
2385 1483 2434 1555 ſa-

683 1552 766 1624 geſſe
808 1552 939 1624 divine,
960 1552 1029 1624 une
1057 1552 1078 1624 ſi
1105 1552 1258 1624 exquiſe
1285 1552 1597 1624 repreſentation
1652 1552 1680 1624 de
1708 1552 1798 1624 tout
1818 1552 2047 1624 lVnivers,
2082 1552 2102 1624 en
2151 1552 2199 1624 ſon
2248 1552 2365 1624 entier
2428 1552 2435 1624 &

678 1623 700 1696 en
736 1623 781 1696 ſes
803 1623 1045 1696 principales
1075 1623 1229 1696 parties,
1266 1623 1288 1696 qu
1325 1623 1391 1696 ilen
1421 1623 1428 1696 a
1472 1623 1538 1696 eſte
1560 1623 1715 1696 appelle
1737 1623 1737 1696 à
1766 1623 1840 1696 bon
1891 1623 1980 1696 droit
2002 1623 2068 1696 par
2090 1623 2141 1696 les
2156 1623 2325 1696 anciens
2362 1623 2436 1696 Phi-

670 1692 852 1764 loſophes
920 1692 1186 1764 Microcoſme,
1216 1692 1223 1764 c
1254 1692 1314 1764 eſta
1367 1692 1443 1764 dire,
1458 1692 1481 1764 le
1519 1692 1610 1764 Petit
1671 1692 1814 1764 Monde.
1868 1692 2057 1764 Caroutre
2080 1692 2095 1764 la
2140 1692 2284 1764 dignite
2322 1692 2352 1764 de
2383 1692 2428 1764 ła-

681 1761 736 1835 me,
778 1761 826 1835 qui
847 1761 847 1835 a
889 1761 965 1835 tant
1006 1761 1020 1835 di
1034 1761 1256 1835 avantages
1276 1761 1339 1835 par
1380 1761 1491 1835 deſſus
1519 1761 1609 1835 tout
1636 1761 1664 1835 ce
1706 1761 1754 1835 qui
1789 1761 1823 1835 eſt
1851 1761 2079 1835 periſſable,
2107 1761 2156 1835 ſon
2204 1761 2308 1835 corps
2343 1761 2426 1835 con-

232 1831 331 1899 tient
356 1831 386 1899 un
423 1831 614 1899 abbreg,
639 1831 700 1899 non
737 1831 971 1899 ſeulement
1008 1831 1039 1899 de
1064 1831 1150 1899 tout
1187 1831 1212 1899 ce
1249 1831 1341 1899 quon
1384 1831 1458 1899 voit
1483 1831 1526 1899 icy
1563 1831 1630 1899 bas
1655 1831 1680 1899 en
1717 1831 1828 1899 terre,
1871 1831 1951 1899 mais
1981 1831 2135 1899 encores
2179 1831 2203 1899 de
2234 1831 2265 1899 ce
2302 1831 2351 1899 qui
2382 1831 2425 1899 eſt

228 1896 261 1966 au
339 1896 397 1966 Ciel
436 1896 586 1966 meſme;
612 1896 898 1966 repreſentant
917 1896 943 1966 le
969 1896 1054 1966 tout
1073 1896 1171 1966 avec
1190 1896 1268 1966 une
1288 1896 1522 1966 harmonie,
1548 1896 1736 1966 ſidouce,
1756 1896 1879 1966 belle,
1931 1896 1938 1966 &
1964 1896 2126 1966 entiere,
2172 1896 2178 1966 &
2198 1896 2289 1966 avec
2315 1896 2393 1966 une
2413 1896 2432 1966 ſi

226 1963 323 2033 juſte
356 1963 615 2033 convenance
654 1963 686 2033 de
745 1963 939 2033 Nombres,
998 1963 1160 2033 Meſures,
1205 1963 1212 2033 &
1251 1963 1361 2033 Poids,
1393 1963 1445 2033 qui
1465 1963 1491 2033 ſe
1523 1963 1763 2033 rapportent
1789 1963 2236 2033 ſimerveilleuſement
2256 1963 2327 2033 aux
2360 1963 2425 2033 ver-

234 2031 286 2101 tus
325 2031 370 2101 des
429 2031 559 2101 Quatre
611 2031 819 2101 Llements,
871 2031 877 2101 &
890 2031 968 2101 aux
988 2031 1222 2101 influences
1254 2031 1300 2101 des
1345 2031 1534 2101 Planetes,
1573 2031 1592 2101 qu
1631 2031 1644 2101 il
1670 2031 1794 2101 nesen
1833 2031 1976 2101 trouve
1995 2031 2099 2101 nulle
2125 2031 2236 2101 autre
2262 2031 2431 2101 ſembla-

228 2098 303 2173 ble.
392 2098 515 2173 Letres
550 2098 687 2173 parfait
714 2098 892 2173 nombre
926 2098 954 2173 de
1008 2098 1056 2173 Dix
1084 2098 1221 2173 luyeſt
1255 2098 1632 2173 continuellement
1652 2098 1885 2173 repreſente
1926 2098 2056 2173 devant
2084 2098 2125 2173 les
2159 2098 2275 2173 veux,
2303 2098 2323 2173 en
2364 2098 2412 2173 ſon

239 2170 357 2242 entier
378 2170 433 2242 ſur
461 2170 509 2242 ſes
530 2170 696 2242 propres
738 2170 876 2242 doigts:
925 2170 932 2242 &
966 2170 1202 2242 derechefen
1257 2170 1534 2242 deuxmoitiez
1576 2170 1694 2242 egales
1728 2170 1784 2242 ſur
1811 2170 1860 2242 ſes
1908 2170 1998 2242 deux
2040 2170 2165 2242 mains,
2192 2170 2192 2242 à
2234 2170 2435 2242 chaſcune

236 2240 298 2315 par
321 2240 546 2315 lenombre
585 2240 616 2315 de
670 2240 755 2315 Cinq
794 2240 933 2315 dogts
972 2240 1026 2315 qui
1049 2240 1134 2315 ſont
1173 2240 1351 2315 derechef
1382 2240 1498 2315 partis
1529 2240 1816 2315 inegalement
1839 2240 1901 2315 par
1924 2240 1947 2315 le
1971 2240 2133 2315 poulce.
2180 2240 2180 2315 &
2203 2240 2311 2315 parle
2342 2240 2435 2315 reſte

246 2309 261 2387 en
332 2309 356 2387 Vn
427 2309 434 2387 &
490 2309 631 2387 Quatre,
670 2309 757 2387 dont
781 2309 946 2387 lVneſt
977 2309 1166 2387 compoſe
1205 2309 1237 2387 de
1292 2309 1559 2387 Deuxarticles
1622 2309 1630 2387 &
1654 2309 1701 2387 les
1756 2309 1882 2387 Qatre
1921 2309 1952 2387 de
2000 2309 2110 2387 Trois:
2157 2309 2188 2387 de
2212 2309 2322 2387 ſacon
2377 2309 2432 2387 que

237 2380 332 2449 ceſte
358 2380 560 2449 ſtructure
586 2380 757 2449 lumet
782 2380 984 2449 touſiours
1016 2380 1035 2449 en
1079 2380 1168 2449 veue
1193 2380 1238 2449 les
1263 2380 1459 2449 premiers
1510 2380 1516 2449 &
1542 2380 1624 2449 plus
1656 2380 1864 2449 excellents
1934 2380 2124 2449 Nombres
2168 2380 2168 2449 .
2194 2380 2213 2449 2.
2238 2380 2257 2449 3.
2295 2380 2314 2449 4.
2339 2380 2358 2449 5.
2377 2380 2428 2449 I0.

251 2447 338 2519 dont
360 2447 447 2519 tant
483 2447 686 2519 diIlluſtres
730 2447 990 2519 Philoſophes,
1027 2447 1186 2519 comme
1222 2447 1476 2519 Pythagoras,
1534 2447 1534 2519 &
1570 2447 1715 2519 Platon,
1766 2447 1773 2519 &
1795 2447 1882 2519 tout
1918 2447 2005 2519 ceux
2041 2447 2070 2519 de
2092 2447 2193 2519 leurs
2244 2447 2425 2519 Lſcholes,

243 2517 305 2591 ont
326 2517 396 2591 fait
416 2517 499 2591 tant
534 2517 541 2591 d
569 2517 714 2591 eſtime,
749 2517 839 2591 quils
867 2517 971 2591 yont
1005 2517 1102 2591 voulu
1151 2517 1296 2591 cacher,
1338 2517 1345 2591 &
1373 2517 1393 2591 en
1449 2517 1601 2591 deduire
1622 2517 1671 2591 les
1691 2517 1775 2591 plus
1809 2517 1948 2591 grands
1989 2517 2170 2591 myſteres
2204 2517 2239 2591 de
2260 2517 2336 2591 leur
2377 2517 2426 2591 do-

239 2587 383 2662 ctrine.
498 2587 505 2662 n
556 2587 657 2662 outre
700 2587 715 2662 on
772 2587 844 2662 voit
866 2587 931 2662 auſ
1010 2587 1025 2662 en
1075 2587 1090 2662 la
1119 2587 1342 2662 longueur.
1364 2587 1530 2662 largeur,
1580 2587 1587 2662 &
1616 2587 1804 2662 eſpeſſeur
1847 2587 1869 2662 de
1905 2587 1934 2662 ce
1977 2587 2114 2662 meſme
2143 2587 2265 2662 corps.
2301 2587 2366 2662 que
2388 2587 2431 2662 les

256 2657 416 2727 meſures
476 2657 563 2727 ſont
583 2657 849 2727 ſijuſtement
896 2657 1116 2727 obſervees,
1156 2657 1216 2727 que
1249 2657 1296 2727 les
1323 2657 1409 2727 plus
1449 2657 1583 2727 grands
1623 2657 1889 2727 Architectes
1923 2657 2103 2727 Anciens
2156 2657 2163 2727 &
2236 2657 2430 2727 Modernes

239 2726 239 2799 n
288 2726 344 2799 ont
372 2726 442 2799 ſceu
491 2726 801 2799 choiſiraucune
836 2726 941 2799 choſe
969 2726 997 2799 au
1082 2726 1208 2799 Monde
1229 2726 1313 2799 plus
1334 2726 1475 2799 propre
1503 2726 1601 2799 pour
1622 2726 1707 2799 leur
1728 2726 1840 2799 ſervir
1882 2726 1903 2799 de
1931 2726 2051 2799 regle,
2072 2726 2163 2799 ſelon
2205 2726 2374 2799 laquelle
2395 2726 2430 2799 ils

251 2795 425 2868 deuſſent
445 2795 598 2868 former
619 2795 665 2868 les
699 2795 986 2868 ordonnances
1026 2795 1053 2868 de
1073 2795 1173 2868 leurs
1206 2795 1400 2868 ouvrages,
1440 2795 1507 2868 que
1540 2795 1567 2868 ce
1593 2795 1674 2868 ſeul
1700 2795 1834 2868 patron
1894 2795 1921 2868 de
1954 2795 2181 2868 lhomme;
2214 2795 2361 2868 auquel
2395 2795 2428 2868 ils

252 2866 305 2937 ont
332 2866 545 2937 remarque
572 2866 645 2937 une
678 2866 932 2937 perpetuelle
958 2866 1191 2937 proportion
1251 2866 1385 2937 gardee
1425 2866 1451 2937 de
1518 2866 1578 2937 Dieu
1644 2866 1778 2937 meſme
1824 2866 1844 2937 en
1884 2866 1904 2937 la
1944 2866 2131 2937 fabrique
2164 2866 2191 2937 du
2231 2866 2357 2937 corps;
2384 2866 2431 2937 la-

253 2935 367 3007 quelle
402 2935 431 3007 ils
473 2935 530 3007 ont
565 2935 693 3007 prinſe
728 2935 750 3007 en
806 2935 998 3007 exemple,
1026 2935 1126 3007 pour
1154 2935 1353 3007 faconner
1381 2935 1381 3007 à
1452 2935 1658 3007 advenant
1686 2935 1736 3007 les
1771 2935 2091 3007 Architectures
2126 2935 2169 3007 des
2232 2935 2431 3007 Temples,

266 3002 452 3075 Theatres,
488 3002 847 3075 Amphitheatres,
890 3002 1005 3075 Palais,
1055 3002 1177 3075 Tours,
1228 3002 1429 3075 Vaiſſeaux,
1486 3002 1486 3075 &
1500 3002 1637 3075 autres
1665 3002 1960 3075 Inſtruments,
1988 3002 2053 3075 ſoit
2089 3002 2118 3075 de
2139 3002 2247 3075 paix,
2283 3002 2355 3075 ſoit
2398 3002 2426 3075 de

253 3075 394 3147 guerre,
421 3075 482 3147 non
522 3075 752 3147 ſeulement
779 3075 799 3147 en
839 3075 920 3147 leur
947 3075 1082 3147 entier,
1123 3075 1197 3147 mais
1217 3075 1318 3147 auſsi
1345 3075 1365 3147 en
1413 3075 1608 3147 chaſcune
1649 3075 1696 3147 des
1723 3075 1966 3147 principales
1986 3075 2141 3147 parties,
2202 3075 2424 3147 Colomnes,

253 3145 456 3215 Poſteaux,
512 3145 764 3215 Chapiteaux,
806 3145 1050 3215 Piedeſtaux,
1099 3145 1106 3215 &
1120 3145 1253 3215 autres
1295 3145 1491 3215 membres
1512 3145 1770 3215 ſemblables.
1854 3145 1959 3215 Ainſi
1980 3145 2015 3215 lit
2050 3145 2106 3215 on,
2155 3145 2211 3215 que
2246 3145 2274 3215 le
2330 3145 2428 3215 Tem-

242 3212 299 3286 ple
334 3212 363 3286 de
398 3212 605 3286 Salomon.
633 3212 654 3286 ce
690 3212 804 3286 grand
839 3212 1053 3286 ornement
1102 3212 1110 3286 &
1152 3212 1294 3286 miracle
1330 3212 1358 3286 de
1380 3212 1394 3286 la
1451 3212 1707 3286 Republique
1735 3212 1949 3286 floriſſante
1991 3212 2034 3286 des
2062 3212 2169 3286 Iuifs,
2183 3212 2183 3286 a
2226 3212 2290 3286 eſte
2332 3212 2432 3286 com-

245 3282 342 3358 paſſe
364 3282 454 3358 ſelon
499 3282 596 3358 ceſte
641 3282 768 3358 meſme
798 3282 1067 3358 proportion:
1112 3282 1141 3358 Et
1179 3282 1231 3358 qui
1254 3282 1336 3358 plus
1366 3282 1425 3358 eſt,
1463 3282 1523 3358 que
1582 3282 1642 3358 Dieu
1702 3282 1829 3358 meſme
1851 3282 1986 3358 auroit
2016 3282 2270 3358 commande
2300 3282 2330 3358 au
2389 3282 2427 3358 Pa-

246 3353 418 3435 triarche
478 3353 546 3435 Noẽ,
576 3353 838 3435 enbaſtiſſant
905 3353 1048 3435 Arche,
1093 3353 1295 3435 denſuivre
1317 3353 1332 3435 la
1392 3353 1527 3435 meſme
1565 3353 1677 3435 regle.
1752 3353 1805 3435 Car
1842 3353 1924 3435 tout
1954 3353 2052 3435 ainſi
2097 3353 2157 3435 que
2187 3353 2209 3435 le
2254 3353 2359 3435 corps
2404 3353 2434 3435 de

2231 3426 2426 3475 lhomme

405 851 481 962 Les
514 851 871 962 proportions
926 851 947 962 du
1012 851 1153 962 corps
1207 851 1251 962 de
1272 851 1554 962 lhomme.
1598 851 1901 962 rapportέes
1934 851 2010 962 àla
2053 851 2215 962 figure
2270 851 2302 962 de

625 955 807 1063 noſtre
875 955 1045 1063 Cercle,
1124 955 1124 1063 &
1147 955 1385 1063 aàlaiuſte
1419 955 1692 1063 longueur
1748 955 1782 1063 de
1816 955 2032 1063 lEſpee.

557 1116 722 1189 Diſcours
766 1116 787 1189 de
816 1116 1067 1189 lexcellence
1117 1116 1125 1189 &
1146 1116 1362 1189 perfection
1419 1116 1448 1189 de
1477 1116 1692 1189 lhomme,
1742 1116 1936 1189 declarant
1979 1116 2044 1189 que
2065 1116 2116 1189 ſon

619 1186 724 1260 corps
753 1186 798 1260 eſt
828 1186 1089 1260 exactement
1119 1186 1312 1260 compaſſe
1350 1186 1409 1260 par
1476 1186 1678 1260 Nombres,
1722 1186 1842 1260 Poids,
1901 1186 1909 1260 &
1976 1186 2140 1260 Meſures,

601 1256 726 1330 ayant
767 1256 816 1330 des
850 1256 1134 1330 mouvements
1176 1256 1231 1330 qui
1259 1256 1287 1330 ſe
1321 1256 1563 1330 rapportent
1591 1256 1598 1330 à
1633 1256 1647 1330 la
1688 1256 1813 1330 figure
1875 1256 2090 1330 Circulaire.
