7236 8644
3296 692 3850 824 LIVRE
4127 692 5006 824 PREMIER

1920 862 2307 1012 l’homme
2373 862 2733 1012 contient
2800 862 2920 1012 ;oo
3026 862 3346 1012 minutes
3400 862 3453 1012 en
3520 862 3973 1012 longueur;
4026 862 4213 1012 5oen
4279 862 4639 1012 largeur;
4733 862 4746 1012 &
4799 862 4853 1012 ;o
4932 862 4972 1012 en
5066 862 5439 1012 eſpeſſeur
5492 862 5612 1012 par
5652 862 5706 1012 le
5799 862 6012 1012 milieu
6105 862 6159 1012 de
6225 862 6265 1012 la

1934 1001 2323 1153 poitrine:
2377 1001 2551 1153 auſſi
2605 1001 3168 1153 pareillement
3209 1001 3812 1153 l’ordonnance
3893 1001 3947 1153 de
4000 1001 4322 1153 l’Arche
4376 1001 4577 1153 aeſté
4644 1001 4805 1153 faite
4859 1001 4872 1153 à
4953 1001 5489 1153 3oocoudées
5583 1001 5637 1153 de
5677 1001 6147 1153 longueur;
6214 1001 6281 1153 50

1950 1138 2005 1288 de
2060 1138 2403 1288 largeur;
2512 1138 2512 1288 &
2567 1138 2773 1288 3ode
2828 1138 3212 1288 hauteur:
3294 1138 3349 1288 de
3403 1138 3595 1288 ſorte
3664 1138 3856 1288 qu’en
3924 1138 4048 1288 l’un
4171 1138 4185 1288 &
4240 1138 4281 1288 en
4349 1138 4623 1288 l’autre
4664 1138 4706 1288 la
4760 1138 5172 1288 longueur
5240 1138 5322 1288 eſt
5364 1138 5459 1288 ſix
5514 1138 5638 1288 fois
5693 1138 5994 1288 autant,
6063 1138 6186 1288 que
6241 1138 6282 1288 la

1916 1269 2261 1425 largeur,
2354 1269 2368 1425 &
2434 1269 2527 1425 dix
2580 1269 2753 1425 fois,
2820 1269 2952 1425 que
2992 1269 3032 1425 la
3099 1269 3643 1425 profondeur.
3803 1269 3909 1425 Qui
3962 1269 4042 1425 eſt
4108 1269 4241 1425 une
4308 1269 4826 1425 proportion,
4906 1269 5079 1425 dont
5132 1269 5318 1425 nous
5384 1269 5623 1425 avons
5690 1269 6102 1425 touſiours
6181 1269 6288 1425 de¬

1920 1414 2089 1560 vant
2149 1414 2270 1560 nos
2330 1414 2523 1560 yeux
2559 1414 2655 1560 les
2704 1414 3138 1560 nombres,
3234 1414 3246 1560 &
3295 1414 3391 1560 les
3439 1414 3813 1560 pouvons
3861 1414 4054 1560 nous
4127 1414 4621 1560 demonſtrer
4694 1414 5164 1560 clairement
5212 1414 5321 1560 ſur
5369 1414 5502 1560 nos
5562 1414 5863 1560 doigts,
5936 1414 5984 1560 où
6092 1414 6285 1560 nous

1912 1550 2148 1698 avons
2213 1550 2633 1698 couſtume
2711 1550 3236 1698 d’apprendre
3288 1550 3380 1698 les
3432 1550 3865 1698 premieres
3904 1550 4179 1698 leçons
4258 1550 4310 1698 de
4349 1550 5044 1698 l’Arithmetique
5109 1550 5529 1698 naturelle.
5686 1550 5778 1698 Car
5856 1550 5896 1698 la
5974 1550 6276 1698 ſomme

1925 1689 2257 1837 entiere,
2326 1689 2436 1837 qui
2505 1689 2546 1837 en
2657 1689 2740 1837 eſt
2850 1689 2919 1837 o,
2988 1689 3223 1837 eſtant
3333 1689 3747 1837 multipliée
3816 1689 3941 1837 par
4010 1689 4037 1837 3,
4092 1689 4217 1837 fait
4286 1689 4341 1837 3o
4424 1689 4617 1837 pour
4672 1689 5169 1837 l’eſpeſſeur;
5279 1689 5293 1837 &
5335 1689 5459 1837 par
5528 1689 5583 1837 5,
5638 1689 5762 1837 fait
5832 1689 5887 1837 5o
5983 1689 6177 1837 pour
6232 1689 6273 1837 la

1906 1823 2252 1972 largeur;
2372 1823 2385 1972 &
2478 1823 2904 1972 multipliée
2957 1823 3077 1972 par
3143 1823 3250 1972 1o,
3316 1823 3489 1972 avec
3556 1823 3596 1972 le
3676 1823 4062 1972 redouble
4155 1823 4208 1972 de
4288 1823 4341 1972 3,
4408 1823 4527 1972 fait
4594 1823 4727 1972 3oo
4807 1823 4993 1972 pour
5060 1823 5099 1972 la
5166 1823 5618 1972 longueur.
5738 1823 5805 1972 Et
5871 1823 5871 1972 à
5964 1823 6057 1972 ces
6151 1823 6270 1972 me¬

1903 1961 2095 2112 ſures
2158 1961 2566 2112 s’accorde
2630 1961 2821 2112 auſſi
2898 1961 2949 2112 ce
3013 1961 3140 2112 que
3204 1961 3574 2112 pluſieurs
3663 1961 3905 2112 graves
4007 1961 4403 2112 Autheurs
4479 1961 4862 2112 eſcrivent
4938 1961 5347 2112 touchant
5410 1961 5449 2112 la
5563 1961 5831 2112 meſme
5933 1961 6277 2112 matiere:

1917 2104 2237 2247 comme
2304 2104 2517 2247 entre
2557 2104 2864 2247 autres,
2931 2104 3051 2247 que
3184 2104 3478 2247 Vitruve
3531 2104 3531 2247 a
3598 2104 3971 2247 rapporté
4038 2104 4078 2247 la
4158 2104 4438 2247 ſtature
4532 2104 4585 2247 de
4639 2104 5025 2247 l’homme
5079 2104 5079 2247 à
5266 2104 5466 2247 pieds
5559 2104 5613 2247 de
5719 2104 5986 2247 meſure
6106 2104 6280 2247 Geo¬

1945 2238 2375 2383 metrique;
2430 2238 2486 2383 le
2555 2238 2736 2383 pied
2791 2238 2805 2383 à
2874 2238 2930 2383 io
3041 2238 3360 2383 degrez;
3485 2238 3499 2383 &
3568 2238 3901 2383 chaſque
3999 2238 4207 2383 degré
4290 2238 4332 2383 en
4429 2238 4429 2383 5
4554 2238 4914 2383 minutes;
4998 2238 5109 2383 qui
5178 2238 5345 2383 font
5442 2238 5497 2383 õo
5608 2238 5941 2383 degrez,
6052 2238 6066 2383 &
6136 2238 6261 2383 3o0

1934 2379 2305 2521 minutes,
2369 2379 2739 2521 retirants
2803 2379 3264 2521 juſtement
3328 2379 3456 2521 aux
3520 2379 3699 2521 trois
3775 2379 3993 2521 cents
4070 2379 4402 2521 coudées
4479 2379 4530 2521 de
4594 2379 4990 2521 l’Arche.
5131 2379 5489 2521 Combien
5604 2379 5719 2521 que
5770 2379 5822 2521 je
5898 2379 5962 2521 ne
6052 2379 6269 2521 veuil¬

1896 2512 1949 2660 le
2016 2512 2137 2660 pas
2231 2512 2633 2660 m’arreſter
2700 2512 2727 2660 ſi
2794 2512 3344 2660 preciſement
3398 2512 3505 2660 ſur
3572 2512 4028 2660 l’authorité
4122 2512 4189 2660 de
4296 2512 4645 2660 Vitruve,
4699 2512 4712 2660 à
4779 2512 4900 2660 luy
4994 2512 5289 2660 donner
5356 2512 5436 2660 ſix
5503 2512 5731 2660 pieds
5852 2512 6281 2660 Geometri¬

1918 2649 2085 2798 ques
2168 2649 2223 2798 de
2279 2649 2736 2798 longueur;
2805 2649 2860 2798 ce
2971 2649 3138 2798 m’eſt
3207 2649 3387 2798 aſſez
3470 2649 3678 2798 qu’on
3747 2649 3802 2798 la
3858 2649 4093 2798 puiſſe
4163 2649 4384 2798 partir
4467 2649 4509 2798 en
4606 2649 4689 2798 ſix
4786 2649 5105 2798 meſures
5174 2649 5437 2798 egales.
5603 2649 5783 2798 Pline
5839 2649 6268 2798 remarque

1899 2783 2083 2937 auſſi
2136 2783 2308 2937 livre
2400 2783 2413 2937 7
2519 2783 2862 2937 chapitre
2928 2783 3020 2937 17.
3113 2783 3232 2937 que
3324 2783 3509 2937 ceſte
3575 2783 3865 2937 ſtature
3931 2783 4327 2937 naturelle
4406 2783 4472 2937 de
4525 2783 4934 2937 l’homme
5026 2783 5171 2937 bien
5264 2783 5871 2937 proportionné
5950 2783 6280 2937 s’accor¬

1927 2924 1981 3075 de
2062 2924 2576 3075 exactement
2644 2924 2644 3075 à
2712 2924 2766 3075 la
2888 2924 3158 3075 meſure
3253 2924 3307 3075 de
3375 2924 3415 3075 ſa
3497 2924 3781 3075 propre
3848 2924 4187 3075 braſſee,
4281 2924 4336 3075 de
4390 2924 4552 3075 puis
4593 2924 4647 3075 le
4701 2924 4904 3075 bout
4972 2924 5066 3075 des
5147 2924 5391 3075 doigts
5459 2924 5513 3075 de
5581 2924 5770 3075 l’une
5865 2924 5959 3075 des
6054 2924 6271 3075 mains

1889 3062 2206 3215 juſques
2261 3062 2330 3215 au
2413 3062 2606 3215 bout
2703 3062 2758 3215 de
2799 3062 3117 3215 l’autre.
3255 3062 3310 3215 En
3393 3062 3710 3215 ſomme
3779 3062 4000 3215 touts
4097 3062 4593 3215 Philoſophes
4662 3062 4787 3215 ont
4856 3062 4980 3215 fait
5049 3062 5214 3215 tant
5297 3062 5642 3215 d’eſtime
5739 3062 5794 3215 de
5877 3062 6056 3215 ceſte
6153 3062 6277 3215 me¬

1888 3198 2097 3346 ſure,
2215 3198 2215 3346 &
2294 3198 2346 3346 de
2399 3198 2438 3346 la
2503 3198 2988 3346 proportion
3079 3198 3145 3346 de
3210 3198 3263 3346 ce
3328 3198 3538 3346 corps
3603 3198 3996 3346 humain,
4101 3198 4101 3346 &
4153 3198 4336 3346 l’ont
4402 3198 4572 3346 tant
4638 3198 5109 3346 recerchée,
5161 3198 5253 3346 les
5331 3198 5462 3346 uns
5541 3198 5764 3346 d’une
5829 3198 6117 3346 façon,
6183 3198 6274 3346 les

1887 3335 2139 3490 autres
2223 3335 2279 3490 de
2321 3335 2616 3490 l’autre,
2672 3335 2798 3490 que
2882 3335 3373 3490 Pythagoras
3429 3335 3429 3490 a
3499 3335 3598 3490 oſé
3654 3335 4046 3490 nommer
4088 3335 4481 3490 l’homme
4565 3335 4621 3490 La
4762 3335 5014 3490 Meſure
5098 3335 5154 3490 de
5210 3335 5421 3490 tout.
5645 3335 5869 3490 Quant
5912 3335 5926 3490 à
5982 3335 6024 3490 la
6094 3335 6276 3490 pro¬

1887 3474 2204 3622 portion
2300 3474 2397 3622 des
2479 3474 2727 3622 Poids,
2768 3474 2796 3622 il
2851 3474 2920 3622 ne
2975 3474 3140 3622 faut
3195 3474 3305 3622 pas
3374 3474 3691 3622 douter,
3787 3474 4035 3622 qu’elle
4090 3474 4200 3622 n’y
4255 3474 4393 3622 ſoit
4434 3474 4613 3622 auſſi
4668 3474 5026 3622 obſervée
5081 3474 5246 3622 avec
5301 3474 5480 3622 tout
5521 3474 5811 3622 autant
5879 3474 6279 3622 d’artifice,

1901 3611 2027 3766 que
2082 3611 2166 3766 les
2292 3611 2696 3766 Nombres,
2780 3611 2836 3766 ou
2905 3611 2989 3766 les
3115 3611 3449 3766 Meſures.
3575 3611 3631 3766 Ce
3714 3611 3826 3766 qui
3882 3611 3965 3766 eſt
4021 3611 4147 3766 aiſé
4216 3611 4230 3766 à
4314 3611 4788 3766 cognoiſtre,
4830 3611 4942 3766 par
5011 3611 5067 3766 ce
5137 3611 5262 3766 que
5332 3611 5486 3766 c’eſt
5527 3611 5932 3766 l’homme
5988 3611 6141 3766 ſeul
6211 3611 6267 3766 de

1881 3751 2104 3906 touts
2143 3751 2235 3906 les
2287 3751 2668 3906 animaux
2733 3751 2851 3906 qui
2930 3751 3218 3906 marche
3284 3751 3520 3906 droit;
3599 3751 3664 3906 de
3717 3751 3926 3906 façon
4018 3751 4189 3906 qu’il
4228 3751 4280 3906 ſe
4346 3751 4529 3906 tient
4595 3751 4988 3906 touſiours
5041 3751 5093 3906 en
5185 3751 5709 3906 contrepoids
5814 3751 5827 3906 &
5880 3751 5932 3906 en
6011 3751 6273 3906 balan¬

1889 3897 1952 4034 ce
2015 3897 2065 4034 en
2141 3897 2406 4034 toutes
2456 3897 2784 4034 actions,
2834 3897 3313 4034 autrement
3351 3897 3388 4034 il
3451 3897 3489 4034 en
3565 3897 3792 4034 ſeroit
3842 3897 3855 4034 à
3918 3897 4132 4034 touts
4207 3897 4611 4034 moments
4648 3897 5241 4034 incommodé.
5404 3897 5505 4034 Car
5568 3897 5619 4034 ſa
5694 3897 6085 4034 ſtructure
6173 3897 6261 4034 eſt

1880 4026 2092 4177 telle,
2159 4026 2291 4177 que
2344 4026 2557 4177 touts
2610 4026 2703 4177 ſes
2782 4026 3167 4177 membres
3207 4026 3645 4177 (exceptez
3698 4026 3778 4177 les
3831 4026 4044 4177 bras)
4097 4026 4097 4177 à
4190 4026 4468 4177 meſure
4535 4026 4734 4177 qu’ils
4787 4026 4946 4177 ſont
4999 4026 5159 4177 plus
5212 4026 5504 4177 relevez
5583 4026 5636 4177 de
5689 4026 5729 4177 la
5782 4026 6021 4177 terre,
6088 4026 6274 4177 auſſi

1878 4159 2049 4312 ſont
2089 4159 2155 4312 ils
2207 4159 2379 4312 plus
2431 4159 2734 4312 peſants
2813 4159 2866 4312 de
2918 4159 3076 4312 plus
3142 4159 3195 4312 en
3274 4159 3471 4312 plus;
3524 4159 3550 4312 ſi
3616 4159 3747 4312 que
3787 4159 3879 4312 les
3945 4159 4221 4312 parties
4274 4159 4432 4312 plus
4485 4159 4774 4312 legeres
4893 4159 4893 4312 &
4958 4159 5130 4312 plus
5182 4159 5472 4312 foibles
5538 4159 6117 4312 ſouſtiennent
6169 4159 6262 4312 les

1880 4299 2138 4453 autres
2193 4299 2343 4453 plus
2397 4299 2765 4453 peſantes
2874 4299 2887 4453 &
2928 4299 3091 4453 plus
3146 4299 3554 4453 robuſtes:
3622 4299 3745 4453 qui
3786 4299 4004 4453 ſeroit
4072 4299 4290 4453 choſe
4371 4299 4630 4453 contre
4780 4299 5025 4453 Nature
5147 4299 5161 4453 &
5243 4299 5297 4453 du
5393 4299 5570 4453 tout
5624 4299 6264 4453 inſupportable

1872 4435 2067 4588 pour
2127 4435 2565 4588 continuer
2613 4435 3209 4588 longuement,
3270 4435 3306 4588 en
3379 4435 3549 4588 tant
3646 4435 3658 4588 &
3719 4435 3768 4588 en
3841 4435 3877 4588 ſi
3938 4435 4254 4588 diverſes
4302 4435 4545 4588 ſortes
4618 4435 4667 4588 de
4752 4435 5347 4588 mouvements,
5396 4435 5712 4588 comme
5785 4435 5833 4588 on
5918 4435 6064 4588 voit
6137 4435 6259 4588 que

1891 4571 1944 4726 ce
2011 4571 2225 4726 corps
2278 4571 2599 4726 humain
2666 4571 3080 4726 pratique,
3147 4571 3228 4726 s’il
3294 4571 3602 4726 n’eſtoit
3695 4571 3990 4726 moderé
4056 4571 4123 4726 au
4190 4571 4471 4726 regard
4538 4571 4591 4726 du
4698 4571 4899 4726 Poids
4952 4571 5006 4726 en
5072 4571 5353 4726 toutes
5393 4571 5487 4726 ſes
5540 4571 5821 4726 parties
5888 4571 6155 4726 depuis
6222 4571 6262 4726 le

1880 4710 2241 4853 ſommet
2310 4710 2366 4853 de
2408 4710 2449 4853 la
2519 4710 2699 4853 teſte
2741 4710 3157 4853 juſqu’aux
3213 4710 3518 4853 plantes
3588 4710 3685 4853 des
3740 4710 3976 4853 pieds,
4046 4710 4199 4853 d’un
4268 4710 4643 4853 ſingulier
4740 4710 4740 4853 &
4796 4710 5073 4853 parfait
5129 4710 5462 4853 artifice.
5629 4710 5698 4853 La
5781 4710 6240 4853 declaration

1876 4847 2036 5005 plus
2090 4847 2344 5005 ample
2424 4847 2477 5005 de
2544 4847 2731 5005 ceſte
2824 4847 3118 5005 matiere
3171 4847 3639 5005 appartient
3692 4847 3826 5005 aux
3919 4847 4493 5005 Anatomiſtes,
4560 4847 4680 5005 qui
4720 4847 4894 5005 font
4947 4847 5361 5005 profeſſion
5454 4847 5508 5005 de
5588 4847 5922 5005 declarer
5962 4847 6055 5005 les
6109 4847 6269 5005 par¬

1886 4985 2335 5142 ticularitez
2399 4985 2451 5142 de
2528 4985 2708 5142 ceſte
2759 4985 3003 5142 noble
3054 4985 3517 5142 ſtructure:
3581 4985 3774 5142 nous
3838 4985 3954 5142 qui
4018 4985 4095 5142 ne
4146 4985 4660 5142 pretendons
4724 4985 4853 5142 que
4930 4985 5045 5142 d’en
5148 4985 5457 5142 expoſer
5508 4985 5970 5142 ſeulement
6035 4985 6086 5142 ce
6150 4985 6266 5142 qui

1885 5124 2180 5268 touche
2231 5124 2628 5268 l’exercice
2705 5124 2807 5268 des
2884 5124 3179 5268 Armes,
3217 5124 3473 5268 ſerons
3537 5124 3921 5268 contents
3985 5124 4101 5268 d’en
4203 5124 4523 5268 declarer
4600 5124 4971 5268 quelques
5036 5124 5292 5268 choſes
5356 5124 5407 5268 en
5484 5124 5663 5268 gros,
5714 5124 6252 5268 notamment

1881 5262 2295 5415 touchant
2336 5262 2433 5415 les
2488 5262 3026 5415 porportions
3095 5262 3619 5415 exterieures;
3675 5262 3799 5415 afin
3895 5262 4047 5415 qu’il
4102 5262 4227 5415 ſoit
4296 5262 4406 5415 par
4461 5262 4530 5415 cy
4585 5262 4792 5415 apres
4861 5262 5206 5415 d’autant
5262 5262 5427 5415 plus
5469 5262 5689 5415 facile
5731 5262 5745 5415 à
5800 5262 6007 5415 juger
6103 5262 6159 5415 de
6214 5262 6255 5415 la

1890 5401 2156 5546 nature
2257 5401 2270 5546 &
2320 5401 2599 5546 portee
2675 5401 2738 5546 de
2802 5401 3118 5546 chaſcun
3220 5401 3321 5546 des
3397 5401 3929 5546 mouvemẽts,
3992 5401 4094 5546 qui
4157 5401 4208 5546 en
4284 5401 4765 5546 procedent.
4866 5401 5018 5546 Puis
5082 5401 5272 5546 donc
5348 5401 5462 5546 que
5512 5401 5601 5546 les
5690 5401 6260 5546 mouvements

1879 5539 1931 5684 ſe
1983 5539 2153 5684 font
2219 5539 2767 5684 quelquesfois
2820 5539 2990 5684 avec
3055 5539 3107 5684 le
3186 5539 3408 5684 tronc
3473 5539 3708 5684 entier
3787 5539 3839 5684 du
3917 5539 4179 5684 corps,
4270 5539 4806 5684 quelquesfois
4923 5539 4936 5684 &
4989 5539 5146 5684 plus
5211 5539 5551 5684 ſouvent
5616 5539 5786 5684 avec
5838 5539 5930 5684 les
5982 5539 6139 5684 bras
6243 5539 6256 5684 &

1874 5677 1963 5831 les
2053 5677 2295 5831 mains,
2397 5677 2409 5831 &
2460 5677 2881 5831 autresfois
2932 5677 3097 5831 avec
3148 5677 3250 5831 les
3301 5677 3620 5831 jambes
3722 5677 3722 5831 &
3772 5677 3862 5831 les
3913 5677 4167 5831 pieds,
4244 5677 4435 5831 nous
4524 5677 5187 5831 demonſtrerons
5250 5677 5913 5831 preſentement,
5964 5677 6091 5831 que
6155 5677 6244 5831 les

1879 5812 2275 5963 hommes
2314 5812 2485 5963 ſont
2551 5812 2920 5963 capables
3012 5812 3460 5963 d’exploiter
3500 5812 3697 5963 leurs
3790 5812 4290 5963 mouvemẽts
4343 5812 4804 5963 neceſſaires
4909 5812 4909 5963 &
4975 5812 5186 5963 utiles
5252 5812 5291 5963 en
5371 5812 5542 5963 plus
5608 5812 5845 5963 grand
5884 5812 6240 5963 nombre

1935 5951 1935 6105 &
2002 5951 2162 6105 plus
2202 5951 2656 6105 aiſeement
2763 5951 2763 6105 &
2817 5951 2977 6105 plus
3031 5951 3712 6105 promptement,
3779 5951 3899 6105 que
3966 5951 4033 6105 ne
4086 5951 4260 6105 font
4314 5951 4407 6105 les
4461 5951 4715 6105 autres
4768 5951 5182 6105 animaux.
5396 5951 5583 6105 Dont
5623 5951 5663 6105 il
5703 5951 5864 6105 faut
5917 5951 6251 6105 ſçavoir,

1904 6087 2022 6229 que
2088 6087 2246 6229 c’eſt
2311 6087 2693 6229 ordinaire
2798 6087 2798 6229 &
2851 6087 3390 6229 proprement
3442 6087 3732 6229 l’office
3811 6087 3916 6229 des
3955 6087 4126 6229 bras
4218 6087 4231 6229 &
4297 6087 4389 6229 des
4481 6087 4692 6229 mains
4758 6087 5192 6229 d’executer
5244 6087 5284 6229 le
5349 6087 6112 6229 commandement
6191 6087 6244 6229 de

1880 6226 1920 6390 la
1974 6226 2339 6390 volonté,
2379 6226 2433 6390 en
2501 6226 2771 6390 faiſant
2825 6226 2906 6390 les
2960 6226 3270 6390 actions
3324 6226 3446 6390 que
3500 6226 3797 6390 l’utilité
3864 6226 3932 6390 ou
3999 6226 4026 6390 la
4094 6226 4458 6390 neceſſité
4539 6226 4957 6390 demande;
5052 6226 5052 6390 &
5119 6226 5241 6390 que
5295 6226 5389 6390 les
5430 6226 5740 6390 jambes
5835 6226 5848 6390 &
5889 6226 5983 6390 les
6024 6226 6240 6390 pieds

1879 6368 1954 6513 ne
2016 6368 2316 6513 ſervent
2378 6368 3089 6513 communement
3139 6368 3139 6513 à
3202 6368 3414 6513 autre
3489 6368 3738 6513 choſe,
3800 6368 3938 6513 qu’à
4025 6368 4512 6513 tranſporter
4624 6368 4624 6513 &
4674 6368 4674 6513 à
4736 6368 5061 6513 tourner
5111 6368 5161 6513 le
5248 6368 5497 6513 corps,
5622 6368 5622 6513 &
5697 6368 5697 6513 à
5809 6368 6071 6513 mettre
6146 6368 6246 6513 les

1882 6500 2045 6666 bras
2153 6500 2153 6666 &
2248 6500 2450 6666 mains
2518 6500 2572 6666 en
2640 6500 2924 6666 places,
2992 6500 3046 6666 où
3114 6500 3154 6666 la
3262 6500 3587 6666 Volonté
3641 6500 4182 6666 pretendque
4223 6500 4697 6666 l’execution
4764 6500 4900 6666 ſoit
4954 6500 5184 6666 faite:
5306 6500 5306 6666 &
5387 6500 5833 6666 d’avantage
5914 6500 6090 6666 qu’il
6158 6500 6158 6666 y
6239 6500 6239 6666 a

1896 6639 2087 6793 ceſte
2168 6639 2617 6793 difference,
2685 6639 2808 6793 que
2862 6639 2944 6793 les
2998 6639 3161 6793 bras
3284 6639 3284 6793 &
3338 6639 3420 6793 les
3488 6639 3787 6793 jambes
3855 6639 4032 6793 ſont
4086 6639 4671 6793 ſpecialement
4739 6639 5066 6793 propres
5120 6639 5120 6793 à
5188 6639 5365 6793 faire
5419 6639 5501 6793 les
5569 6639 5841 6793 grands
5950 6639 6249 6793 mouve¬

1918 6780 2175 6939 ments,
2226 6780 2393 6939 ainſi
2483 6780 2598 6939 que
2649 6780 2739 6939 les
2790 6780 3008 6939 pieds
3111 6780 3111 6939 &
3162 6780 3252 6939 les
3329 6780 3547 6939 mains
3598 6780 3765 6939 ſont
3817 6780 4137 6939 propres
4189 6780 4330 6939 aux
4432 6780 4856 6939 moindres:
4971 6780 4984 6939 &
5048 6780 5356 6939 comme
5407 6780 5497 6939 les
5548 6780 5715 6939 bras
5779 6780 5946 6939 ſont
6010 6780 6241 6939 parti¬

1897 6914 2423 7079 culierement
2501 6914 2856 7079 capables
2909 6914 2922 7079 à
2987 6914 3342 7079 executer
3408 6914 3460 7079 ce
3526 6914 3592 7079 où
3670 6914 3710 7079 il
3762 6914 3933 7079 faut
3999 6914 4051 7079 de
4104 6914 4143 7079 la
4209 6914 4445 7079 force,
4498 6914 4800 7079 ainſiles
4879 6914 5102 7079 mains
5142 6914 5194 7079 le
5247 6914 5417 7079 ſont
5509 6914 5982 7079 d’autrepart
6035 6914 6232 7079 pour

1894 7050 2271 7205 travailler
2338 7050 2513 7205 avec
2594 7050 3011 7205 dexterité.
3172 7050 3280 7205 Les
3374 7050 3589 7205 Pieds,
3656 7050 3979 7205 comme
4033 7050 4302 7205 pilliers
4369 7050 4477 7205 qui
4544 7050 5109 7205 ſouſtiennent
5149 7050 5203 7205 le
5271 7050 5526 7205 corps,
5580 7050 5741 7205 ſont
5835 7050 6091 7205 devers
6145 7050 6239 7205 les

1883 7188 2135 7358 talons
2228 7188 2414 7358 quaſi
2481 7188 2998 7358 immobiles,
3078 7188 3224 7358 mais
3304 7188 3543 7358 devers
3596 7188 3676 7358 les
3742 7188 3994 7358 orteils
4034 7188 4101 7358 ils
4154 7188 4207 7358 ſe
4287 7188 4645 7358 meuvent
4712 7188 4884 7358 aſſez
4951 7188 5628 7358 promptement:
5708 7188 5761 7358 de
5814 7188 6013 7358 ſorte
6106 7188 6226 7358 que

6115 7402 6240 7500 par
