2672 3578
272 59 329 140 par
350 59 563 140 l’inegalité
605 59 633 140 de
662 59 761 140 ceſte
782 59 988 140 ſtructure
1009 59 1037 140 le
1065 59 1172 140 corps
1200 59 1221 140 ſe
1250 59 1342 140 peut
1377 59 1554 140 affermir
1590 59 1717 140 deſſus,
1738 59 1774 140 au
1830 59 1958 140 moyen
2015 59 2043 140 de
2071 59 2170 140 l’un,
2213 59 2369 140 comme
2397 59 2418 140 il
2440 59 2468 140 ſe

270 134 363 209 peut
406 134 643 209 d’autrepart
667 134 829 209 remuer
879 134 879 209 &
904 134 1071 209 tourner
1102 134 1320 209 viſtement
1370 134 1376 209 &
1407 134 1761 209 commodement
1798 134 1829 209 de
1860 134 1966 209 touts
2003 134 2140 209 coſtez,
2159 134 2190 209 au
2252 134 2376 209 moyen
2432 134 2457 209 de

268 202 421 281 l’autre.
470 202 505 281 En
532 202 602 281 l’un
664 202 664 281 &
699 202 720 281 en
755 202 887 281 l’autre
929 202 1109 281 derechef
1130 202 1151 281 il
1172 202 1297 281 reçoit
1325 202 1360 281 un
1401 202 1526 281 grand
1547 202 1672 281 ſoulas
1693 202 1749 281 par
1777 202 1798 281 la
1825 202 1923 281 juſte
1944 202 2166 281 longueur,
2201 202 2256 281 qui
2270 202 2333 281 luy
2361 202 2465 281 four¬

273 273 322 350 nit
350 273 378 350 un
420 273 673 350 fondement
694 273 814 350 ſtable
870 273 870 350 &
898 273 1011 350 ſolide
1053 273 1179 350 quand
1200 273 1222 350 il
1243 273 1432 350 s’arreſte;
1489 273 1496 350 &
1531 273 1657 350 quand
1678 273 1692 350 il
1735 273 1903 350 marche,
1938 273 2002 350 elle
2030 273 2114 350 aide
2149 273 2149 350 à
2184 273 2206 350 le
2248 273 2395 350 pouſſer
2459 273 2459 350 &

265 344 326 421 luy
367 344 511 421 donner
539 344 559 421 ſa
593 344 744 421 courſe.
840 344 895 421 Les
956 344 1059 421 Mains
1080 344 1107 421 ſe
1148 344 1326 421 meuvent
1353 344 1429 421 fort
1456 344 1675 421 agilement
1710 344 1730 421 en
1771 344 1901 421 toutes
1929 344 2025 421 leurs
2052 344 2203 421 parties,
2244 344 2251 421 &
2278 344 2463 421 contien¬

273 414 364 489 nent
392 414 413 489 en
448 414 532 489 leur
554 414 638 489 plus
659 414 757 489 large
785 414 806 489 la
827 414 926 489 juſte
975 414 1094 489 moitié
1136 414 1164 489 de
1186 414 1207 489 la
1235 414 1389 489 largeur
1424 414 1452 489 du
1487 414 1628 489 viſage,
1663 414 1719 489 qui
1747 414 1789 489 eſt
1810 414 1839 489 le
1881 414 1979 489 quart
2014 414 2042 489 au
2091 414 2225 489 regard
2267 414 2295 489 de
2323 414 2344 489 la
2386 414 2464 489 poi¬

268 485 385 561 trine:
405 485 426 561 la
453 485 658 561 longueur
692 485 713 561 en
760 485 801 561 eſt
836 485 924 561 deux
952 485 1020 561 fois
1041 485 1211 561 autant:
1259 485 1266 561 &
1293 485 1410 561 eſtant
1437 485 1458 561 la
1505 485 1581 561 main
1622 485 1799 561 fermée,
1827 485 1854 561 le
1895 485 2059 561 contour
2107 485 2134 561 du
2175 485 2298 561 poing
2325 485 2394 561 ſera
2428 485 2455 561 le

271 553 351 630 tiers
384 553 411 630 du
464 553 631 630 contour
671 553 698 630 de
724 553 744 630 la
778 553 978 630 poitrine:
1011 553 1038 630 en
1078 553 1171 630 ſorte
1218 553 1345 630 qu’elle
1378 553 1432 630 luy
1472 553 1565 630 peut
1598 553 1925 630 naturellement
1959 553 2066 630 ſervir
2106 553 2312 630 d’eſcuſſon
2359 553 2453 630 pour

263 624 283 700 la
336 624 543 700 defendre,
576 624 603 700 en
643 624 663 700 la
703 624 843 700 tenant
883 624 1043 700 devant,
1076 624 1143 700 ſoit
1190 624 1350 700 ouverte
1410 624 1410 700 &
1443 624 1663 700 eſtendue,
1690 624 1723 700 ou
1770 624 1843 700 bien
1890 624 1956 700 ſoit
1990 624 2156 700 fermée.
2230 624 2310 700 C’eſt
2336 624 2456 700 pour¬

274 694 373 765 quoy
413 694 526 765 Philo,
546 694 719 765 autheur
746 694 832 765 lIuif,
866 694 866 765 a
912 694 1092 765 tres-bien
1132 694 1351 765 rencontré
1385 694 1385 765 à
1438 694 1524 765 dire,
1558 694 1651 765 qu’au
1684 694 1750 765 lieu
1797 694 1824 765 de
1850 694 1963 765 touts
1983 694 2030 765 les
2063 694 2303 765 ornements
2356 694 2362 765 &
2402 694 2449 765 de¬

264 762 384 823 fenſes
418 762 631 823 naturelles
664 762 718 823 des
744 762 871 823 autres
898 762 1104 823 animaux,
1124 762 1324 823 l’homme
1358 762 1358 823 a
1398 762 1464 823 eſté
1504 762 1591 823 doüé
1638 762 1664 823 de
1684 762 1704 823 la
1758 762 1911 823 Raiſon,
1944 762 2104 823 comme
2164 762 2391 823 Directrice,
2451 762 2457 823 &

277 833 324 906 des
392 833 500 906 Mains,
534 833 697 906 comme
724 833 1001 906 Inſtruments
1028 833 1123 906 pour
1150 833 1333 906 executer
1367 833 1394 906 ce
1428 833 1557 906 qu’elle
1597 833 1706 906 veut:
1760 833 1766 906 &
1800 833 1861 906 que
1888 833 1909 906 la
1963 833 2085 906 Raiſon
2132 833 2173 906 eſt
2207 833 2227 906 la
2301 833 2369 906 Main
2423 833 2457 906 de

264 902 646 975 l’Entendement;
667 902 687 975 la
735 902 810 975 main
858 902 885 975 de
913 902 933 975 la
981 902 1104 975 Raiſon
1145 902 1220 975 c’eſt
1241 902 1261 975 la
1302 902 1439 975 Parole;
1494 902 1494 975 &
1514 902 1562 975 les
1623 902 1726 975 Mains
1760 902 1992 975 corporelles
2027 902 2129 975 celles
2163 902 2225 975 qui
2245 902 2327 975 font
2355 902 2457 975 l’exe¬

269 973 394 1045 cution
447 973 473 1045 de
506 973 533 1045 ce
566 973 631 1045 que
651 973 671 1045 la
717 973 836 1045 Parole
869 973 1139 1045 commande.
1178 973 1475 1045 Inſtruments,
1508 973 1561 1045 qui
1593 973 1864 1045 contiennent
1897 973 1916 1045 en
1962 973 2022 1045 eux
2048 973 2160 1045 toute
2193 973 2213 1045 la
2239 973 2450 1045 ſuffiſance

274 1042 328 1116 des
348 1042 494 1116 autres,
541 1042 541 1116 &
574 1042 628 1116 qui
654 1042 708 1116 par
741 1042 995 1116 conſequent
1021 1042 1068 1116 les
1095 1042 1248 1116 egalent
1282 1042 1302 1116 en
1348 1042 1515 1116 dignité,
1549 1042 1642 1116 voire
1669 1042 1715 1116 les
1742 1042 2022 1116 ſurmontent.
2062 1042 2149 1116 Pour
2169 1042 2336 1116 laquelle
2376 1042 2449 1116 cau¬

262 1111 289 1182 ſe
309 1111 328 1182 il
355 1111 454 1182 vient
480 1111 513 1182 au
585 1111 717 1182 Monde
757 1111 994 1182 deſpourveu
1040 1111 1067 1182 de
1093 1111 1231 1182 toutes
1251 1111 1403 1182 armes,
1429 1111 1508 1182 tant
1548 1111 1752 1182 offenſives
1798 1111 1858 1182 que
1904 1111 2141 1182 defenſives,
2200 1111 2200 1182 &
2233 1111 2280 1182 n’a
2326 1111 2385 1182 que
2425 1111 2451 1182 ce

261 1179 340 1256 ſeul
360 1179 611 1256 inſtrument
650 1179 677 1256 de
703 1179 723 1256 la
769 1179 874 1256 main,
888 1179 920 1256 au
973 1179 1099 1256 moyen
1145 1179 1290 1256 duquel
1310 1179 1329 1256 il
1356 1179 1375 1256 ſe
1408 1179 1521 1256 puiſſe
1554 1179 1745 1256 prevaloir
1778 1179 1811 1256 de
1837 1179 1989 1256 toutes.
2035 1179 2088 1256 Les
2107 1179 2239 1256 autres
2259 1179 2450 1256 animaux

260 1248 287 1320 ſe
327 1248 546 1320 defendent
600 1248 600 1320 &
633 1248 832 1320 offenſent
852 1248 952 1320 leurs
985 1248 1218 1320 contraires,
1238 1248 1305 1320 l’un
1338 1248 1425 1320 avec
1451 1248 1498 1320 les
1531 1248 1651 1320 dents,
1671 1248 1804 1320 l’autre
1837 1248 1917 1320 avec
1943 1248 1990 1320 les
2023 1248 2170 1320 ongles,
2189 1248 2236 1320 les
2263 1248 2382 1320 pieds,
2402 1248 2449 1320 les

271 1319 415 1394 cornes;
443 1319 638 1394 ainſiquil
659 1319 681 1394 ſe
717 1319 789 1394 voit
818 1319 839 1394 és
890 1319 1048 1394 Elefans,
1084 1319 1206 1394 Lions,
1264 1319 1357 1394 Ours,
1415 1319 1602 1394 Chevaux,
1645 1319 1861 1394 Taureaux,
1904 1319 2041 1394 Tigres,
2084 1319 2091 1394 &
2113 1319 2243 1394 autres
2264 1319 2415 1394 beſtes,
2444 1319 2444 1394 à

275 1387 330 1462 qui
351 1387 371 1462 la
433 1387 563 1462 Nature
591 1387 591 1462 a
632 1387 893 1462 departiaſſez
927 1387 1195 1462 chichement
1222 1387 1291 1462 une
1318 1387 1421 1462 ſeule
1455 1387 1586 1462 eſpece
1620 1387 1798 1462 d’Armes
1826 1387 1826 1462 à
1860 1387 2066 1462 chaſcune,
2093 1387 2190 1462 pour
2210 1387 2231 1462 la
2265 1387 2450 1462 neceſſité

274 1456 301 1531 de
327 1456 400 1531 leur
439 1456 617 1531 defenſe;
663 1456 736 1531 mais
762 1456 762 1531 à
789 1456 1000 1531 l’homme,
1033 1456 1085 1531 qui
1112 1456 1138 1531 en
1171 1456 1323 1531 ſemble
1356 1456 1442 1531 eſtre
1481 1456 1508 1531 du
1547 1456 1633 1531 tout
1666 1456 1784 1531 privé,
1824 1456 1850 1531 en
1890 1456 2160 1531 recompenſe
2187 1456 2246 1531 elle
2279 1456 2312 1531 l’a
2358 1456 2451 1531 doüé

272 1525 635 1601 d’Entendement
663 1525 763 1601 pour
785 1525 834 1601 les
863 1525 1105 1601 cognoiſtre,
1141 1525 1305 1601 d’Eſprit
1333 1525 1433 1601 pour
1454 1525 1504 1601 les
1533 1525 1697 1601 forger,
1761 1525 1761 1601 &
1804 1525 1832 1601 de
1903 1525 2003 1601 Mains
2039 1525 2139 1601 pour
2167 1525 2224 1601 s’en
2274 1525 2381 1601 aider
2424 1525 2452 1601 de

263 1596 393 1671 toutes
448 1596 448 1671 &
475 1596 585 1671 telles
619 1596 702 1671 qu’il
729 1596 757 1671 en
791 1596 907 1671 puiſſe
949 1596 1052 1671 eſtre.
1113 1596 1251 1671 meſme
1285 1596 1347 1671 afin
1388 1596 1470 1671 qu’il
1491 1596 1552 1671 s’en
1587 1596 1703 1671 peuſt
1731 1596 1834 1671 aider
1861 1596 1950 1671 avec
1985 1596 2067 1671 plus
2108 1596 2362 1671 d’avantage,
2396 1596 2458 1671 elle

255 1663 316 1738 luy
350 1663 350 1738 a
390 1663 512 1738 donné
546 1663 600 1738 par
627 1663 769 1738 ſpecial
796 1663 978 1738 privilege
1012 1663 1046 1738 de
1073 1663 1242 1738 pouvoir
1262 1663 1269 1738 à
1316 1663 1451 1738 meſme
1472 1663 1620 1738 inſtant
1647 1663 1803 1738 fleſchir
1823 1663 1864 1738 les
1891 1663 1972 1738 bras
2005 1663 2026 1738 en
2066 1663 2201 1738 arriere
2249 1663 2256 1738 &
2276 1663 2323 1738 les
2350 1663 2452 1738 pieds

262 1733 286 1803 en
322 1733 460 1803 avant;
496 1733 604 1803 choſe
628 1733 868 1803 impoſsible
892 1733 957 1803 aux
987 1733 1113 1803 autres
1149 1733 1371 1803 creatures:
1419 1733 1575 1803 comme
1599 1733 1694 1803 auſsi
1724 1733 1820 1803 pour
1844 1733 1868 1803 la
1916 1733 2066 1803 meſme,
2096 1733 2126 1803 ou
2162 1733 2258 1803 pour
2282 1733 2455 1803 ſembla¬

262 1800 312 1870 ble
349 1800 472 1870 cauſe,
490 1800 509 1870 la
540 1800 724 1870 ſituation
761 1800 952 1870 naturelle
995 1800 1045 1870 des
1069 1800 1149 1870 bras
1174 1800 1180 1870 a
1217 1800 1279 1870 eſté
1309 1800 1439 1870 placée
1476 1800 1500 1870 en
1537 1800 1580 1870 tel
1611 1800 1784 1870 endroit,
1821 1800 1882 1870 que
1907 1800 1950 1870 les
1981 1800 2215 1870 operations
2252 1800 2301 1870 des
2344 1800 2449 1870 mains

258 1866 404 1936 fuſſent
435 1866 631 1936 touſiours
657 1866 745 1936 ſous
764 1866 789 1936 le
821 1866 1149 1936 gouvernement
1187 1866 1219 1936 de
1238 1866 1263 1936 la
1295 1866 1383 1936 veuë
1421 1866 1516 1936 pour
1548 1866 1573 1936 en
1611 1866 1781 1936 ſecourir
1838 1866 1838 1936 &
1864 1866 2009 1936 aſsiſter
2034 1866 2116 1936 tant
2148 1866 2230 1936 plus
2249 1866 2451 1936 aiſement

257 1933 284 2002 le
311 1933 400 2002 reſte
441 1933 488 2002 des
536 1933 720 2002 membres
754 1933 775 2002 en
815 1933 911 2002 leurs
931 1933 1170 2002 neceſsitez.
1272 1933 1361 2002 Tout
1388 1933 1606 2002 ainſidonc
1640 1933 1702 2002 que
1729 1933 1776 2002 les
1797 1933 1940 2002 ſuſdits
1981 1933 2151 2002 Artiſtes,
2192 1933 2451 2002 Architectes,

270 2003 613 2080 Perſpectiviſtes,
661 2003 668 2080 &
696 2003 826 2080 autres
867 2003 929 2080 ont
963 2003 1093 2080 taſché
1141 2003 1169 2080 de
1196 2003 1368 2080 prouver
1395 2003 1443 2080 les
1477 2003 1751 2080 fondements
1793 2003 1820 2080 de
1847 2003 1943 2080 leurs
1978 2003 2094 2080 regles
2122 2003 2183 2080 par
2211 2003 2259 2080 les
2293 2003 2458 2080 propor¬

260 2072 360 2143 tions
397 2072 422 2143 du
466 2072 572 2143 corps
609 2072 634 2143 de
659 2072 878 2143 l’homme,
896 2072 990 2143 ainſi
1009 2072 1127 2143 avons
1158 2072 1252 2143 nous
1277 2072 1564 2143 pareillement
1589 2072 1676 2143 tenu
1707 2072 1732 2143 la
1776 2072 1913 2143 meſme
1944 2072 2088 2143 courſe,
2131 2072 2206 2143 mais
2231 2072 2319 2143 avec
2362 2072 2456 2143 meil¬

256 2141 360 2213 leure
393 2141 562 2213 adreſſe,
620 2141 627 2213 &
659 2141 776 2213 avons
802 2141 939 2213 trouvé
965 2141 965 2213 à
997 2141 1101 2213 l’aide
1140 2141 1166 2213 de
1205 2141 1296 2213 ceſte
1342 2141 1472 2213 meſme
1498 2141 1641 2213 buxole
1667 2141 1686 2213 la
1719 2141 1829 2213 vraye
1875 2141 1881 2213 &
1907 2141 2271 2213 proportionnelle
2317 2141 2454 2213 meſure

273 2211 300 2280 de
328 2211 437 2280 touts
457 2211 505 2280 les
566 2211 859 2280 Mouvements,
893 2211 928 2280 de
955 2211 1064 2280 touts
1084 2211 1132 2280 les
1173 2211 1323 2280 Temps,
1364 2211 1371 2280 &
1425 2211 1630 2280 Diſtances,
1650 2211 1875 2280 neceſſaires
1902 2211 1902 2280 à
1943 2211 2120 2280 obſerver
2148 2211 2175 2280 en
2209 2211 2338 2280 noſtre
2386 2211 2454 2280 Pra¬

266 2280 393 2356 tique:
426 2280 587 2356 comme
607 2280 627 2356 il
653 2280 747 2356 vous
767 2280 834 2356 ſera
888 2280 1115 2356 demonſtré
1142 2280 1229 2356 tout
1255 2280 1255 2356 à
1289 2280 1463 2356 l’inſtant
1489 2280 1516 2356 en
1550 2280 1570 2356 la
1616 2280 1851 2356 declaration
1897 2280 1931 2356 de
1958 2280 2091 2356 noſtre
2151 2280 2305 2356 Cercle;
2339 2280 2365 2356 où
2412 2280 2459 2356 les

279 2349 439 2425 meſures
486 2349 486 2425 &
520 2349 787 2425 proportions
821 2349 847 2425 de
874 2349 1068 2425 l’homme
1095 2349 1182 2425 ſont
1209 2349 1443 2425 appliquées
1469 2349 1469 2425 à
1496 2349 1697 2425 l’homme
1737 2349 1884 2425 meſme,
1931 2349 1931 2425 &
1958 2349 2024 2425 aux
2065 2349 2352 2425 mouvements
2386 2349 2459 2425 qu’il

265 2418 321 2493 fait
348 2418 439 2493 avec
459 2418 508 2493 ſes
536 2418 695 2493 propres
737 2418 945 2493 membres,
966 2418 1146 2493 oùladite
1174 2418 1410 2493 proportion
1451 2418 1472 2493 ſe
1500 2418 1659 2493 trouve,
1701 2418 1701 2493 &
1729 2418 1805 2493 ſans
1826 2418 1999 2493 laquelle
2020 2418 2041 2493 il
2055 2418 2117 2493 luy
2152 2418 2193 2493 eſt
2221 2418 2450 2493 impoſſible

274 2488 301 2564 de
328 2488 416 2564 faire
443 2488 463 2564 la
510 2488 679 2564 moindre
713 2488 835 2564 action
882 2488 909 2564 du
984 2488 1126 2564 Monde.
1227 2488 1261 2564 En
1295 2488 1538 2564 pratiquant
1572 2488 1666 2564 donc
1700 2488 1768 2564 ceſt
1815 2488 2004 2564 Exercice,
2031 2488 2187 2564 comme
2214 2488 2275 2564 i’ay
2309 2488 2369 2564 fait
2396 2488 2451 2564 par

267 2556 458 2630 pluſieurs
478 2556 643 2630 années,
669 2556 695 2630 en
741 2556 860 2630 divers
886 2556 992 2630 pays,
1031 2556 1038 2630 &
1058 2556 1143 2630 avec
1183 2556 1209 2630 de
1242 2556 1381 2630 grands
1407 2556 1624 2630 amateurs;
1664 2556 1750 2630 dont
1769 2556 1815 2630 les
1848 2556 1914 2630 uns
1941 2556 2119 2630 tiroyent
2145 2556 2145 2630 à
2171 2556 2191 2630 la
2237 2556 2455 2630 Françoiſe,

259 2627 303 2699 les
329 2627 462 2699 autres
487 2627 493 2699 à
525 2627 791 2699 l’Italienne,
848 2627 848 2699 &
879 2627 904 2699 en
942 2627 1094 2699 ſomme
1132 2627 1290 2699 chaſcun
1322 2627 1328 2699 à
1354 2627 1373 2699 ſa
1423 2627 1550 2699 mode;
1569 2627 1638 2699 j’ay
1676 2627 1733 2699 veu
1784 2627 1879 2699 qu’on
1917 2627 2220 2699 s’accouſtume
2246 2627 2303 2699 par
2334 2627 2417 2699 tout
2442 2627 2442 2699 à

278 2696 327 2768 des
355 2696 530 2768 poſtures
565 2696 790 2768 eſtranges,
811 2696 839 2768 le
874 2696 980 2768 corps
1008 2696 1071 2768 plié
1106 2696 1127 2768 en
1169 2696 1359 2768 pluſieurs
1387 2696 1605 2768 courbures
1633 2696 1633 2768 à
1675 2696 1780 2768 pieds
1829 2696 1829 2768 &
1850 2696 2005 2768 jambes
2047 2696 2265 2768 diſioinctes
2286 2696 2377 2768 hors
2419 2696 2447 2768 de

266 2765 497 2837 proportion
535 2765 747 2837 naturelle,
809 2765 809 2837 &
841 2765 866 2837 en
903 2765 1116 2837 ſituations
1159 2765 1184 2837 du
1222 2765 1303 2837 tout
1334 2765 1622 2837 repugnantes
1653 2765 1653 2837 à
1678 2765 1703 2837 la
1747 2765 1853 2837 mode
1890 2765 2090 2837 ordinaire
2128 2765 2228 2837 qu’on
2278 2765 2371 2837 tient
2415 2765 2440 2837 en

267 2834 504 2906 cheminant
543 2834 576 2906 ou
622 2834 648 2906 en
701 2834 944 2906 demeurant
971 2834 1115 2906 ferme:
1161 2834 1188 2906 de
1221 2834 1319 2906 ſorte
1365 2834 1464 2906 qu’au
1503 2834 1569 2906 lieu
1622 2834 1648 2906 de
1688 2834 1773 2906 faire
1806 2834 1990 2906 paroiſtre
2023 2834 2082 2906 par
2115 2834 2161 2906 ces
2207 2834 2312 2906 mines
2345 2834 2444 2906 quel¬

274 2902 334 2976 que
368 2902 488 2976 grand
515 2902 695 2976 courage,
728 2902 762 2976 on
795 2902 1102 2976 s’incommode
1156 2902 1156 2976 &
1182 2902 1409 2976 amoindrit
1436 2902 1469 2976 on
1503 2902 1550 2976 ſes
1576 2902 1737 2976 propres
1763 2902 1904 2976 forces,
1930 2902 2104 2976 pluſtoſt
2131 2902 2197 2976 que
2237 2902 2297 2976 d’en
2344 2902 2451 2976 obte¬

261 2972 310 3047 nir
337 2972 483 3047 l’effect
525 2972 552 3047 de
587 2972 809 3047 l’intention
843 2972 1093 3047 pretendue.
1211 2972 1246 3047 Ce
1280 2972 1343 3047 que
1377 2972 1634 3047 conſiderant
1668 2972 1696 3047 de
1724 2972 1821 3047 pres,
1869 2972 1869 3047 &
1897 2972 2057 3047 ſachant
2091 2972 2348 3047 d’autrepart,
2382 2972 2445 3047 que

264 3042 369 3115 touts
396 3042 442 3115 les
501 3042 574 3115 Arts
613 3042 818 3115 enſuivent
850 3042 870 3115 la
936 3042 1088 3115 Nature,
1107 3042 1187 3115 ſans
1206 3042 1345 3115 jamais
1378 3042 1378 3115 y
1417 3042 1694 3115 contrevenir,
1720 3042 1786 3115 j’en
1819 3042 1859 3115 ay
1885 3042 1984 3115 prins
2017 3042 2188 3115 occaſion
2234 3042 2261 3115 de
2293 3042 2445 3115 vouloir

267 3109 458 3167 conduire
486 3109 581 3167 auſsi
602 3109 731 3167 noſtre
793 3109 963 3167 Exercice
990 3109 990 3167 à
1018 3109 1038 3167 la
1086 3109 1215 3167 meſme
1277 3109 1427 3167 Eſchole
1468 3109 1495 3167 de
1529 3109 1625 3167 ceſte
1666 3109 1904 3167 Souveraine
1973 3109 2164 3167 Maiſtreſſe
2204 3109 2259 3167 des
2286 3109 2443 3167 bonnes

259 3179 509 3255 inventions.
604 3179 604 3255 n
658 3179 759 3255 quoy
786 3179 854 3255 j’ay
881 3179 1091 3255 remarqué
1124 3179 1469 3255 premierement,
1516 3179 1577 3255 que
1604 3179 1739 3255 toutes
1760 3179 1807 3255 les
1875 3179 2023 3255 Meſures
2077 3179 2077 3255 &
2104 3179 2314 3255 Inſtances
2341 3179 2341 3255 à
2388 3179 2449 3255 ob¬

262 3248 382 3321 ſerver
408 3248 435 3321 en
488 3248 582 3321 ceſte
622 3248 795 3321 Pratique
835 3248 922 3321 (qui
948 3248 1035 3321 ſont
1055 3248 1102 3321 les
1128 3248 1322 3321 premiers
1348 3248 1622 3321 fondements
1682 3248 1688 3321 &
1715 3248 1875 3321 l’appuyv
1915 3248 1941 3321 de
1968 3248 2108 3321 toutes
2128 3248 2175 3321 les
2208 3248 2355 3321 parties
2375 3248 2448 3321 ſui¬

2287 3328 2419 3383 vantes
