2672 3578
298 60 451 166 vantes)
478 60 704 166 procedent
738 60 764 166 de
791 60 811 166 la
838 60 1078 166 proportion
1124 60 1151 166 du
1191 60 1298 166 corps
1331 60 1358 166 de
1384 60 1598 166 l’homme;
1631 60 1791 166 comme
1811 60 1911 166 auſsi
1931 60 2011 166 ſans
2038 60 2064 166 la
2118 60 2251 166 meſme
2284 60 2471 166 cognoiſ-

294 128 401 231 ſance
435 128 509 231 elles
536 128 569 231 ne
603 128 844 231 ſçauroyent
878 128 965 231 eſtre
999 128 1187 231 deuemẽt
1220 128 1482 231 comprinſes,
1509 128 1576 231 non
1609 128 1690 231 plus
1723 128 1784 231 que
1824 128 1945 231 d’eſtre
1978 128 2213 231 pratiquées
2240 128 2327 231 avec
2354 128 2475 231 aſſeu-

291 206 417 301 rance.
491 206 491 301 &
524 206 684 301 qu’auſsi
704 206 731 301 le
757 206 957 301 ſemblabe
990 206 1017 301 en
1057 206 1104 301 eſt
1124 206 1144 301 il
1177 206 1224 301 des
1263 206 1310 301 Pas
1363 206 1363 301 &
1417 206 1650 301 Demarches
1683 206 1896 301 ordinaires
1936 206 1963 301 ou
2003 206 2369 301 extraordinaires,
2403 206 2469 301 que

289 272 425 371 l’uſage
466 272 493 371 de
513 272 731 371 l’Exercice
786 272 786 371 &
806 272 827 371 la
861 272 997 371 varieté
1038 272 1086 371 des
1120 272 1317 371 occaſions
1345 272 1597 371 requierent.
1645 272 1692 371 Par
1726 272 1747 371 où
1788 272 1801 371 il
1829 272 1985 371 appert,
2019 272 2094 371 qu’il
2128 272 2210 371 faut
2237 272 2367 371 entrer
2394 272 2414 371 ſi
2449 272 2476 371 a-

292 348 374 436 vant
406 348 432 436 en
476 348 565 436 ceſte
597 348 877 436 cognoiſſance
922 348 954 436 de
979 348 1005 436 la
1043 348 1278 436 proportion
1329 348 1380 436 des
1431 348 1622 436 membres
1679 348 1686 436 &
1718 348 1858 436 parties
1902 348 1928 436 du
1985 348 2087 436 corps
2112 348 2310 436 humain,
2354 348 2456 436 qu’on

293 419 405 508 puiſſe
431 419 431 508 à
464 419 549 508 tout
569 419 595 508 le
641 419 752 508 moins
772 419 857 508 faire
897 419 1067 508 quelque
1093 419 1343 508 raiſonnable
1369 419 1585 508 jugement
1625 419 1651 508 de
1670 419 1697 508 la
1729 419 1861 508 portee
1913 419 1939 508 de
1972 419 2129 508 chaſcun
2189 419 2470 508 mouvement,

286 481 286 576 à
320 481 555 576 proportion
602 481 622 576 du
676 481 844 576 membre
878 481 911 576 ou
959 481 1006 576 des
1046 481 1254 576 membres,
1288 481 1349 576 d’où
1389 481 1402 576 il
1436 481 1604 576 depend,
1644 481 1651 576 &
1685 481 1860 576 desquels
1880 481 1900 576 il
1934 481 2008 576 doit
2034 481 2129 576 eſtre
2162 481 2371 576 continué,
2391 481 2472 576 fini,

289 569 445 640 tourné,
471 569 679 640 retourné,
698 569 841 640 laſché,
867 569 1016 640 bandé,
1049 569 1075 640 ou
1120 569 1263 640 changé
1296 569 1322 640 en
1373 569 1458 640 mille
1510 569 1516 640 &
1555 569 1640 640 mille
1685 569 1880 640 manieres.

355 621 376 711 Il
404 621 480 711 faut
528 621 618 711 donc
646 621 791 711 ſçavoir
826 621 923 711 pour
950 621 978 711 le
1013 621 1213 711 premier,
1255 621 1317 711 que
1345 621 1393 711 les
1442 621 1691 711 Philoſophes
1725 621 1954 711 attribuent
1988 621 1995 711 à
2037 621 2065 711 ce
2134 621 2390 711 Microcoſme
2431 621 2459 711 du

290 695 393 778 corps
420 695 577 778 humain
625 695 782 778 diverſes
802 695 966 778 figures,
1000 695 1089 778 dont
1109 695 1129 778 il
1150 695 1218 778 ſera
1245 695 1341 778 parlé
1368 695 1580 778 autrepart
1614 695 1641 778 de
1669 695 1689 778 la
1716 695 2003 778 triangulaire,
2044 695 2405 778 quadrangulaire,
2467 695 2467 778 &

285 764 541 846 pentagone.
583 764 881 846 Preſentement
908 764 1005 846 nous
1040 764 1179 846 diſons,
1213 764 1289 846 qu’il
1317 764 1359 846 eſt
1386 764 1476 846 auſſi
1497 764 1594 846 rond
1629 764 1657 846 ou
1712 764 1906 846 circulaire
1941 764 1961 846 en
2003 764 2024 846 la
2065 764 2183 846 figure
2225 764 2252 846 de
2280 764 2328 846 ſes
2370 764 2467 846 mou-

284 832 484 917 vements.
512 832 512 917 à
553 832 650 917 quoy
677 832 884 917 s’accorde
905 832 933 917 le
967 832 1036 917 dire
1071 832 1340 917 dHippocras
1375 832 1499 917 Prince
1540 832 1589 917 des
1651 832 1851 917 Medecins,
1878 832 1941 917 que
1961 832 1989 917 le
2023 832 2127 917 corps
2161 832 2203 917 eſt
2230 832 2265 917 un
2327 832 2472 917 Cercle.

306 903 339 985 Ce
379 903 439 985 qui
466 903 493 985 ſe
519 903 613 985 peut
653 903 839 985 entendre
873 903 952 985 tant
986 903 1012 985 au
1059 903 1192 985 regard
1232 903 1279 985 des
1312 903 1466 985 actions
1519 903 1519 985 &
1559 903 1785 985 operations
1825 903 2039 985 naturelles
2079 903 2105 985 de
2132 903 2179 985 ſes
2205 903 2345 985 parties
2372 903 2472 985 inte-

279 973 439 1052 rieures,
490 973 490 1052 &
528 973 554 1052 de
579 973 675 1052 leurs
701 973 937 1052 alterations
963 973 1225 1052 ſubalternes,
1244 973 1455 1052 tellement
1487 973 1749 1052 reciproques
1800 973 1806 1052 &
1832 973 2100 1052 ſuccedantes
2126 973 2170 1052 les
2196 973 2292 1052 unes
2317 973 2381 1052 aux
2407 973 2464 1052 au-

281 1042 372 1122 tres,
405 1042 483 1122 qu’il
509 1042 541 1122 ne
574 1042 619 1122 s’y
645 1042 782 1122 trouve
814 1042 879 1122 non
918 1042 996 1122 plus
1029 1042 1061 1122 de
1094 1042 1464 1122 commencement
1490 1042 1529 1122 ne
1568 1042 1600 1122 de
1626 1042 1698 1122 fin,
1737 1042 1834 1122 qu’en
1886 1042 1906 1122 la
1945 1042 2127 1122 rondeur
2172 1042 2276 1122 d’une
2322 1042 2471 1122 circon-

280 1112 451 1191 ference.
497 1112 583 1191 auſſi
609 1112 635 1191 ſe
662 1112 754 1191 peut
780 1112 793 1191 il
820 1112 1024 1191 rapporter
1050 1112 1050 1191 à
1076 1112 1096 1191 la
1129 1112 1254 1191 figure
1287 1112 1320 1191 de
1346 1112 1452 1191 touts
1478 1112 1524 1191 ſes
1564 1112 1847 1191 mouvements
1866 1112 2024 1191 locaux,
2057 1112 2110 1191 qui
2136 1112 2163 1191 va
2196 1112 2400 1191 touſiours
2426 1112 2452 1191 en

281 1180 396 1259 rond,
416 1180 667 1259 s’eſtendant
707 1180 836 1259 depuis
856 1180 883 1259 le
917 1180 1039 1259 centre
1079 1180 1106 1259 de
1133 1180 1154 1259 ſa
1187 1180 1289 1259 force
1316 1180 1458 1259 juſqu’à
1492 1180 1695 1259 l’extreme
1728 1180 2033 1259 circonference
2073 1180 2100 1259 de
2128 1180 2148 1259 ſa
2182 1180 2378 1259 foibleſſe.
2445 1180 2466 1259 Or

281 1249 362 1328 puis
396 1249 471 1328 qu’il
498 1249 545 1328 eſt
579 1249 674 1328 donc
701 1249 1012 1328 preſentement
1053 1249 1249 1328 queſtion,
1289 1249 1316 1328 de
1343 1249 1438 1328 vous
1472 1249 1553 1328 faire
1594 1249 1668 1328 voir
1689 1249 1709 1328 la
1783 1249 1925 1328 Meſure,
1959 1249 2013 1328 qui
2047 1249 2115 1328 ſoit
2155 1249 2406 1328 convenable
2467 1249 2474 1328 &

276 1324 610 1396 proportionnée
635 1324 635 1396 à
661 1324 680 1396 la
712 1324 873 1396 ſtature,
905 1324 1136 1396 ſituations,
1174 1324 1418 1396 demarches,
1469 1324 1476 1396 &
1521 1324 1822 1396 generalement
1848 1324 1848 1396 à
1880 1324 1989 1396 touts
2015 1324 2060 1396 les
2104 1324 2387 1396 mouvements
2419 1324 2470 1396 ex-

278 1390 440 1465 terieurs
479 1390 505 1465 de
538 1390 564 1465 ce
610 1390 740 1465 meſme
772 1390 896 1465 corps;
922 1390 1026 1465 voicy
1052 1390 1072 1465 la
1104 1390 1228 1465 figure
1267 1390 1293 1465 de
1319 1390 1456 1465 noſtre
1508 1390 1645 1465 Cercle,
1677 1390 1736 1465 que
1769 1390 1866 1465 nous
1899 1390 2023 1465 diſons
2055 1390 2237 1465 contenir
2264 1390 2400 1465 toutes
2426 1390 2472 1465 les

273 1460 441 1536 ſuſdites
470 1460 652 1536 qualitez,
709 1460 709 1536 &
737 1460 828 1536 eſtre
856 1460 919 1536 tiré
962 1460 990 1536 de
1018 1460 1039 1536 la
1067 1460 1208 1536 propre
1257 1460 1390 1536 meſure
1447 1460 1447 1536 &
1475 1460 1714 1536 proportion
1763 1460 1784 1536 du
1833 1460 1939 1536 corps
1974 1460 2002 1536 de
2030 1460 2255 1536 l’homme.
2354 1460 2473 1536 Touts

268 1531 317 1603 les
387 1531 732 1603 Mathematiciens
760 1531 935 1603 ſçavent,
970 1531 1034 1603 que
1069 1531 1090 1603 la
1125 1531 1245 1603 figure
1280 1531 1484 1603 circulaire
1526 1531 1554 1603 ou
1589 1531 1715 1603 ronde
1758 1531 1800 1603 eſt
1828 1531 1849 1603 la
1891 1531 1969 1603 plus
2004 1531 2165 1603 ſimple,
2193 1531 2215 1603 la
2257 1531 2475 1603 premiere,

279 1597 373 1674 voire
407 1597 495 1674 auſſi
522 1597 535 1674 la
583 1597 657 1674 plus
684 1597 873 1674 parfaite,
907 1597 927 1674 la
961 1597 1042 1674 plus
1076 1597 1319 1674 excellente,
1373 1597 1373 1674 &
1400 1597 1420 1674 la
1447 1597 1528 1674 plus
1562 1597 1717 1674 capable
1758 1597 1785 1674 de
1819 1597 1954 1674 toutes
1981 1597 2075 1674 pour
2096 1597 2116 1674 la
2156 1597 2332 1674 defenſe;
2366 1597 2467 1674 com-

288 1666 330 1741 me
358 1666 443 1741 celle
478 1666 534 1741 qui
562 1666 597 1741 ne
625 1666 647 1741 ſe
675 1666 773 1741 laiſſe
801 1666 970 1741 toucher
998 1666 1026 1741 en
1062 1666 1076 1741 la
1111 1666 1280 1741 ſurface,
1315 1666 1406 1741 qu’en
1449 1666 1484 1741 un
1519 1666 1596 1741 ſeul
1624 1666 1737 1741 point
1772 1666 1772 1741 à
1800 1666 1821 1741 la
1857 1666 1941 1741 fois:
1990 1666 2082 1741 dont
2117 1666 2187 1741 une
2222 1666 2349 1741 figure
2370 1666 2391 1741 ſi
2419 1666 2476 1741 ac-

277 1736 446 1808 complie
472 1736 511 1808 ne
550 1736 674 1808 devoit
700 1736 759 1808 pas
804 1736 986 1808 manquer
1012 1736 1012 1808 à
1045 1736 1077 1808 un
1123 1736 1233 1808 corps
1259 1736 1273 1808 ſi
1299 1736 1442 1808 noble:
1474 1736 1624 1808 auquel
1656 1736 1747 1808 auſsi
1787 1736 1845 1808 elle
1878 1736 1969 1808 peut
2008 1736 2099 1808 eſtre
2138 1736 2392 1808 demonſtrée
2437 1736 2457 1808 en

275 1803 432 1872 diverſes
472 1803 669 1872 manieres;
715 1803 715 1872 &
741 1803 1090 1872 principalement
1116 1803 1169 1872 ſur
1195 1803 1215 1872 la
1241 1803 1412 1872 longeur
1445 1803 1649 1872 eſtendue,
1708 1803 1754 1872 eſt
1780 1803 1780 1872 à
1819 1803 1885 1872 dire
1918 1803 2050 1872 quand
2069 1803 2089 1872 il
2115 1803 2135 1872 ſe
2161 1803 2260 1872 tient
2299 1803 2391 1872 droit
2418 1803 2470 1872 ſur

269 1868 314 1945 ſes
334 1868 489 1945 jambes
521 1868 521 1945 ,
553 1868 560 1945 à
599 1868 709 1945 pieds
735 1868 903 1945 joints,
961 1868 961 1945 &
980 1868 1026 1945 les
1052 1868 1136 1945 bras
1162 1868 1349 1945 eſtendus
1388 1868 1640 1945 droitement
1666 1868 1692 1945 en
1737 1868 1860 1945 haut,
1893 1868 2106 1945 tellement
2151 1868 2216 1945 que
2248 1868 2294 1945 les
2326 1868 2468 1945 coudes

268 1937 330 2011 luy
365 1937 517 2011 egalent
538 1937 566 2011 le
586 1937 766 2011 ſommet
801 1937 836 2011 de
856 1937 877 2011 la
912 1937 1022 2011 teſte.
1092 1937 1147 2011 Car
1168 1937 1237 2011 lors
1272 1937 1355 2011 qu’il
1382 1937 1403 2011 ſe
1431 1937 1528 2011 tient
1562 1937 1583 2011 en
1625 1937 1708 2011 telle
1735 1937 1943 2011 ſituation,
1971 1937 2033 2011 ſoit
2074 1937 2227 2011 debout
2261 1937 2400 2011 contre
2427 1937 2462 2011 un

286 2006 372 2083 mur,
398 2006 465 2083 ſoit
498 2006 650 2083 eſtendu
690 2006 717 2083 en
750 2006 770 2083 la
816 2006 949 2083 meſme
982 2006 1075 2083 ſorte
1108 2006 1161 2083 par
1194 2006 1307 2083 terre,
1353 2006 1360 2083 &
1400 2006 1499 2083 qu’on
1533 2006 1592 2083 luy
1639 2006 1751 2083 mette
1785 2006 1877 2083 l’une
1917 2006 1970 2083 des
1997 2006 2196 2083 branches
2236 2006 2309 2083 d’un
2355 2006 2468 2083 grand

277 2076 437 2148 compas
464 2076 517 2148 ſur
537 2076 564 2148 le
590 2076 791 2148 nombril,
837 2076 837 2148 &
864 2076 998 2148 l’autre
1018 2076 1071 2148 ſur
1098 2076 1145 2148 les
1178 2076 1305 2148 orteils
1332 2076 1365 2148 ou
1405 2076 1539 2148 contre
1559 2076 1579 2148 la
1612 2076 1745 2148 plante
1792 2076 1839 2148 des
1872 2076 1999 2148 pieds,
2059 2076 2066 2148 &
2106 2076 2206 2148 qu’on
2253 2076 2280 2148 en
2326 2076 2393 2148 tire
2433 2076 2453 2148 en

271 2143 370 2224 rond
409 2143 475 2224 une
515 2143 845 2224 circonference,
878 2143 892 2224 il
918 2143 944 2224 en
984 2143 1143 2224 ſourdra
1182 2143 1215 2224 un
1281 2143 1420 2224 Cercle;
1460 2143 1546 2224 dont
1572 2143 1598 2224 le
1651 2143 1783 2224 Centre
1810 2143 1876 2224 ſera
1909 2143 1962 2224 ſur
1982 2143 2008 2224 le
2048 2143 2226 2224 nombril
2272 2143 2299 2224 de
2332 2143 2352 2224 la
2391 2143 2471 2224 per-

270 2213 416 2284 ſonne,
441 2213 466 2284 le
523 2213 707 2284 Diametre
738 2213 764 2284 en
802 2213 871 2284 ſera
903 2213 1067 2284 comme
1086 2213 1111 2284 la
1137 2213 1314 2284 hauteur
1346 2213 1554 2284 eſtendue,
1605 2213 1605 2284 &
1630 2213 1649 2284 la
1719 2213 2029 2284 Circonference
2067 2213 2092 2284 en
2136 2213 2332 2284 touchera
2383 2213 2453 2284 d’un

284 2282 376 2364 coſté
404 2282 426 2364 la
454 2282 588 2364 plante
624 2282 673 2364 des
702 2282 829 2364 pieds,
893 2282 893 2364 &
914 2282 921 2364 à
942 2282 1154 2364 l’oppoſite
1183 2282 1225 2364 les
1246 2282 1374 2364 bouts
1409 2282 1437 2364 de
1459 2282 1508 2364 ſes
1544 2282 1678 2364 doigts.
1720 2282 1749 2364 Si
1777 2282 1805 2364 on
1848 2282 1855 2364 y
1883 2282 2025 2364 trouve
2060 2282 2088 2364 de
2110 2282 2131 2364 la
2166 2282 2287 2364 faute,
2301 2282 2329 2364 le
2364 2282 2470 2364 corps

275 2351 323 2423 n’a
357 2351 411 2423 pas
446 2351 514 2423 eſté
548 2351 808 2423 exactement
842 2351 1143 2423 proportionné
1177 2351 1335 2423 ſuivant
1355 2351 1403 2423 les
1430 2351 1547 2423 regles
1581 2351 1615 2423 de
1642 2351 1663 2423 ſa
1697 2351 1991 2423 compoſition.
2121 2351 2142 2423 Or
2176 2351 2258 2423 voilà
2313 2351 2463 2423 mainte-

272 2420 367 2494 nant
394 2420 414 2494 le
468 2420 603 2494 Cercle,
637 2420 779 2494 duquel
799 2420 901 2494 nous
928 2420 1178 2494 pretendons
1205 2420 1286 2494 uſer
1313 2420 1340 2494 en
1380 2420 1468 2494 tout
1502 2420 1529 2494 ce
1570 2420 1664 2494 Livre
1691 2420 1793 2494 pour
1813 2420 1989 2494 l’adreſſe
2029 2420 2056 2494 de
2083 2420 2218 2494 noſtre
2272 2420 2462 2494 Exercice:

275 2490 427 2560 lequel,
462 2490 627 2560 d’autant
669 2490 745 2560 qu’il
780 2490 821 2560 eſt
856 2490 1160 2560 proportionné
1194 2490 1194 2560 à
1229 2490 1249 2560 la
1291 2490 1491 2560 longueur
1526 2490 1719 2560 eſtendue
1761 2490 1788 2560 de
1823 2490 2044 2560 lhomme,
2072 2490 2175 2560 nous
2217 2490 2341 2560 diſons
2369 2490 2466 2560 auſsi

279 2559 369 2629 eſtre
394 2559 695 2629 proportionné
721 2559 721 2629 à
753 2559 862 2629 touts
888 2559 932 2629 les
971 2559 1259 2629 mouuements
1298 2559 1375 2629 qu’il
1394 2559 1567 2629 ſçauroit
1592 2559 1708 2629 faire,
1727 2559 1919 2629 avecbras
1977 2559 1977 2629 &
2002 2559 2169 2629 jambes,
2227 2559 2227 2629 &
2252 2559 2336 2629 avec
2374 2559 2464 2629 tout

273 2627 300 2700 le
326 2627 433 2700 corps
467 2627 600 2700 entier,
634 2627 660 2700 ou
700 2627 787 2700 avec
821 2627 1015 2700 chaſcune
1055 2627 1081 2700 de
1121 2627 1161 2700 ſes
1195 2627 1349 2700 parties.
1475 2627 1496 2700 On
1536 2627 1723 2700 pourroit
1749 2627 1836 2700 tirer
1870 2627 1990 2700 encor
2030 2627 2190 2700 d’autres
2250 2627 2391 2700 Cercles
2438 2627 2464 2700 de

280 2695 377 2780 ceſte
409 2695 642 2780 proportion
687 2695 719 2780 de
745 2695 939 2780 l’homme
971 2695 997 2780 en
1042 2695 1197 2780 diverſes
1242 2695 1423 2780 manieres
1442 2695 1636 2780 (comme
1668 2695 1687 2780 en
1745 2695 1907 2780 mettant
1933 2695 1958 2780 le
2010 2695 2146 2780 Centre
2171 2695 2223 2780 ſur
2249 2695 2294 2780 les
2320 2695 2468 2780 parties

273 2765 511 2852 honteuſes,
557 2765 557 2852 &
576 2765 596 2852 la
656 2765 959 2852 Circonference
985 2765 1018 2852 au
1051 2765 1229 2852 ſommet
1268 2765 1295 2852 de
1321 2765 1341 2852 la
1374 2765 1466 2852 teſte
1518 2765 1518 2852 &
1545 2765 1545 2852 à
1571 2765 1598 2852 la
1624 2765 1756 2852 plante
1795 2765 1841 2852 des
1868 2765 2013 2852 pieds.)
2059 2765 2131 2852 mais
2157 2765 2269 2852 iceux
2296 2765 2335 2852 ne
2375 2765 2461 2852 peu-

278 2832 360 2916 vent
392 2832 492 2916 avoir
511 2832 530 2916 la
581 2832 713 2916 meſme
738 2832 965 2916 ſuffiſance,
990 2832 1028 2916 ne
1053 2832 1072 2916 la
1110 2832 1368 2916 convenance
1400 2832 1450 2916 des
1494 2832 1658 2916 meſures,
1689 2832 1752 2916 que
1778 2832 1878 2916 nous
1910 2832 2099 2916 cerchons
2124 2832 2458 2916 preſentement;

275 2902 275 2981 à
309 2902 423 2981 raiſon
470 2902 564 2981 qu’ils
584 2902 691 2981 n’ont
725 2902 778 2981 pas
812 2902 845 2981 de
872 2902 1107 2981 proportion
1147 2902 1228 2981 avec
1255 2902 1302 2981 les
1322 2902 1402 2981 bras
1436 2902 1630 2981 eſtendus,
1651 2902 1845 2981 auxquels
1865 2902 1885 2981 il
1905 2902 2140 2981 appartient
2174 2902 2194 2981 en
2241 2902 2308 2981 ceſt
2355 2902 2456 2981 Exer-

285 2972 355 3062 cice
390 2972 608 3062 d’executer
636 2972 657 3062 la
699 2972 917 3062 principale
945 2972 1064 3062 partie
1113 2972 1141 3062 de
1176 2972 1197 3062 la
1233 2972 1450 3062 beſoigne:
1478 2972 1577 3062 pour
1605 2972 1773 3062 laquelle
1822 2972 1956 3062 cauſe,
1998 2972 2202 3062 enſemble
2237 2972 2328 3062 auſsi
2363 2972 2461 3062 pour

292 3040 478 3122 quelques
505 3040 629 3122 autres
663 3040 1008 3122 conſiderations,
1035 3040 1076 3122 s’il
1104 3040 1145 3122 eſt
1180 3040 1352 3122 queſtion
1400 3040 1421 3122 de
1448 3040 1476 3122 ſe
1503 3040 1613 3122 ſervir
1634 3040 1689 3122 icy
1737 3040 1758 3122 de
1820 3040 1951 3122 Cercle,
1971 3040 1992 3122 il
2013 3040 2068 3122 n’y
2095 3040 2178 3122 faut
2199 3040 2384 3122 advouer
2405 3040 2467 3122 au-

277 3108 328 3186 tre
372 3108 512 3186 meſure
544 3108 575 3186 de
626 3108 835 3186 Diametre,
867 3108 930 3186 que
968 3108 1051 3186 celle
1083 3108 1140 3186 qui
1165 3108 1362 3186 s’accorde
1400 3108 1660 3186 exatement
1691 3108 1780 3186 avec
1818 3108 1913 3186 ceſte
1939 3108 2148 3186 longueur
2180 3108 2389 3186 eſtendue.
