7236 8644
1752 1301 1915 1438 Yant
1990 1301 2302 1438 monſtré
2352 1301 2402 1438 la
2477 1301 2877 1438 dimenſion
2964 1301 3014 1438 du
3114 1301 3389 1438 Diame-

1712 1427 1849 1548 tre,
1912 1427 1962 1548 le
2062 1427 2349 1548 Centre,
2449 1427 2461 1548 &
2511 1427 2549 1548 la
2649 1427 3286 1548 Circonference,
3348 1427 3386 1548 il

1720 1557 2019 1686 s’enſuit
2118 1557 2594 1686 maintenant
2671 1557 2804 1686 que
2870 1557 3059 1686 nous
3147 1557 3379 1686 decla-

1708 1686 1920 1812 rions
1979 1686 2156 1812 auſſi
2215 1686 2262 1812 le
2333 1686 2580 1812 reſte;
2639 1686 2827 1812 pour
2910 1686 3110 1812 venir
3169 1686 3381 1812 apres

1250 1809 1392 1943 aux
1439 1809 1972 1943 proportions
2055 1809 2162 1943 qui
2233 1809 2280 1943 en
2387 1809 2908 1943 dependent:
3038 1809 3038 1943 &
3109 1809 3109 1943 à
3204 1809 3382 1943 ceſte

1245 1934 1317 2040 fin
1389 1934 1545 2040 faut
1593 1934 2267 2040 neceſſairement
2339 1934 2652 2040 deſcrire
2700 1934 2760 2040 le
2844 1934 3085 2040 Cercle
3157 1934 3385 2040 entier

1244 2060 1351 2191 ſur
1422 2060 1482 2191 un
1577 2060 1719 2191 plan
1802 2060 1957 2191 bien
2052 2060 2171 2191 uni
2242 2060 2290 2191 en
2373 2060 2408 2191 ſa
2480 2060 2682 2191 juſte
2812 2060 2812 2191 &
2896 2060 3383 2191 convenable

1268 2186 1678 2320 grandeur,
1725 2186 1772 2320 en
1842 2186 2182 2320 prenant
2229 2186 2264 2320 la
2358 2186 2627 2320 meſure
2697 2186 2744 2320 du
2862 2186 3237 2320 Diametre
3283 2186 3389 2320 ſur

1241 2312 1289 2452 la
1337 2312 1747 2452 longueur
1819 2312 2192 2452 eſtendue
2265 2312 2469 2452 d’une
2518 2312 2963 2452 perſonne,
3036 2312 3084 2452 au
3180 2312 3385 2452 corps

1276 2437 1336 2571 de
1384 2437 1720 2571 laquelle
1792 2437 1840 2571 on
1924 2437 2201 2571 voudra
2261 2437 2441 2571 faire
2489 2437 2585 2571 les
2645 2437 3018 2571 preuves.
3126 2437 3174 2571 Or
3258 2437 3390 2571 voi-

1276 2567 1335 2696 cy
1394 2567 1703 2696 comme
1750 2567 1786 2696 il
1845 2567 1857 2696 y
1904 2567 2165 2696 faudra
2224 2567 2651 2696 proceder.

1420 2686 1820 2819 Choiſiſſez
1895 2686 1957 2819 un
2044 2686 2169 2819 lieu
2244 2686 2556 2819 propre,
2631 2686 2693 2819 ou
2756 2686 2793 2819 il
2856 2686 2868 2819 y
2918 2686 3005 2819 ait
3055 2686 3118 2819 un
3193 2686 3405 2819 plan-

1271 2808 1423 2944 cher
1493 2808 1644 2944 bien
1737 2808 1889 2944 uni;
1947 2808 2052 2944 ſur
2099 2808 2367 2944 lequel
2437 2808 2623 2944 vous
2693 2808 3148 2944 marquerez
3206 2808 3393 2944 pour

1245 2934 1292 3068 le
1351 2934 1691 3068 premier
1738 2934 1914 3068 avec
1984 2934 2054 3068 de
2101 2934 2137 3068 la
2219 2934 2442 3068 croye
2488 2934 2547 3068 le
2594 2934 2864 3068 point
2934 2934 2981 3068 du
3075 2934 3263 3068 Centre,
3321 2934 3368 3068 en

1257 3058 1340 3192 tel
1399 3058 1706 3192 endroit
1777 3058 1884 3192 qui
1943 3058 2120 3192 vous
2167 3058 2545 3192 ſemblera
2604 3058 2770 3192 plus
2829 3058 3290 3192 commode.

1424 3183 1547 3319 Cela
1608 3183 1768 3319 fait,
1805 3183 2100 3319 prenez
2149 3183 2285 3319 une
2371 3183 2567 3319 eſpee
2641 3183 2703 3319 de
2752 3183 2789 3319 la
2850 3183 3244 3319 longueur
3318 3183 3367 3319 du

1266 3315 1957 3434 demi-diametre,
2029 3315 2195 3434 telle
2267 3315 2398 3434 que
2446 3315 2481 3434 la
2553 3315 2863 3434 poincte
2934 3315 3161 3434 eſtant
3244 3315 3387 3434 miſe

1258 3429 1304 3568 en
1385 3429 1582 3568 terre
1651 3429 1848 3568 entre
1906 3429 1998 3568 les
2079 3429 2265 3568 deux
2322 3429 2531 3568 pieds
2600 3429 2670 3568 de
2716 3429 2762 3568 la
2820 3429 3248 3568 perſonne,
3294 3429 3399 3568 les

1245 3564 1638 3686 branches
1710 3564 1769 3686 de
1841 3564 1877 3686 la
1972 3564 2187 3686 garde
2246 3564 2365 3686 luy
2461 3564 2830 3686 viennent
2878 3564 3319 3686 juſtement
3378 3564 3378 3686 à

1241 3689 1287 3779 la
1343 3689 1684 3779 hauteur
1774 3689 1831 3779 du
1910 3689 2307 3779 nombril:
2432 3689 2432 3779 &
2500 3689 2546 3779 en
2670 3689 2943 3779 mettez
3011 3689 3203 3779 l’une
3283 3689 3396 3779 des

1247 3802 1640 3945 branches
1688 3802 1795 3945 ſur
1842 3802 1890 3945 le
1950 3802 2211 3945 point
2283 3802 2331 3945 du
2438 3802 2723 3945 centre;
2854 3802 2854 3945 &
2926 3802 3176 3945 laiſſez
3271 3802 3390 3945 me-

1251 3931 1371 4057 ner
1426 3931 1470 4057 la
1536 3931 1842 4057 pointe
1919 3931 1929 4057 à
2006 3931 2061 4057 un
2137 3931 2422 4057 ſecond
2476 3931 2662 4057 avec
2728 3931 2794 4057 un
2892 3931 3220 4057 morceau
3319 3931 3385 4057 de

1269 4053 1490 4183 croye
1560 4053 1758 4183 entre
1805 4053 1909 4183 les
1979 4053 2224 4183 doigts
2294 4053 2340 4183 en
2410 4053 2643 4183 rond,
2725 4053 3155 4183 deſcrivant
3225 4053 3400 4183 ainſi

1245 4184 1289 4296 la
1377 4184 1850 4296 Circonference.

1409 4290 1755 4423 Laquelle
1826 4290 2053 4423 eſtant
2113 4290 2399 4423 tracée,
2471 4290 2757 4423 prenez
2828 4290 2972 4423 une
3055 4290 3389 4423 cordelle

1252 4415 1264 4545 à
1320 4415 1355 4545 la
1445 4415 1650 4545 mode
1718 4415 1832 4545 des
1911 4415 2490 4545 charpentiers,
2559 4415 2683 4545 que
2752 4415 2933 4545 vous
2990 4415 3388 4545 frotterez

1251 4539 1433 4669 avec
1512 4539 1569 4669 de
1614 4539 1660 4669 la
1728 4539 1988 4669 croye,
2102 4539 2102 4669 &
2170 4539 2215 4669 en
2306 4539 2658 4669 couchez
2703 4539 2760 4669 le
2862 4539 3123 4669 Diametre
3191 4539 3372 4669 ſelon

1256 4660 1292 4796 la
1364 4660 1854 4796 commodité
1938 4660 1998 4796 de
2046 4660 2093 4796 la
2153 4660 2392 4796 place,
2440 4660 2488 4796 le
2560 4660 3110 4796 prolongeant
3158 4660 3170 4796 à
3241 4660 3409 4796 tou-

1261 4786 1355 4921 tes
1413 4786 1507 4921 ſes
1578 4786 1765 4921 deux
1836 4786 2316 4921 extremitez
2387 4786 2446 4921 de
2492 4786 2528 4921 la
2586 4786 2997 4921 longueur
3067 4786 3126 4921 de
3208 4786 3396 4921 deux

1263 4911 1471 5043 pieds
1552 4911 1760 5043 outre
1818 4911 1853 5043 la
1946 4911 2582 5043 circonference:
2709 4911 2709 5043 &
2802 4911 3253 5043 marquerez
3299 4911 3403 5043 les

1275 5036 1464 5169 deux
1523 5036 1924 5169 coupures
2007 5036 2066 5169 de
2137 5036 2184 5169 la
2302 5036 2963 5169 Circonference;
3034 5036 3211 5169 celle
3294 5036 3400 5169 qui

1278 5159 1368 5294 eſt
1419 5159 1534 5294 par
1597 5159 1764 5294 decà
1815 5159 1879 5294 le
1968 5159 2262 5294 Centre,
2338 5159 2632 5294 d’unC;
2760 5159 2773 5294 &
2811 5159 3118 5294 l’autre,
3169 5159 3169 5294 à
3233 5159 3399 5294 l’op-

1265 5295 1547 5415 poſite,
1614 5295 1749 5415 d’un
1870 5295 1910 5415 X.

1452 5389 1679 5541 Menez
1739 5389 1955 5541 apres
2026 5389 2062 5541 en
2134 5389 2170 5541 la
2266 5389 2517 5541 meſme
2577 5389 2768 5541 ſorte
2828 5389 2936 5541 par
2983 5389 3031 5541 le
3127 5389 3390 5541 Centre

1279 5534 1415 5667 une
1452 5534 1662 5667 ligne
1723 5534 2081 5667 croiſiere
2179 5534 2192 5667 &
2253 5534 3005 5667 perpendiculaire,
3092 5534 3203 5667 qui
3264 5534 3400 5667 ſera

1258 5657 1305 5790 le
1399 5657 1658 5790 Diametre
1705 5657 2199 5790 perpendiculaire,
2257 5657 2798 5790 outrepaſſant
2845 5657 3398 5790 pareillement

1288 5781 1348 5915 de
1396 5781 1492 5915 ſes
1564 5781 1744 5915 deux
1804 5781 2032 5915 bouts
2080 5781 2116 5915 la
2212 5781 2823 5915 Circonference
2871 5781 2883 5915 à
2955 5781 3135 5915 deux
3183 5781 3398 5915 pieds

1289 5904 1349 6040 de
1396 5904 1837 6040 longueur:
1945 5904 1945 6040 &
2028 5904 2386 6040 marquez
2457 5904 2684 6040 encor
2720 5904 3399 6040 ſemblablement

1264 6029 1360 6164 les
1431 6029 1622 6164 deux
1682 6029 2076 6164 coupures
2148 6029 2207 6164 de
2267 6029 2303 6164 la
2399 6029 3043 6164 Circonference,
3115 6029 3413 6164 chaſcu-

1271 6166 1345 6256 ne
1432 6166 1567 6256 d’un
1703 6166 1752 6256 N.

1428 6281 1595 6420 Pour
1643 6281 1964 6420 trouver
2048 6281 2108 6420 ce
2215 6281 2596 6420 Diametre
2656 6281 3407 6420 perpendiculaire,

1301 6409 1574 6539 mettez
1634 6409 2263 6539 premierement
2322 6409 2369 6539 la
2429 6409 2737 6539 pointe
2832 6409 2891 6539 de
2951 6409 3224 6539 l’eſpee
3295 6409 3402 6539 ſur

1265 6527 1301 6636 la
1362 6527 1592 6636 lettre
1688 6527 1725 6636 C.
1821 6527 1821 6636 &
1870 6527 2063 6636 l’une
2124 6527 2245 6636 des
2293 6527 2680 6636 branches
2753 6527 2813 6636 de
2862 6527 2898 6636 la
2971 6527 3249 6636 croiſee
3297 6527 3406 6636 ſur

1270 6651 1306 6790 la
1414 6651 2063 6790 Circonference,
2159 6651 2448 6790 menant
2532 6651 2905 6790 derechef
2965 6651 3001 6790 la
3085 6651 3398 6790 poincte

1281 6777 1932 6892 circulairement
2000 6777 2046 6892 en
2114 6777 2365 6892 avant,
2480 6777 2480 6892 &
2571 6777 2617 6892 en
2719 6777 3153 6892 deſcrivant
3199 6777 3302 6892 ſur
3347 6777 3427 6892 le.

1268 6900 1453 7024 ſeuil
1522 6900 1568 7024 au
1660 6900 1937 7024 dehors
2018 6900 2075 7024 de
2133 6900 2168 7024 la
2260 6900 2859 7024 circonference
2940 6900 2998 7024 un
3090 6900 3251 7024 arc,
3309 6900 3401 7024 re-

1275 7035 1669 7158 ſpondant
1771 7035 1809 7158 en
1923 7035 2164 7158 droite
2241 7035 2444 7158 ligne
2520 7035 2520 7158 à
2609 7035 2647 7158 la
2736 7035 2965 7158 lettre
3079 7035 3079 7158 C
3168 7035 3270 7158 par
3346 7035 3397 7158 le

1276 7158 1546 7274 point
1632 7158 1693 7274 de
1754 7158 2442 7274 l’attouchement
2540 7158 2601 7274 de
2675 7158 2712 7274 la
2797 7158 3178 7274 branche.
3337 7158 3399 7274 Ce

1291 7271 1451 7425 qu’il
1501 7271 1748 7425 faudra
1810 7271 1983 7425 faire
2044 7271 2205 7425 auſſi
2255 7271 2811 7425 pareillement
2872 7271 2922 7425 en
3021 7271 3404 7425 commen-

1400 796 1966 950 SENSVIT
2119 796 2226 950 LA
2425 796 3006 950 MANIERE
3174 796 3281 950 DE

1496 925 2003 1067 COVCHER
2151 925 2238 1067 LE
2361 925 2757 1067 CERCLE
2868 925 3041 1067 SVR
3189 925 3263 1067 LE

1482 1033 1784 1162 PLAN,
1917 1033 2195 1162 AVEC
2340 1033 2727 1162 TOVTES
2860 1033 3005 1162 SES
3150 1033 3259 1162 AP-

1489 1159 2315 1253 PARTENANCES.

3478 775 5694 916 ceant par la lettre X; dont le ſuſdit arc ſera coupé
3563 916 3611 1046 en
3709 916 4049 1046 croiſade
4134 916 4267 1046 d’un
4352 916 4559 1046 autre
4631 916 5105 1046 ſemblable.
5214 916 5408 1046 ceſte
5481 916 5688 1046 croix

3561 1043 3740 1171 vous
3812 1043 4074 1171 ſervira
4170 1043 4230 1171 de
4313 1043 4528 1171 guide
4600 1043 4612 1171 à
4683 1043 4851 1171 tirer
4922 1043 4970 1171 le
5089 1043 5460 1171 Diametre
5519 1043 5686 1171 per-

3548 1167 4150 1293 pendiculaire,
4221 1167 4268 1293 en
4386 1167 4682 1293 menant
4741 1167 4776 1293 la
4871 1167 5201 1293 cordelle
5284 1167 5390 1293 par
5449 1167 5674 1293 icelle

3604 1292 3615 1420 &
3685 1292 3801 1420 par
3859 1292 3917 1420 le
3998 1292 4253 1420 centre
4334 1292 4543 1420 outre
4613 1292 4647 1420 la
4740 1292 5343 1420 circonference
5424 1292 5471 1420 du
5575 1292 5680 1420 co-

3561 1420 3640 1541 ſté
3733 1420 4118 1541 oppoſite.

3752 1540 4013 1678 Mettez
4100 1540 4323 1678 apres
4422 1540 4783 1678 derechef
4845 1540 4882 1678 la
4981 1540 5180 1678 croix
5279 1540 5341 1678 de
5403 1540 5677 1678 l’eſpee

3556 1668 3728 1803 avec
3808 1668 4002 1803 lune
4094 1668 4208 1803 des
4288 1668 4677 1803 branches
4758 1668 4861 1803 ſur
4952 1668 5318 1803 chaſcune
5421 1668 5490 1803 de
5570 1668 5673 1803 ces

3567 1794 3829 1929 quatre
3879 1794 4154 1929 lettres
4255 1794 4292 1929 C.
4392 1794 4430 1929 N.
4530 1794 4567 1929 X.
4667 1794 4705 1929 N.
4817 1794 4830 1929 &
4892 1794 4930 1929 en
5005 1794 5230 1929 faites
5280 1794 5455 1929 tirer
5493 1794 5681 1929 avec

3551 1920 3587 2055 la
3685 1920 4000 2055 pointe
4098 1920 4377 2055 dehors
4438 1920 4499 2055 le
4620 1920 4851 2055 Cercle
4924 1920 4924 2055 à
5033 1920 5410 2055 chaſcune
5495 1920 5690 2055 deux

3550 2047 3730 2178 arcs,
3779 2047 4308 2178 reſpondants
4345 2047 4465 2178 l’un
4525 2047 4537 2178 à
4585 2047 4838 2178 lautre
4911 2047 4959 2178 en
5043 2047 5272 2178 droite
5320 2047 5513 2178 ligne
5561 2047 5681 2178 par

3550 2172 3875 2307 leſdites
3935 2172 4272 2307 lettres:
4368 2172 4536 2307 dont
4596 2172 4633 2307 il
4693 2172 5005 2307 ſourdra
5090 2172 5342 2307 quatre
5427 2172 5691 2307 croiſa-

3574 2295 3719 2433 des,
3803 2295 3900 2433 qui
3984 2295 4431 2433 donneront
4503 2295 4841 2433 l’adreſſe
4913 2295 5106 2433 pour
5179 2295 5516 2433 coucher
5577 2295 5673 2433 les

3569 2430 3754 2554 deux
3847 2430 4136 2554 Diametres
4182 2430 4437 2554 obliques.

3734 2543 3929 2680 Tirez
4003 2543 4149 2680 lors
4234 2543 4600 2680 derechef
4673 2543 4722 2680 en
4808 2543 4844 2680 la
4954 2543 5210 2680 meſme
5283 2543 5478 2680 ſorte
5564 2543 5673 2680 des

3562 2668 3706 2809 arcs
3778 2668 4054 2809 dehors
4090 2668 4474 2809 leCercle
4522 2668 4630 2809 ſur
4666 2668 4774 2809 les
4834 2668 5098 2809 quatre
5146 2668 5386 2809 bouts
5458 2668 5518 2809 de
5578 2668 5686 2809 ces

3573 2794 3763 2932 deux
3871 2794 4288 2932 Diametres
4359 2794 4776 2932 obliques,
4860 2794 5038 2932 deux
5169 2794 5169 2932 &
5253 2794 5444 2932 deux
5503 2794 5694 2932 pour

3575 2925 3879 3058 chaſcun
3964 2925 4279 3058 poinct,
4340 2925 4607 3058 allants
4680 2925 4789 3058 par
4850 2925 4947 3058 les
5057 2925 5348 3058 Diaetres
5409 2925 5688 3058 prolongez

3557 3046 3935 3183 principal
4048 3046 4061 3183 &
4136 3046 4879 3183 perpendiculaire.
5030 3046 5143 3183 Ces
5206 3046 5357 3183 arcs
5420 3046 5685 3183 ſeront

3553 3170 3649 3307 les
3721 3170 4009 3307 bornes
4081 3170 4189 3307 des
4237 3170 4525 3307 parties
4597 3170 5077 3307 adjointes,
5161 3170 5341 3307 dont
5401 3170 5497 3307 les
5581 3170 5689 3307 ex-

3548 3296 3923 3430 tremitez
3993 3296 4251 3430 ſeront
4345 3296 4743 3430 marquées
4813 3296 4872 3430 de
4930 3296 5247 3430 lettres;
5329 3296 5504 3430 celle
5575 3296 5680 3430 qui

3562 3419 3656 3557 eſt
3722 3419 4015 3557 deſſous
4068 3419 4122 3557 le
4215 3419 4268 3557 C,
4361 3419 4481 3557 d’un
4601 3419 4668 3557 A;
4801 3419 4801 3557 &
4854 3419 4854 3557 à
4921 3419 5334 3557 l’oppoſite
5400 3419 5414 3557 d
5467 3419 5533 3557 un
5653 3419 5693 3557 Z;

3548 3540 3643 3671 les
3715 3540 3905 3671 deux
3952 3540 4213 3671 autres
4284 3540 4652 3671 chaſcune
4724 3540 4854 3671 d’un
4973 3540 5020 3671 O.

3695 3670 3809 3807 Sur
3873 3670 3987 3807 ces
4051 3670 4304 3807 quatre
4368 3670 4685 3807 poincts
4723 3670 4863 3807 ſera
4926 3670 5053 3807 tiré
5104 3670 5154 3807 le
5269 3670 5459 3807 Quaré
5510 3670 5700 3807 circon-

3555 3794 3694 3929 ſrit,
3757 3794 3808 3929 en
3922 3794 4212 3929 menant
4288 3794 4415 3929 une
4465 3794 4667 3929 ligne
4756 3794 4819 3929 de
4882 3794 4983 3929 l’A
5047 3794 5375 3929 juſques
5426 3794 5438 3929 à
5514 3794 5615 3929 l’O
5678 3794 5691 3929 à

3573 3918 3847 4049 droite,
3955 3918 3955 4049 &
4014 3918 4157 4049 une
4229 3918 4444 4049 autre
4515 3918 5076 4049 pareillement
5136 3918 5136 4049 à
5207 3918 5553 4049 gauche;
5673 3918 5685 4049 &

3561 4040 3717 4167 puis
3765 4040 4447 4167 ſemblablement
4519 4040 4698 4167 deux
4758 4040 5046 4167 autres,
5093 4040 5273 4167 l’une
5333 4040 5333 4167 à
5417 4040 5680 4167 droite,

3615 4166 3615 4285 &
3665 4166 3926 4285 l’autre
3988 4166 3988 4285 à
4063 4166 4349 4285 gauche
4423 4166 4684 4285 depuis
4734 4166 4784 4285 le
4883 4166 4883 4285 Z
4933 4166 5268 4285 juſqu’au
5355 4166 5542 4285 deux
5653 4166 5691 4285 O.

3740 4282 3794 4414 Ce
3875 4282 3997 4414 fait
4065 4282 4173 4414 par
4241 4282 4336 4414 les
4417 4282 4688 4414 quatre
4756 4282 5068 4414 poins
5176 4282 5217 4414 C.
5353 4282 5380 4414 N.
5488 4282 5529 4414 X.
5664 4282 5691 4414 N.

3564 4414 3747 4536 vous
3808 4414 4188 4536 deſcrirez
4237 4414 4285 4536 le
4396 4414 4579 4536 Quarré
4628 4414 4824 4536 Inſrit,
4885 4414 5276 4536 enſemble
5350 4414 5521 4536 avec
5582 4414 5692 4536 les

3565 4536 3836 4662 quatre
3947 4536 4366 4662 Quadrangles;
4440 4536 4489 4662 en
4600 4536 4896 4662 menant
4958 4536 5094 4662 une
5143 4536 5340 4662 ligne
5414 4536 5414 4662 à
5525 4536 5661 4662 main

3573 4662 3809 4786 droite
3875 4662 3993 4786 par
4032 4662 4085 4786 le
4190 4662 4190 4786 C
4308 4662 4308 4786 &
4360 4662 4479 4786 par
4531 4662 4662 4786 l’N,
4715 4662 4820 4786 ſur
4872 4662 4977 4786 les
5056 4662 5306 4786 coſtez
5397 4662 5686 4786 oppoſi-

3560 4786 3653 4912 tes
3724 4786 3771 4912 du
3911 4786 4157 4912 Quarré
4227 4786 4708 4912 circonſcrit;
4766 4786 4930 4912 puis
5001 4786 5223 4912 encor
5270 4786 5411 4912 une
5469 4786 5680 4912 autre

3554 4912 3871 5036 pareille
3920 4912 3932 5036 à
4017 4912 4163 5036 main
4248 4912 4577 5036 gauche;
4687 4912 4687 5036 &
4748 4912 4906 5036 puis
4991 4912 5174 5036 deux
5247 4912 5503 5036 autres
5564 4912 5686 5036 par

3548 5036 3650 5160 les
3701 5036 3980 5160 lettres
4069 5036 4196 5160 X&
4298 5036 4336 5160 N,
4400 5036 4577 5160 l’une
4641 5036 4641 5160 à
4730 5036 4997 5160 droite,
5086 5036 5086 5160 &
5137 5036 5391 5160 l’autre
5454 5036 5454 5160 à
5531 5036 5696 5160 gau-

3572 5159 3734 5285 che.
3808 5159 4256 5285 lesquelles
4319 5159 4568 5285 lignes
4630 5159 4891 5285 faudra
5003 5159 5352 5285 marquer
5414 5159 5526 5285 ſur
5588 5159 5688 5285 les

3559 5285 3876 5409 points
3937 5285 3986 5409 du
4095 5285 4327 5409 mitan,
4388 5285 4498 5409 qui
4546 5285 4705 5409 ſont
4790 5285 5083 5409 coupez
5156 5285 5278 5409 par
5339 5285 5436 5409 les
5546 5285 5680 5409 Dia-

3595 5409 3849 5533 metres
3909 5409 4308 5533 obliques,
4357 5409 4562 5533 entre
4611 5409 4708 5533 les
4780 5409 4962 5533 deux
5010 5409 5288 5533 lettres
5385 5409 5421 5533 C.
5530 5409 5530 5533 &
5639 5409 5675 5533 N.

3549 5533 3561 5650 à
3636 5533 3935 5650 chaſcun
4022 5533 4134 5650 des
4196 5533 4457 5650 coſtez
4544 5533 4843 5650 deſſous
4905 5533 4955 5650 le
5054 5533 5316 5650 Centre
5390 5533 5515 5650 d’un
5639 5533 5676 5650 G;

3619 5650 3619 5802 &
3697 5650 3931 5802 deſſus
3983 5650 4035 5802 au
4140 5650 4335 5802 mitan
4413 5650 4530 5802 des
4569 5650 4856 5802 lettres
4960 5650 4986 5802 N.
5090 5650 5090 5802 &
5194 5650 5233 5802 X.
5285 5650 5285 5802 à
5364 5650 5663 5802 chaſcun

3578 5785 3694 5900 des
3758 5785 4015 5900 coſtez
4079 5785 4349 5900 d’unS.

3709 5898 3931 6036 Apres
3996 5898 4178 6036 tirez
4231 5898 4348 6036 par
4387 5898 4491 6036 les
4530 5898 4817 6036 lettres
4908 5898 4947 6036 C.
5065 5898 5065 6036 &
5143 5898 5169 6036 S.
5260 5898 5443 6036 deux
5521 5898 5677 6036 Colla-

3555 6036 3745 6155 terales
3792 6036 4148 6155 Interieures,
4184 6036 4373 6155 l’une
4433 6036 4445 6155 à
4516 6036 4788 6155 droite,
4907 6036 4907 6155 &
4954 6036 5227 6155 l’autre
5275 6036 5275 6155 à
5358 6036 5678 6155 gauche.

3703 6147 4387 6298 Semblablement
4447 6147 4639 6298 tirez
4711 6147 4759 6298 en
4855 6147 5035 6298 deux
5107 6147 5359 6298 autres
5419 6147 5527 6298 par
5575 6147 5683 6298 les

3562 6279 3833 6403 lettres
3932 6279 3975 6403 X.
4075 6279 4075 6403 &
4189 6279 4217 6403 G.

3719 6402 3929 6535 Apres
4004 6402 4189 6535 deux
4251 6402 4646 6535 Traverſantes
4683 6402 5017 6535 lterieures
5054 6402 5178 6535 par
5215 6402 5252 6535 la
5314 6402 5684 6535 lettreN.

3563 6535 3563 6655 à
3654 6535 3795 6655 main
3898 6535 4169 6655 droite;
4207 6535 4400 6655 l’une
4452 6535 4568 6655 par
4658 6535 4890 6655 deſſus
4928 6535 4980 6655 le
5070 6535 5327 6655 Centre
5405 6535 5521 6655 par
5559 6535 5675 6655 l’S;

3625 6651 3638 6780 &
3689 6651 3958 6780 l’autre
4009 6651 4060 6780 au
4150 6651 4457 6780 deſſous
4508 6651 4623 6780 par
4662 6651 4713 6780 le
4828 6651 5276 6780 Goppoſite.

3707 6776 4388 6911 Semblablement
4459 6776 4674 6911 encor
4746 6776 4925 6911 deux
4984 6776 5271 6911 autres,
5307 6776 5319 6911 à
5378 6776 5545 6911 tirer
5617 6776 5653 6911 en

3553 6908 3601 7034 la
3684 6908 3947 7034 meſme
3995 6908 4186 7034 ſorte
4305 6908 4305 7034 &
4365 6908 4472 7034 par
4520 6908 4615 7034 les
4711 6908 5009 7034 meſmes
5081 6908 5356 7034 lettres
5427 6908 5487 7034 du
5582 6908 5690 7034 co-

3571 7034 3655 7159 ſté
3726 7034 4120 7159 oppoſite.

3727 7154 3791 7289 Ce
3856 7154 4230 7289 qu’eſtant
4282 7154 4424 7289 fait,
4463 7154 4501 7289 il
4540 7154 4798 7289 faudra
4889 7154 5224 7289 marquer
5302 7154 5367 7289 de
5405 7154 5689 7289 lettres

3490 7283 3967 7412 llesquatre
4040 7283 4285 7412 coſtez
4346 7283 4407 7412 du
4493 7283 4749 7412 quarré
4810 7283 5287 7412 circonſcrit,
5336 7283 5385 7412 en
5446 7283 5483 7412 la
5568 7283 5678 7412 ma-

5471 7417 5678 7501 niere
