5719 7432
824 415 1027 518 niere
1087 415 1481 518 ſuivante.
1625 415 2234 518 Premierement
2306 415 2353 518 le
2437 415 2628 518 coſté
2724 415 2736 518 A
2843 415 2843 518 O
2915 415 2927 518 à

854 536 1007 674 main
1096 536 1324 674 droite
1401 536 1464 674 de
1502 536 1553 674 la
1604 536 1884 674 figure.
1960 536 2061 674 Sur
2112 536 2379 674 l’angle
2443 536 2494 674 du
2621 536 2938 674 Quadrã-

845 663 932 792 gle
982 663 1119 792 ſoit
1181 663 1381 792 eſcrit
1443 663 1505 792 un
1605 663 1655 792 B:
1705 663 1817 792 ſur
1854 663 1904 792 la
1954 663 2028 792 fin
2116 663 2178 792 de
2215 663 2265 792 la
2327 663 2776 792 collaterale
2838 663 2938 792 in-

825 788 1172 921 terieure
1243 788 1351 921 qui
1411 788 1614 921 vient
1661 788 1769 921 par
1817 788 1876 921 le
1984 788 1984 921 G
2044 788 2103 921 en
2187 788 2354 921 deçà
2402 788 2450 921 le
2545 788 2928 921 Diametre

829 913 1184 1045 oblique,
1219 913 1290 1045 un
1397 913 1444 1045 D:
1491 913 1586 1045 ſur
1633 913 1680 1045 le
1739 913 1928 1045 bout
1999 913 2058 1045 de
2106 913 2153 1045 la
2200 913 2685 1045 traverſante
2732 913 2921 1045 inte-

815 1036 1101 1168 rieure,
1160 1036 1268 1168 qui
1315 1036 1506 1168 paſſe
1553 1036 1565 1168 à
1625 1036 1911 1168 travers
1958 1036 2006 1168 le
2089 1036 2351 1168 meſme
2399 1036 2685 1168 poin,
2721 1036 2792 1168 un
2887 1036 2923 1168 F:

884 1154 884 1293 &
937 1154 1045 1293 ſur
1085 1154 1353 1293 l’angle
1420 1154 1474 1293 du
1541 1154 1903 1293 prochain
2038 1154 2547 1293 Quadrangle,
2601 1154 2655 1293 un
2775 1154 2883 1293 K.)

965 1281 1069 1414 Les
1150 1281 1450 1414 meſmes
1496 1281 1774 1414 lettres
1820 1281 2074 1414 ſeront
2120 1281 2293 1414 auſſi
2374 1281 2779 1414 marquées
2813 1281 2917 1414 ſur

812 1406 1066 1537 l’autre
1139 1406 1320 1537 coſté
1405 1406 1417 1537 A
1538 1406 1574 1537 O,
1623 1406 1635 1537 à
1719 1406 1864 1537 main
1949 1406 2276 1537 gauche.

967 1533 1016 1658 En
1112 1533 1318 1658 apres
1390 1533 1499 1658 ſur
1572 1533 1668 1658 les
1765 1533 1947 1658 deux
2019 1533 2285 1658 autres
2370 1533 2612 1658 coſtez
2745 1533 2745 1658 O
2865 1533 2914 1658 Z,

824 1654 1351 1768 commencez
1431 1654 1797 1768 derechef
1866 1654 1866 1768 à
1957 1654 2243 1768 droite;
2369 1654 2369 1768 &
2472 1654 2747 1768 mettez
2816 1654 2919 1768 ſur

813 1775 1074 1911 l’angle
1152 1775 1192 1911 du
1322 1775 1793 1911 Quadrangle
1897 1775 2054 1911 ON,
2106 1775 2172 1911 un
2263 1775 2302 1911 P:
2354 1775 2446 1911 ſur
2498 1775 2537 1911 le
2603 1775 2786 1911 bout
2851 1775 2916 1911 de

807 1902 856 2034 la
928 1902 1449 2034 traverſante,
1522 1902 1631 2034 qui
1691 1902 1740 2034 ſe
1812 1902 1970 2034 finit
2030 1902 2079 2034 en
2176 1902 2333 2034 deçà
2406 1902 2454 2034 le
2551 1902 2915 2034 Diametre

823 2025 1173 2160 oblique,
1223 2025 1285 2160 un
1385 2025 1435 2160 T:
1510 2025 1609 2160 ſur
1647 2025 1684 2160 la
1759 2025 2233 2160 collaterale,
2296 2025 2408 2160 qui
2458 2025 2608 2160 finit
2670 2025 2732 2160 au
2820 2025 2920 2160 de-

805 2149 885 2283 là,
1006 2149 1060 2283 V:
1127 2149 1221 2283 ſur
1274 2149 1530 2283 l’angle
1610 2149 1650 2283 du
1744 2149 2040 2283 dernier
2147 2149 2657 2283 Quadrangle,
2697 2149 2765 2283 un
2872 2149 2926 2283 Y.

838 2273 886 2403 Et
957 2273 993 2403 en
1064 2273 1195 2403 ſoit
1243 2273 1362 2403 fait
1422 2273 1970 2403 pareillement
2018 2273 2065 2403 le
2149 2273 2399 2403 meſme
2447 2273 2459 2403 à
2506 2273 2756 2403 l’autre
2828 2273 2923 2403 co¬

807 2395 934 2523 ſté,
997 2395 1112 2523 qui
1175 2395 1251 2523 eſt
1302 2395 1315 2523 à
1404 2395 1543 2523 main
1619 2395 1949 2523 gauche.

950 2520 1177 2650 Apres
1223 2520 1257 2650 il
1313 2520 1563 2650 faudra
1620 2520 1870 2650 tracer
1938 2520 2119 2650 deux
2199 2520 2585 2650 Traverſantes
2641 2520 2925 2650 exterieu-

799 2644 893 2778 res,
916 2644 1116 2778 l’une
1163 2644 1174 2778 à
1257 2644 1397 2778 main
1479 2644 1749 2778 droite,
1843 2644 1855 2778 &
1902 2644 2160 2778 l’autre
2207 2644 2218 2778 à
2289 2644 2605 2778 gauche,
2652 2644 2910 2778 allants

822 2766 1095 2909 depuis
1134 2766 1238 2909 les
1342 2766 1381 2909 D,
1459 2766 1563 2909 par
1628 2766 1680 2909 le
1784 2766 2161 2909 Diametre
2226 2766 2643 2909 principal,
2747 2766 2747 2909 &
2799 2766 2916 2909 par

804 2889 904 3008 les
1029 2889 1029 3008 G
1104 2889 1530 3008 oppoſites.

953 3015 1000 3152 En
1070 3015 1502 3152 ſemblable
1584 3015 1806 3152 encor
1888 3015 2075 3152 deux
2145 3015 2402 3152 autres
2461 3015 2508 3152 en
2578 3015 2625 3152 la
2671 3015 2917 3152 partie

811 3137 1267 3295 ſuperieure
1336 3137 1392 3295 du
1502 3137 1779 3295 Cercle,
1848 3137 2111 3295 depuis
2153 3137 2250 3295 les
2360 3137 2402 3295 V,
2457 3137 2568 3295 par
2637 3137 2679 3295 le
2789 3137 2928 3295 Dia-

824 3258 1079 3383 metre,
1176 3258 1188 3383 &
1237 3258 1346 3383 par
1394 3258 1503 3383 les
1564 3258 1576 3383 S
1649 3258 2085 3383 oppoſites.

936 3384 1480 3508 Pareillement
1528 3384 1697 3508 auſſi
1758 3384 1806 3508 en
1866 3384 1915 3508 la
1963 3384 2205 3508 partie
2277 3384 2507 3508 droite
2591 3384 2640 3508 du
2773 3384 2918 3508 Cer-

843 3508 886 3622 le
961 3508 1143 3622 deux
1218 3508 1561 3622 Collaterales
1604 3508 1979 3622 exterieures,
2021 3508 2032 3622 à
2118 3508 2386 3622 mener,
2418 3508 2600 3622 l’une
2664 3508 2718 3622 du
2803 3508 2911 3622 co-

793 3629 882 3759 ſté
958 3629 1136 3759 droit
1213 3629 1225 3759 A
1340 3629 1378 3759 O,
1429 3629 1543 3759 par
1594 3629 1645 3759 le
1747 3629 1785 3759 G,
1849 3629 2167 3759 juſques
2218 3629 2268 3759 au
2370 3629 2421 3759 T:
2536 3629 2536 3759 &
2586 3629 2854 3759 l’autre
2904 3629 2904 3759 à

790 3749 966 3875 tirer
1036 3749 1095 3875 de
1142 3749 1259 3875 l’F,
1376 3749 1376 3875 &
1435 3749 1435 3875 à
1505 3749 1927 3875 continuer
1974 3749 2091 3875 par
2138 3749 2244 3875 l’S,
2291 3749 2619 3875 juſques
2666 3749 2725 3875 au
2807 3749 2912 3875 co-

790 3869 877 4004 ſté
952 3869 1140 4004 droit
1202 3869 1265 4004 de
1315 3869 1352 4004 la
1427 3869 1664 4004 partie
1727 3869 2189 4004 ſuperieure
2264 3869 2314 4004 du
2464 3869 2714 4004 Quarré
2801 3869 2914 4004 cir-

799 4002 1148 4091 conſcrit.

929 4112 1361 4244 Semblable
1429 4112 1611 4244 ment
1679 4112 1906 4244 encor
1963 4112 2156 4244 deux
2201 4112 2462 4244 autres
2531 4112 2576 4244 en
2644 4112 2690 4244 la
2769 4112 2917 4244 par-

794 4240 890 4380 tie
975 4240 1264 4380 gauche
1348 4240 1408 4380 de
1469 4240 1517 4380 la
1589 4240 1903 4380 figure,
1975 4240 1987 4380 à
2059 4240 2300 4380 tracer
2385 4240 2433 4380 en
2517 4240 2553 4380 la
2662 4240 2927 4380 meſme

791 4376 1025 4462 ſorte.

951 4489 1001 4625 Et
1050 4489 1161 4625 par
1211 4489 1383 4625 ainſi
1458 4489 1630 4625 voilà
1704 4489 2100 4625 achevées
2161 4489 2433 4625 toutes
2482 4489 2581 4625 les
2643 4489 2927 4625 lignes,

819 4615 924 4751 qui
982 4615 1297 4751 entrent
1356 4615 1531 4751 dans
1577 4615 1624 4751 le
1682 4615 2044 4751 pourpris
2114 4615 2172 4751 de
2230 4615 2277 4751 la
2382 4615 2930 4751 Circonferen-

812 4737 910 4873 ce;
947 4737 1044 4873 ſur
1093 4737 1522 4873 leſquelles
1559 4737 1595 4873 il
1644 4737 1901 4873 faudra
1987 4737 2244 4873 mettre
2293 4737 2293 4873 à
2366 4737 2685 4873 chaſque
2758 4737 2929 4873 dou-

800 4861 908 4995 ble
980 4861 1569 4995 entrecoupure
1642 4861 1702 4995 de
1750 4861 2002 4995 lignes
2050 4861 2435 4995 (excepté
2483 4861 2532 4995 le
2628 4861 2929 4995 Centre)

795 4986 897 5093 les
943 4986 1216 5093 lettres
1273 4986 1707 5093 ſuivantes.
1821 4986 2436 5093 Premierement
2493 4986 2596 5093 ſur
2641 4986 2698 5093 le
2790 4986 2926 5093 Dia-

831 5112 1052 5243 metre
1122 5112 1564 5243 principal,
1634 5112 1646 5243 à
1716 5112 1762 5243 la
1844 5112 2228 5243 premiere
2322 5112 2927 5243 entrecoupure

804 5234 1028 5370 apres
1066 5234 1116 5370 le
1216 5234 1253 5370 C,
1290 5234 1328 5370 il
1378 5234 1527 5370 faut
1590 5234 1652 5370 un
1777 5234 1827 5370 E:
1889 5234 1902 5370 à
1964 5234 2001 5370 la
2076 5234 2463 5370 ſeconde,
2513 5234 2575 5370 un
2687 5234 2725 5370 H:
2800 5234 2800 5370 à
2875 5234 2912 5370 la

804 5358 1235 5489 troiſieme,
1311 5358 1425 5489 qui
1488 5358 1565 5489 eſt
1615 5358 1729 5489 par
1793 5358 1932 5489 delà
1983 5358 2034 5489 le
2135 5358 2427 5489 Centre,
2477 5358 2541 5489 un
2642 5358 2693 5489 R:
2794 5358 2807 5489 &
2858 5358 2921 5489 fi-

799 5482 1214 5614 nalement
1261 5482 1273 5614 à
1320 5482 1368 5614 la
1451 5482 1925 5614 quatrieme,
1996 5482 2055 5614 un
2173 5482 2221 5614 V.
2339 5482 2446 5614 Sur
2505 5482 2565 5614 le
2648 5482 2932 5614 Diame-

812 5607 905 5742 tre
952 5607 1655 5742 perpendiculaire
1725 5607 1737 5742 y
1807 5607 1819 5742 a
1889 5607 2440 5742 pareillement
2510 5607 2768 5742 quatre
2826 5607 2920 5742 ſe-

852 5731 1103 5859 ions;
1186 5731 1353 5859 dont
1413 5731 1520 5859 les
1592 5731 1783 5859 deux
1855 5731 2010 5859 plus
2081 5731 2416 5859 proches
2499 5731 2547 5859 du
2654 5731 2917 5859 Centre

814 5856 1261 5989 porteront,
1330 5856 1697 5989 chaſcune
1765 5856 1834 5989 un
1949 5856 1995 5989 L:
2121 5856 2121 5989 &
2189 5856 2281 5989 les
2373 5856 2556 5989 deux
2625 5856 2911 5989 autres,

819 5977 1197 6107 chaſcune
1265 5977 1334 6107 un
1483 5977 1528 6107 M.
1643 5977 1791 6107 Aux
1871 5977 2192 6107 doubles
2272 5977 2912 6107 entrecoupures

829 6103 886 6230 de
955 6103 1321 6230 chaſcune
1389 6103 1504 6230 des
1573 6103 2053 6230 collaterales
2099 6103 2580 6230 interieures
2637 6103 2751 6230 par
2820 6103 2923 6230 de-

823 6224 870 6354 çà
930 6224 977 6354 le
1072 6224 1357 6354 Centre,
1417 6224 1690 6354 mettez
1750 6224 1750 6354 à
1821 6224 2189 6354 chaſcune
2261 6224 2320 6354 un
2415 6224 2451 6354 I.
2558 6224 2569 6354 &
2617 6224 2748 6354 aux
2807 6224 2914 6354 au-

816 6348 967 6478 tres
1030 6348 1131 6478 qui
1182 6348 1346 6478 ſont
1396 6348 1510 6478 par
1573 6348 1737 6478 delà,
1775 6348 1851 6478 un
1977 6348 2015 6478 Q.
2066 6348 2078 6478 à
2141 6348 2546 6478 chaſcune.

1001 6471 1218 6607 Quant
1266 6471 1410 6607 aux
1458 6471 1699 6607 lignes
1771 6471 1892 6607 qui
1976 6471 2433 6607 demeurent
2505 6471 2674 6607 hors
2746 6471 2806 6607 de
2866 6471 2903 6607 la

857 6594 1492 6728 Circonference,
1550 6594 1735 6728 tirez
1804 6594 2439 6728 premierement
2508 6594 2519 6728 à
2589 6594 2889 6728 chaſcun

841 6717 953 6852 des
1053 6717 1566 6852 Quadrangles
1616 6717 1653 6852 ſa
1753 6717 2128 6852 Diagonale,
2191 6717 2191 6852 à
2253 6717 2541 6852 travers
2591 6717 2691 6852 les
2791 6717 2916 6852 Dia-

851 6840 1118 6961 metres
1171 6840 1639 6961 prolongez;
1705 6840 1759 6961 de
1839 6840 1839 6961 B
1892 6840 1905 6961 à
1986 6840 2039 6961 B:
2119 6840 2186 6961 de
2293 6840 2293 6961 Y
2359 6840 2359 6961 à
2453 6840 2506 6961 Y:
2613 6840 2613 6961 &
2693 6840 2746 6961 de
2907 6840 2907 6961 à

3117 411 3155 537 P,
3220 411 3375 537 dans
3427 411 3530 537 les
3595 411 3775 537 deux
3879 411 4395 537 Quadrangles
4460 411 4860 537 oppoſites
4925 411 4976 537 de
5054 411 5209 537 main

3155 524 3349 664 roite
3452 524 3452 664 &
3516 524 3839 664 gauche.

3240 665 3837 782 Secondement
3907 665 4095 782 tirez
4177 665 4341 782 dans
4423 665 4529 782 ces
4622 665 4927 782 meſmes
5056 665 5220 782 Qua-

3111 787 3487 911 drangles,
3560 787 3608 911 du
3681 787 3862 911 bout
3935 787 3996 911 de
4044 787 4238 911 l’une
4311 787 4420 911 des
4480 787 4735 911 lignes
4820 787 5219 911 collatera-

3084 913 3179 1035 les
3251 913 3311 1035 au
3394 913 3585 1035 bout
3668 913 3740 1035 de
3799 913 4109 1035 l’autre,
4169 913 4181 1035 à
4276 913 4574 1035 chaſcun
4658 913 4801 1035 une
4872 913 5075 1035 ligne
5147 913 5218 1035 de

3086 1042 3290 1162 pied,
3354 1042 3406 1162 ou
3482 1042 3674 1162 ligne
3751 1042 4020 1162 Pedale.

3208 1161 3256 1288 Et
3305 1161 3766 1288 finalement
3827 1161 4240 1288 adjouſtez
4313 1161 4313 1288 y
4386 1161 4604 1288 celles
4677 1161 4798 1288 que
4859 1161 5053 1288 nous
5114 1161 5223 1288 ap-

3087 1287 3481 1406 pellerons
3529 1287 3624 1406 les
3684 1287 3947 1406 longueur
4030 1287 4042 1406 &
4090 1287 4305 1406 largeur
4364 1287 4424 1406 des
4496 1287 4818 1406 Eſquierres.

3230 1416 3404 1532 Pour
3474 1416 3810 1532 adjuſter
3880 1416 4518 1532 premierement
4565 1416 4669 1532 les
4727 1416 5203 1532 longueurs;

3091 1538 3537 1655 compaſſez
3607 1538 3853 1655 voſtre
3947 1538 4287 1655 cordelle
4358 1538 4475 1655 par
4534 1538 4639 1655 les
4733 1538 5038 1655 centres
5144 1538 5203 1655 de

3105 1657 3287 1781 deux
3335 1657 3760 1781 prochains
3857 1657 4416 1781 Quadrangles;
4501 1657 4501 1781 &
4562 1657 4817 1781 tracez
4890 1657 4926 1781 en
5011 1657 5205 1781 ceſte

3077 1783 3271 1907 ſorte
3319 1783 3464 1907 une
3512 1783 3706 1907 ligne
3779 1783 3839 1907 de
3887 1783 4287 1907 longueur
4359 1783 4613 1907 depuis
4662 1783 4710 1907 le
4771 1783 4952 1907 bout
5037 1783 5109 1907 de
5158 1783 5194 1907 la

3075 1907 3271 2029 ligne
3344 1907 3405 2029 de
3479 1907 3638 2029 Pied
3687 1907 4005 2029 juſques
4054 1907 4066 2029 à
4115 1907 4164 2029 la
4237 1907 4837 2029 circonference
4910 1907 4959 2029 du
5070 1907 5216 2029 Cer-

3082 2034 3205 2130 cle;
3307 2034 3318 2130 &
3374 2034 3430 2130 en
3497 2034 3924 2130 ſemblable
3980 2034 4239 2130 tracez
4306 2034 4351 2130 en
4430 2034 4654 2130 encor
4722 2034 4868 2130 une
4913 2034 5126 2130 autre
5193 2034 5205 2130 à

3072 2155 3479 2277 l’oppoſite
3587 2155 3850 2277 depuis
3921 2155 3969 2277 la
4065 2155 4675 2277 circonference
4735 2155 5057 2277 juſques
5129 2155 5189 2277 au

3072 2278 3266 2402 bout
3326 2278 3387 2402 de
3435 2278 3689 2402 l’autre
3738 2278 3944 2402 ligne
4016 2278 4307 2402 Pedale.
4392 2278 4392 2402 &
4452 2278 4622 2402 voilà
4694 2278 4985 2402 comme
5033 2278 5070 2402 il
5130 2278 5179 2402 en

3071 2404 3325 2497 faudra
3382 2404 3555 2497 faire
3613 2404 3786 2497 tout
3832 2404 4200 2497 alentour
4270 2404 4327 2497 de
4373 2404 4419 2497 la
4512 2404 5168 2497 Circonference.

3188 2532 3361 2650 Pour
3410 2532 3755 2650 adjuſter
3793 2532 3891 2650 les
3965 2532 4335 2650 Largeurs
4397 2532 4508 2650 des
4582 2532 5051 2650 Eſquierres,
5088 2532 5199 2650 (ce

3064 2649 3222 2773 ſont
3267 2649 3369 2773 les
3414 2649 3662 2773 lignes
3730 2649 3843 2773 qui
3910 2649 4373 2773 demeurent
4429 2649 4486 2773 au
4576 2649 4847 2773 dehors
4892 2649 5027 2773 aux
5095 2649 5208 2773 co-

3071 2772 3220 2899 ſtez
3320 2772 3419 2899 des
3544 2772 4116 2899 Quadrangles)
4191 2772 4639 2899 compaſſez
4738 2772 4975 2899 voſtre
5062 2772 5211 2899 cor-

3091 2900 3257 2994 delle
3340 2900 3435 2994 ſur
3506 2900 3601 2994 les
3684 2900 3921 2994 bouts
3992 2900 4193 2994 d’une
4312 2900 4762 2994 Collaterale
4892 2900 4904 2994 &
4987 2900 5200 2994 d’une

3100 3026 3592 3124 Traverſante
3672 3026 4175 3124 exterieure,
4244 3026 4564 3124 aſſavoir
4633 3026 4736 3124 ſur
4793 3026 4896 3124 les
4964 3026 5204 3124 bouts

3085 3154 3187 3269 qui
3243 3154 3322 3269 ne
3367 3154 3525 3269 ſont
3582 3154 3807 3269 point
3897 3154 4258 3269 marquez
4326 3154 4394 3269 de
4439 3154 4755 3269 lettres,
4867 3154 4879 3269 &
4935 3154 5194 3269 tracez

3082 3274 3132 3394 en
3218 3274 3402 3394 ceſte
3452 3274 3649 3394 ſorte
3722 3274 3907 3394 deux
3956 3274 4202 3394 lignes
4264 3274 4326 3394 de
4375 3274 4719 3394 largeur,
4769 3274 4953 3394 l’une
5027 3274 5199 3394 deçà

3111 3399 3123 3517 &
3157 3399 3423 3517 l’autre
3504 3399 3688 3517 delà,
3746 3399 3792 3517 en
3873 3399 3919 3517 la
4023 3399 4276 3517 meſme
4357 3399 4565 3517 façon
4646 3399 4784 3517 que
4853 3399 5038 3517 vous
5095 3399 5199 3517 ve-

3066 3521 3200 3638 nez
3289 3521 3356 3638 de
3423 3521 3590 3638 faire
3657 3521 3758 3638 les
3825 3521 4316 3638 Longueurs,
4372 3521 4417 3638 en
4528 3521 4752 3638 allant
4830 3521 5198 3638 derechef

3072 3640 3234 3727 tout
3287 3640 3298 3727 à
3352 3640 3686 3727 l’entour
3750 3640 3815 3727 de
3869 3640 3901 3727 la
4009 3640 4655 3727 Circonference.

3227 3760 3400 3851 Voilà
3487 3760 3530 3851 en
3627 3760 3919 3851 ſomme
3984 3760 4027 3851 la
4136 3760 4330 3851 mode
4428 3760 5077 3851 d’accommoder
5142 3760 5196 3851 le

3095 3872 3221 3998 Plan
3334 3872 3398 3998 de
3473 3872 3726 3998 ceſtuy
3801 3872 4066 3998 noſtre
4154 3872 4545 3998 Exercice,
4621 3872 4873 3998 ſimple
4987 3872 4987 3998 &
5037 3872 5214 3998 faci-

3063 3995 3146 4119 le,
3229 3995 3383 4119 mais
3430 3995 3549 4119 par
3596 3995 4046 4119 adventure
4117 3995 4271 4119 plus
4343 3995 4520 4119 utile
4591 3995 4722 4119 que
4781 3995 4817 4119 ſi
4888 3995 5006 4119 elle
5065 3995 5196 4119 fuſt

3087 4116 3359 4240 dreſſée
3418 4116 3560 4240 fort
3631 4116 4257 4240 curieuſement.
4387 4116 4836 4240 Cependant
4895 4116 4954 4240 je
5013 4116 5190 4240 vous

3067 4241 3351 4367 adviſe,
3400 4241 3437 4367 ſi
3499 4241 3647 4367 c’eſt
3721 4241 3844 4367 que
3906 4241 4091 4367 vous
4141 4241 4412 4367 n’ayez
4461 4241 4683 4367 point
4757 4241 5041 4367 d’eſpee
5128 4241 5189 4367 de

3076 4365 3265 4492 ceſte
3336 4365 3525 4492 juſte
3596 4365 3998 4492 longueur
4081 4365 4128 4492 du
4258 4365 4931 4492 demi-Diametre
5002 4365 5191 4492 pour

3076 4495 3122 4615 en
3214 4495 3387 4615 tirer
3455 4495 3490 4615 la
3605 4495 4260 4615 Circonference,
4386 4495 4386 4615 &
4466 4495 5201 4615 conſequemment

3064 4617 3158 4735 les
3229 4617 3607 4735 croiſades
3677 4617 3784 4735 des
3831 4617 3984 4735 arcs
4043 4617 4232 4735 pour
4280 4617 4610 4735 l’adreſſe
4681 4617 4799 4735 des
4905 4617 5189 4735 Diame-

3066 4741 3244 4862 tres,
3327 4741 3339 4862 &
3410 4741 3457 4862 du
3588 4741 3849 4862 Quarré
3908 4741 4394 4862 circonſcrit;
4454 4741 4643 4862 qu’en
4726 4741 4786 4862 ce
4857 4741 4952 4862 cas
5011 4741 5201 4862 vous

3075 4866 3256 4963 vous
3324 4866 3618 4963 ſerviez
3719 4866 3787 4963 de
3866 4866 3900 4963 la
4002 4866 4397 4963 cordelle,
4476 4866 4939 4963 l’attachant
5018 4866 5018 4963 à
5097 4866 5165 4963 un

3069 4990 3411 5112 poinçon
3472 4990 3667 5112 fiché
3716 4990 3825 5112 ſur
3886 4990 3935 5112 le
4008 4990 4264 5112 poin
4337 4990 4386 5112 du
4496 4990 4801 5112 Centre,
4850 4990 5032 5112 pour
5118 4990 5167 5112 en

3068 5114 3236 5231 tirer
3308 5114 3356 5231 en
3428 5114 3608 5231 rond
3656 5114 3884 5231 ladite
3980 5114 4628 5231 Circonference,
4759 5114 4759 5231 &
4807 5114 4855 5231 le
4927 5114 5119 5231 reſte
5179 5114 5179 5231 à

3063 5230 3556 5363 l’advenant:
3626 5230 4061 5363 toutesfois
4108 5230 4143 5363 il
4190 5230 4366 5363 n’eſt
4413 5230 4542 5363 rien
4624 5230 4776 5363 plus
4823 5230 4988 5363 ſeur
5058 5230 5187 5363 que

3062 5357 3336 5477 l’eſpee
3417 5357 3703 5477 meſme,
3771 5357 3886 5477 qui
3943 5357 4309 5477 demeure
4367 5357 4767 5477 touſiours
4813 5357 5191 5477 immobi-

3066 5481 3114 5603 le
3186 5481 3222 5603 en
3305 5481 3437 5603 une
3520 5481 3771 5603 meſme
3831 5481 4273 5603 longueur,
4333 5481 4452 5603 par
4500 5481 4548 5603 la
4620 5481 4930 5603 ſolidité
5014 5481 5086 5603 de
5145 5481 5181 5603 la

3069 5606 3314 5731 lame:
3395 5606 3453 5731 de
3512 5606 3698 5731 ſorte
3768 5606 3896 5731 que
3989 5606 4502 5731 malaiſement
4572 5606 4572 5731 y
4631 5606 4817 5731 peut
4864 5606 4899 5731 il
4968 5606 5190 5731 adve-

3072 5733 3166 5818 nir
3236 5733 3306 5818 de
3353 5733 3388 5818 la
3447 5733 3693 5818 faute.

3266 5853 3722 5970 Maintenant
3782 5853 3903 5970 afin
3999 5853 4131 5970 que
4227 5853 4407 5970 ceſte
4552 5853 4828 5970 Matiere
4900 5853 5032 5970 ſoit
5105 5853 5177 5970 un

3078 5982 3201 6099 peu
3299 5982 3717 6099 eſclaircie,
3852 5982 3864 6099 &
3950 5982 4073 6099 que
4147 5982 4196 6099 le
4282 5982 4602 6099 Leeur
4688 5982 4921 6099 puiſſe
4995 5982 5191 6099 avoir

3097 6101 3366 6227 devant
3413 6101 3507 6227 ſes
3578 6101 3765 6227 yeux
3836 6101 3965 6227 une
4059 6101 4258 6227 Table
4340 6101 4399 6227 de
4457 6101 4727 6227 toutes
4786 6101 4892 6227 les
4938 6101 5185 6227 lignes

3140 6220 3140 6343 &
3214 6220 3498 6343 figures
3584 6220 3646 6343 de
3720 6220 3782 6343 ce
3893 6220 4189 6343 Cercle,
4263 6220 4374 6343 qui
4424 6220 4584 6343 ſont
4633 6220 5115 6343 neceſſaires
5176 6220 5189 6343 à

3086 6348 3438 6471 obſerver
3508 6348 3555 6471 en
3614 6348 3884 6471 l’uſage
3954 6348 4025 6471 de
4072 6348 4107 6471 la
4189 6348 4577 6471 Pratique,
4612 6348 4811 6471 nous
4882 6348 4917 6471 en
5023 6348 5187 6471 met-

3075 6474 3284 6594 trons
3333 6474 3443 6594 icy
3492 6474 3541 6594 le
3640 6474 4106 6594 Catalogue.

4837 6995 5196 7107 DENOM-
