5719 7432
713 402 1963 517 DENOMBREMENT
2126 402 2245 517 ET
2409 402 2573 517 AP-

776 529 1444 634 PELLATIONS
1602 529 1674 634 DE
1820 529 2269 634 TOVTES
2390 529 2560 634 LES

794 640 1124 747 LIGNES
1222 640 1308 747 ET
1406 640 1834 747 FIGVRES
1956 640 2042 747 DV
2164 640 2555 747 CERCLE,

815 747 1493 843 NECESSAIRES
1636 747 1648 843 A
1803 747 2314 843 OBSERVER
2457 747 2553 843 EN

786 861 873 966 LA
986 861 1573 966 PRATIQVE.

3317 5124 3434 5219 Ous
3551 5124 4231 5219 commencerons
4358 5124 4837 5219 maintenant
4932 5124 4943 5219 à

3292 5248 3616 5368 meſurer
3652 5248 3760 5368 les
3807 5248 4346 5368 proportions
4406 5248 4466 5368 de
4514 5248 4957 5368 l’Homme,

3281 5373 3330 5497 en
3392 5373 3491 5497 les
3540 5373 4009 5497 rapportant
4071 5373 4071 5497 à
4121 5373 4158 5497 la
4219 5373 4466 5497 figure
4541 5373 4602 5497 de
4664 5373 4726 5497 ce
4812 5373 4948 5497 Cer-

3276 5497 3417 5624 cle,
3511 5497 3570 5624 où
3652 5497 3829 5624 elles
3888 5497 4146 5624 ſeront
4217 5497 4734 5624 recogneuës
4805 5497 4958 5624 par-

2811 5621 3265 5747 adventure
3335 5621 3510 5747 avec
3579 5621 3743 5747 plus
3824 5621 4348 5747 d’admiration
4453 5621 4756 5747 qu’elles
4826 5621 4942 5747 ont

2827 5743 2960 5866 eſté
3032 5743 3418 5866 trouvées
3491 5743 3732 5866 deſſus
3805 5743 3974 5866 avec
4046 5743 4372 5866 hazard.
4517 5743 4613 5866 Car
4698 5743 4939 5866 quelle

2817 5871 3093 5995 raiſon,
3165 5871 3286 5995 que
3358 5871 3454 5995 les
3502 5871 3755 5995 lignes
3827 5871 4031 5995 d’une
4079 5871 4320 5995 figure
4380 5871 4609 5995 tirées
4681 5871 4789 5995 des
4837 5871 4957 5995 an-

2838 5993 2967 6118 gles
3049 5993 3449 6118 oppoſites
3496 5993 3602 6118 les
3672 5993 3802 6118 uns
3861 5993 3990 6118 aux
4060 5993 4319 6118 autres
4378 5993 4566 6118 (ſans
4636 5993 4836 6118 nulle
4895 5993 4954 6118 a-

2846 6116 3094 6244 dreſſe,
3144 6116 3268 6244 que
3343 6116 3405 6244 de
3455 6116 3492 6244 la
3542 6116 3741 6244 ſeule
3790 6116 4188 6244 longueur
4263 6116 4300 6244 du
4387 6116 4959 6244 demi-Diame-

2818 6242 2962 6366 tre)
3010 6242 3058 6366 ſe
3106 6242 3454 6366 puiſſent
3502 6242 3886 6366 accorder
3934 6242 3969 6366 ſi
4029 6242 4461 6366 juſtement
4533 6242 4713 6366 avec
4785 6242 4941 6366 tant

2834 6365 2906 6492 de
2954 6365 3516 6492 proportions,
3588 6365 3875 6492 comme
3934 6365 3958 6492 il
4018 6365 4102 6492 eſt
4174 6365 4628 6492 repreſenté
4700 6365 4807 6492 ſur
4891 6365 4951 6492 ce

2864 6490 3104 6620 Cercle
3217 6490 3255 6620 N.
3306 6490 3343 6620 1.
3381 6490 3570 6620 ſinon
3646 6490 3684 6620 la
3734 6490 3936 6620 ſeule
3999 6490 4478 6620 obſervation
4604 6490 4617 6620 &
4667 6490 4944 6620 l’expe-

2830 6616 3112 6746 rience,
3182 6616 3288 6746 qui
3358 6616 3393 6746 en
3499 6616 3945 6746 demonſtre
4003 6616 4039 6746 la
4121 6616 4344 6746 verité
4402 6616 4567 6746 auſſi
4614 6616 4942 6746 admira-

2823 6741 2972 6870 ble,
3059 6741 3183 6870 que
3257 6741 3555 6870 lutilité
3642 6741 3691 6870 en
3790 6741 3865 6870 eſt
3951 6741 4261 6870 grande;
4348 6741 4645 6870 comme
4695 6741 4732 6870 il
4794 6741 4931 6870 ſera

2855 6871 3242 6995 manifeſte
3289 6871 3289 6995 à
3348 6871 3559 6995 touts
3618 6871 3829 6995 ceux,
3887 6871 3993 6995 qui
4052 6871 4450 6995 voudront
4509 6871 4849 6995 prendre
4896 6871 4931 6995 la

4729 7009 4950 7122 peine

1017 1018 1029 1144 A
1103 1018 1349 1144 figure
1435 1018 1730 1144 entiere
1791 1018 1927 1144 ſera
1988 1018 2333 1144 appellée
2406 1018 2665 1144 Cercle:

989 1146 1284 1269 pource
1358 1146 1494 1269 que
1555 1146 1703 1269 c’eſt
1777 1146 1826 1269 du
1924 1146 2170 1269 Cercle
2232 1146 2490 1269 qu’elle
2564 1146 2663 1269 de-

985 1273 1186 1393 pend
1276 1273 1320 1393 en
1421 1273 1521 1393 ſon
1622 1273 1856 1393 entier
1990 1273 2001 1393 &
2079 1273 2124 1393 en
2235 1273 2503 1393 toutes
2570 1273 2660 1393 ſes

999 1398 1315 1521 parties;
1373 1398 1631 1521 iceluy
1724 1398 1959 1521 Cercle
2040 1398 2087 1521 en
2193 1398 2661 1521 demeurant

652 1523 699 1644 le
758 1523 935 1644 ſujet
994 1523 1408 1644 principal,
1467 1523 1668 1644 voire
1716 1523 1763 1644 le
1822 1523 2307 1644 fondement
2378 1523 2437 1644 de
2496 1523 2662 1644 tout

650 1651 696 1770 le
754 1651 987 1770 reſte,
1057 1651 1208 1770 tant
1278 1651 1325 1770 au
1418 1651 1686 1770 regard
1779 1651 1837 1770 de
1907 1651 2396 1770 l’Exercice,
2477 1651 2663 1770 com-

688 1774 760 1894 me
832 1774 868 1894 il
928 1774 1288 1894 paroiſtra
1396 1774 1456 1894 cy
1540 1774 1817 1894 apres,
1925 1774 2105 1894 qu’au
2189 1774 2465 1894 regard
2550 1774 2658 1894 des

701 1899 1225 2113 ''ons
1384 1899 1384 2113 &
1498 1899 1612 2113 des
1726 1899 2045 2113 meſures
2159 1899 2204 2113 du
2318 1899 2523 2113 corps
2637 1899 2682 2113 de

598 2021 1045 2126 l’homme.
553 2150 726 2268 Centre
788 2150 936 2268 c’eſt
986 2150 1035 2268 le
1097 2150 1307 2268 point
1369 2150 1418 2268 du
1529 2150 1739 2268 milieu
1826 2150 1875 2268 du
1986 2150 2271 2268 Cercle.

553 2274 937 2392 Circonference
999 2274 1160 2392 c’eſt
1197 2274 1234 2392 la
1296 2274 1494 2392 ligne
1556 2274 1791 2392 ronde
1865 2274 1964 2392 qui
2014 2274 2137 2392 fait
2187 2274 2236 2392 le
2335 2274 2608 2392 Cercle.

733 2400 733 2515 .
830 2400 915 2515 Eſt
963 2400 1011 2515 le
1120 2400 1471 2515 Diametre.
1531 2400 1580 2515 Il
1652 2400 1737 2515 eſt
1797 2400 1991 2515 vray,
2063 2400 2220 2515 qu’il
2281 2400 2329 2515 ſe
2377 2400 2667 2515 trouve

674 2523 929 2641 quatre
1033 2523 1450 2641 Diametres
1519 2523 1565 2641 en
1646 2523 1831 2641 ceſte
1889 2523 2167 2641 figure;
2213 2523 2664 2641 toutesfois

658 2646 836 2765 pour
908 2646 1145 2765 eviter
1205 2646 1645 2765 confuſion,
1692 2646 1728 2765 il
1799 2646 1883 2765 eſt
1942 2646 2382 2765 neceſſaire
2465 2646 2656 2765 qu’ils

647 2770 932 2891 ſoyent
1018 2770 1488 2891 diſtinguez.
1612 2770 1772 2891 C’eſt
1847 2770 2279 2891 pourquoy
2354 2770 2539 2891 nous
2613 2770 2663 2891 a-

658 2895 835 3016 vons
907 2895 1096 3016 laiſſé
1179 2895 1227 3016 le
1309 2895 1475 3016 nom
1582 2895 1890 3016 general
1973 2895 2032 3016 de
2151 2895 2578 3016 Diametre,
2649 2895 2649 3016 à

664 3018 1082 3139 ceſtuy-cy
1158 3018 1272 3139 qui
1348 3018 1424 3139 eſt
1487 3018 1537 3139 le
1601 3018 1980 3139 principal
2056 3018 2107 3139 en
2183 3018 2651 3139 l’Exercice:

662 3142 732 3265 de
803 3142 1003 3265 ſorte
1097 3142 1226 3265 que
1309 3142 1509 3265 nous
1579 3142 2050 3265 l’appellons
2167 3142 2426 3265 meſme
2543 3142 2673 3265 Dia-

677 3273 897 3386 metre
967 3273 1013 3386 en
1083 3273 1175 3386 ſes
1245 3273 1535 3386 parties
1581 3273 2056 3386 adjouſtées
2102 3273 2160 3386 au
2253 3273 2531 3386 dehors
2589 3273 2658 3386 de

642 3393 678 3513 la
774 3393 1410 3513 circonference,
1470 3393 1734 3513 depuis
1806 3393 1842 3513 la
1914 3393 2141 3513 lettre
2237 3393 2285 3513 A,
2333 3393 2657 3513 juſques

652 3522 702 3603 au
825 3522 874 3603 Z.

583 3639 730 3765 OO.
792 3639 854 3765 ou
977 3639 1124 3765 NN.
1198 3639 1284 3765 Eſt
1334 3639 1383 3765 le
1469 3639 1740 3765 Diametre
1777 3639 2282 3765 perpendiculaire.

573 3764 584 3878 G
676 3764 710 3878 S.
813 3764 1076 3878 Diametre
1133 3764 1373 3878 oblique,
1453 3764 1750 3878 comme
1819 3764 2036 3878 allant
2093 3764 2208 3878 par
2276 3764 2322 3878 le
2414 3764 2654 3878 Cercle

652 3891 1249 4004 obliquement.

577 4014 741 4099 CV.
800 4014 859 4099 ou
976 4014 976 4099 X
1070 4014 1117 4099 D.
1199 4014 1457 4099 Collatera
1551 4014 1867 4099 interieure.

584 4131 713 4220 GT.
783 4131 829 4220 ou
923 4131 934 4220 S
1016 4131 1051 4220 F.
1145 4131 1448 4220 Collaterale
1495 4131 1833 4220 exterieure.
1938 4131 2043 4220 Ces
2113 4131 2300 4220 deux
2370 4131 2674 4220 dernie-

651 4255 759 4374 res
806 4255 1045 4374 lignes
1117 4255 1284 4374 vont
1355 4255 1546 4374 deux
1654 4255 1666 4374 &
1737 4255 1917 4374 deux
1964 4255 2155 4374 l’une
2227 4255 2227 4374 à
2322 4255 2513 4374 coſté
2597 4255 2669 4374 de

638 4380 940 4496 l’autre,
1010 4380 1161 4496 ſans
1230 4380 1672 4496 toutesfois
1742 4380 2044 4496 qu’elles
2102 4380 2381 4496 ſoyent
2428 4380 2660 4496 paral-

637 4503 852 4603 leles;
906 4503 1078 4603 dont
1121 4503 1315 4603 nous
1368 4503 1605 4603 avons
1659 4503 1928 4603 trouvé
1981 4503 2110 4603 bon
2196 4503 2261 4603 de
2304 4503 2411 4603 les
2454 4503 2669 4603 nom-

678 4632 804 4717 mer
896 4632 1423 4717 Collaterales.

581 4755 581 4861 N
677 4755 724 4861 T.
784 4755 843 4861 ou
962 4755 974 4861 N
1057 4755 1093 4861 F.
1176 4755 1533 4861 Traverſante
1568 4755 1889 4861 interieure.

592 4878 699 4986 VS.
770 4878 817 4986 ou
935 4878 947 4986 D
1053 4878 1088 4986 G.
1147 4878 1502 4986 Traverſante
1549 4878 1880 4986 exterieure.
1974 4878 2080 4986 Ces
2151 4878 2541 4986 dernieres
2588 4878 2659 4986 li-

671 5000 837 5121 gnes
896 5000 1073 5121 vont
1121 5000 1286 5121 auſſi
1357 5000 1534 5121 deux
1641 5000 1653 5121 &
1724 5000 1913 5121 deux
1972 5000 2161 5121 l’une
2220 5000 2220 5121 à
2315 5000 2504 5121 coſté
2598 5000 2658 5121 de

645 5125 950 5243 l’autre,
1006 5125 1052 5243 en
1142 5125 1187 5243 la
1289 5125 1549 5243 meſme
1594 5125 1797 5243 ſorte
1876 5125 2000 5243 que
2046 5125 2147 5243 les
2215 5125 2667 5243 preceden-

656 5252 791 5367 tes,
836 5252 1230 5367 appellées
1297 5252 1826 5367 collaterales:
1871 5252 2310 5367 toutesfois
2366 5252 2659 5367 pource

676 5372 978 5491 qu’elles
1036 5372 1083 5491 en
1176 5372 1571 5491 different,
1629 5372 1675 5491 en
1757 5372 1815 5491 ce
1896 5372 2198 5491 qu’elles
2256 5372 2431 5491 vont
2477 5372 2477 5491 à
2535 5372 2663 5491 tra-

661 5498 820 5617 vers
865 5498 911 5617 le
1013 5498 1377 5617 Diametre
1434 5498 1821 5617 principal
1855 5498 1991 5617 (les
2037 5498 2298 5617 autres
2366 5498 2673 5617 demeu-

661 5624 859 5731 rants
903 5624 914 5731 à
991 5624 1221 5731 coſté)
1276 5624 1474 5731 nous
1518 5624 1616 5731 les
1671 5624 1913 5731 avons
1968 5624 2176 5731 voulu
2275 5624 2659 5731 diſcerner

674 5747 917 5866 d’avec
966 5747 1295 5866 leſdites
1380 5747 1916 5866 Collaterales,
1989 5747 2098 5866 par
2159 5747 2220 5866 le
2354 5747 2488 5866 Nom
2598 5747 2659 5866 de

687 5874 1260 5959 Traverſantes.

564 5996 577 6108 A
692 5996 692 6108 O
795 5996 936 6108 ZO.
1038 5996 1115 6108 Eſt
1179 5996 1231 6108 le
1346 5996 1538 6108 Wuarré
1577 5996 1897 6108 circonſcrit.

564 6119 577 6242 A
695 6119 721 6242 O.
800 6119 918 6242 Coſté
983 6119 1010 6242 du
1115 6119 1298 6242 Quarré
1337 6119 1665 6242 circonſcrit.

576 6245 880 6369 CDFN
957 6245 1134 6369 avec
1172 6245 1223 6369 le
1324 6245 1616 6369 Centre,
1654 6245 1819 6369 font
1870 6245 1933 6369 un
2060 6245 2327 6369 Quadrant
2377 6245 2416 6369 du
2479 6245 2657 6369 Cercle.

592 6371 954 6489 CNXN.
1041 6371 1113 6489 Le
1214 6371 1402 6489 Quarré
1431 6371 1648 6489 inſrit.

586 6497 737 6615 CN.
819 6497 942 6615 Coſté
997 6497 1024 6615 du
1134 6497 1311 6615 Quarré
1353 6497 1558 6615 inſcrit.

573 6620 885 6744 ABCB.
993 6620 1359 6744 Quadrangle.
1441 6620 1563 6744 Afin
1671 6620 1793 6744 que
1874 6620 1929 6744 ce
1983 6620 2145 6744 nom
2240 6620 2295 6744 de
2403 6620 2660 6744 Quarré

659 6745 732 6867 ne
793 6745 928 6867 fuſt
989 6745 1148 6867 trop
1197 6745 1612 6867 frequent,
1710 6745 1722 6867 &
1783 6745 2541 6867 conſequemment,
2578 6745 2676 6867 ſu-

652 6871 762 6976 jet
823 6871 835 6976 à
909 6871 1264 6976 troubler
1325 6871 1374 6976 la
1459 6871 2035 6976 conſideration
2132 6871 2194 6976 du
2304 6871 2671 6976 Leteur,

2952 391 3149 518 nous
3214 391 3455 518 avons
3509 391 3793 518 trouvé
3859 391 4034 518 bon,
4110 391 4165 518 de
4230 391 4591 518 nommer
4678 391 4776 518 ces
4853 391 4973 518 pe-

2965 518 3086 641 tits
3194 518 3544 641 Quarrez,
3638 518 4204 641 Quadrangles.

2875 642 3024 766 CA.
3110 642 3370 766 Diametre
3407 642 3679 766 prolongé.

2865 771 2985 891 BB.
3079 771 3133 891 La
3227 771 3523 891 Diagnale
3576 771 3630 891 du
3764 771 4275 891 Quadrangle.

2874 890 3074 1015 Ceſte
3124 890 3375 1015 petite
3425 890 3626 1015 ligne
3688 890 3801 1015 qui
3864 890 3914 1015 va
3989 890 4190 1015 entre
4240 890 4465 1015 ladite
4566 890 4979 1015 Diagonale

3012 1022 3012 1140 &
3060 1022 3331 1140 l’angle
3390 1022 3815 1140 exterieur,
3874 1022 4192 1140 croiſant
4240 1022 4287 1140 le
4381 1022 4759 1140 Diametre
4806 1022 4971 1140 pro-

2949 1146 3225 1263 longé,
3297 1146 3429 1263 ſera
3501 1146 3884 1263 nommée
3944 1146 4076 1263 ligne
4136 1146 4160 1263 de
4231 1146 4363 1263 Pied',
4435 1146 4495 1263 ou
4567 1146 4699 1263 ligne
4759 1146 4962 1263 Pedale,

2957 1274 3156 1392 pour
3230 1274 3292 1392 ce
3366 1274 3627 1392 qu’elle
3713 1274 3912 1392 egale
3949 1274 4395 1392 juſtement
4457 1274 4494 1392 la
4568 1274 4965 1392 longueur

2979 1396 3028 1513 de
3078 1396 3127 1513 la
3177 1396 3461 1513 plante.

2853 1522 2902 1641 La
2987 1522 3231 1641 figure
3316 1522 3426 1641 qui
3499 1522 3938 1641 comprend
4011 1522 4060 1641 au
4145 1522 4426 1641 dedans
4499 1522 4560 1641 de
4633 1522 4938 1641 chaſcun

2973 1647 3081 1767 des
3201 1647 3719 1767 Quadrangles
3779 1647 3875 1767 les
3923 1647 4104 1767 trois
4188 1647 4477 1767 quarts,
4525 1647 4705 1767 avec
4777 1647 4958 1767 deux

2957 1770 3192 1893 egaux
3251 1770 4063 1893 parallelogrammes
4110 1770 4169 1893 au
4252 1770 4558 1893 dehors;
4593 1770 4711 1893 l’un
4769 1770 4781 1893 à
4828 1770 4946 1893 l’un

2969 1893 3077 2015 des
3136 1893 3423 2015 coſtez,
3531 1893 3543 2015 &
3590 1893 3853 2015 l’autre
3901 1893 3913 2015 à
3961 1893 4260 2015 l’autre,
4319 1893 4582 2015 allants
4630 1893 4965 2015 juſques

2946 2021 2957 2137 à
3027 2021 3073 2137 la
3143 2021 3781 2137 circonference,
3851 2021 3990 2137 ſera
4048 2021 4420 2137 nommée
4466 2021 4838 2137 l’Eſquierre;
4954 2021 4954 2137 &

2959 2145 3693 2266 conſequemment
3740 2145 3776 2266 la
3835 2145 4060 2266 ligne,
4107 2145 4285 2266 tirée
4356 2145 4616 2266 depuis
4664 2145 4711 2266 le
4770 2145 4960 2266 bout

2972 2271 3022 2393 de
3072 2271 3122 2393 la
3172 2271 3372 2393 ligne
3459 2271 3709 2393 Pedale
3771 2271 3884 2393 par
3934 2271 3984 2393 le
4071 2271 4333 2393 centre
4446 2271 4446 2393 &
4496 2271 4546 2393 le
4621 2271 4808 2393 coſté
4883 2271 4933 2393 du

3003 2396 3483 2519 Quadrangle
3558 2396 3886 2519 juſques
3975 2396 3975 2519 à
4051 2396 4088 2519 la
4189 2396 4808 2519 circonference
4896 2396 4934 2519 du

2987 2523 3275 2640 Cercle,
3323 2523 3468 2640 ſera
3540 2523 3672 2640 dite
3732 2523 3780 2640 la
3852 2523 4105 2640 longueur
4177 2523 4213 2640 de
4261 2523 4646 2640 l’Eſquierre:
4694 2523 4970 2640 l’autre

2948 2647 3173 2766 allant
3261 2647 3523 2766 depuis
3586 2647 3636 2766 le
3723 2647 3923 2766 coſté
4011 2647 4061 2766 du
4198 2647 4448 2766 Quarré
4511 2647 4973 2766 circonſcrit

2941 2773 3261 2889 juſques
3309 2773 3321 2889 à
3380 2773 3416 2889 la
3511 2773 3760 2889 meſme
3843 2773 4460 2889 circonference
4520 2773 4555 2889 la
4627 2773 4852 2889 largeur
4923 2773 4959 2889 de

2944 2898 3382 3012 l’Eſquierre.

2930 3020 3108 3138 Voilà
3155 3020 3261 3138 les
3309 3020 3534 3138 noms
3605 3020 3664 3138 de
3723 3020 3995 3138 toutes
4030 3020 4137 3138 les
4184 3020 4468 3138 lignes,
4539 3020 4646 3138 qui
4705 3020 4823 3138 ont
4894 3020 4953 3138 de

2822 3146 3101 3264 l’uſage
3185 3146 3222 3264 en
3295 3146 3331 3264 la
3428 3146 3815 3264 Pratique:
3888 3146 4046 3264 bien
4118 3146 4457 3264 entendu
4542 3146 4676 3264 que
4736 3146 4966 3264 celles

2845 3271 2952 3389 qui
3023 3271 3094 3389 ne
3165 3271 3331 3389 ſont
3402 3271 3520 3389 pas
3603 3271 4195 3389 expreſſement
4254 3271 4681 3389 ſpecifiées
4752 3271 4799 3389 en
4906 3271 4965 3389 ce

2840 3396 3521 3514 denombrement
3609 3396 3719 3514 par
3796 3396 4005 3514 leurs
4082 3396 4422 3514 lettres,
4499 3396 4785 3514 auront
4850 3396 4949 3514 les

2849 3523 3151 3641 meſmes
3224 3523 3755 3641 appellations
3852 3523 3972 3641 que
4045 3523 4142 3641 les
4190 3523 4431 3641 lignes
4516 3523 4576 3641 ou
4661 3523 4951 3641 figures

2838 3647 3274 3763 oppoſites,
3398 3647 3398 3763 &
3473 3647 3984 3763 ſemblables.
4108 3647 4158 3763 Et
4220 3647 4382 3763 faut
4432 3647 4755 3763 ſçavoir,
4830 3647 4955 3763 que

2815 3770 3134 3884 leſdites
3180 3770 3716 3884 appellations
3761 3770 3921 3884 leur
3967 3770 4126 3884 ſont
4172 3770 4617 3884 attribuées
4685 3770 4731 3884 en
4788 3770 4948 3884 leur

2831 3891 3099 4013 entier,
3169 3891 3425 4013 depuis
3472 3891 3588 4013 l’un
3670 3891 3856 4013 bout
3903 3891 4182 4013 juſqu’à
4252 3891 4544 4013 l’autre;
4613 3891 4707 4013 car
4753 3891 4951 4013 nous

2813 4018 2899 4137 ne
2996 4018 3331 4137 mettons
3396 4018 3515 4137 pas
3569 4018 3666 4137 les
3731 4018 4001 4137 lettres
4077 4018 4260 4137 pour
4358 4018 4714 4137 meſurer,
4801 4018 4952 4137 mais

2817 4137 3258 4262 ſeulement
3316 4137 3501 4262 pour
3583 4137 3943 4262 monſtrer
3989 4137 4093 4262 les
4140 4137 4418 4262 lignes.

3590 4639 3898 4804 Cercle
4227 4639 4315 4804 .

2848 4851 3239 4978 Repreſentant
3322 4851 3322 4978 &
3369 4851 3700 4978 rapportant
3748 4851 3807 4978 les
3854 4851 4186 4978 proportions
4245 4851 4269 4978 du
4351 4851 4493 4978 Corps
4588 4851 4588 4978 &
4659 4851 4718 4978 des
4837 4851 4967 4978 Mem-

2935 4975 3038 5098 bres
3084 4975 3405 5098 exterieurs
3463 4975 3486 5098 de
3532 4975 3818 5098 l’Homme
3876 4975 3876 5098 à
3922 4975 3956 5098 la
4002 4975 4174 5098 figure
4231 4975 4266 5098 de
4312 4975 4461 5098 noſtre
4530 4975 4782 5098 Cercle.
