5719 7432
3174 380 3286 520 ble
3360 380 3410 520 du
3485 380 3733 520 baſton
3808 380 3870 520 ou
3957 380 4020 520 de
4069 380 4107 520 la
4181 380 4555 520 cordelle,
4629 380 4940 520 dequoy
4990 380 5027 520 il
5077 380 5288 520 pren-

3188 505 3280 647 dra
3327 505 3430 647 les
3511 505 3822 647 meſures
3880 505 3926 647 au
4018 505 4226 647 corps
4295 505 4352 647 de
4410 505 4445 647 la
4502 505 4929 647 perſonne.
5056 505 5102 647 Et
5171 505 5286 647 par

3165 627 3339 771 ainſi
3374 627 3409 771 il
3455 627 3825 771 trouvera
3883 627 3999 771 par
4045 627 4080 771 la
4161 627 4752 771 confrontation
4856 627 4914 771 de
4983 627 5169 771 ceſte
5226 627 5296 771 fi-

3185 754 3386 897 gure,
3433 754 3858 897 rapportée
3917 754 3917 897 à
3988 754 4531 897 l’experience
4626 754 4944 897 meſme,
5004 754 5015 897 à
5098 754 5287 897 com-

3164 879 3316 1022 bien
3422 879 3867 1022 monteront
3949 879 4042 1022 les
4124 879 4569 1022 longueurs
4710 879 4710 1022 &
4780 879 5132 1022 largeurs
5225 879 5284 1022 de

3176 1001 3472 1145 chaſcun
3567 1001 3673 1145 des
3756 1001 4171 1145 membres,
4230 1001 4586 1145 deſquels
4645 1001 4681 1145 il
4752 1001 5036 1145 voudra
5108 1001 5285 1145 faire

3160 1128 3490 1271 preuve.
3585 1128 3632 1271 Et
3703 1128 3809 1271 qui
3856 1128 4021 1271 plus
4081 1128 4199 1271 eſt,
4222 1128 4258 1271 il
4305 1128 4399 1271 les
4458 1128 4824 1271 trouvera
4883 1128 5285 1271 touſiours

3170 1254 3691 1374 accordantes
3779 1254 3824 1374 en
3912 1254 4267 1374 leurdite
4355 1254 4688 1374 meſure,
4754 1254 4765 1374 à
4843 1254 5042 1374 l’une
5120 1254 5175 1374 ou
5264 1254 5275 1374 à

3163 1373 3175 1518 à
3223 1373 3486 1518 l’autre
3534 1373 3773 1518 ligne,
3833 1373 3893 1518 ou
3965 1373 3965 1518 à
4048 1373 4431 1518 certaines
4503 1373 4790 1518 parties
4885 1373 4945 1518 de
5005 1373 5292 1518 lignes,

3184 1513 3364 1634 qu’on
3443 1513 3589 1634 voit
3656 1513 3701 1634 en
3791 1513 3847 1634 ce
3926 1513 4184 1634 meſme
4274 1513 4555 1634 Cercle.

3326 1627 3424 1765 Car
3473 1627 3510 1765 la
3571 1627 3963 1765 longueur
4037 1627 4098 1765 de
4147 1627 4184 1765 la
4245 1627 4428 1765 teſte
4502 1627 4771 1765 depuis
4833 1627 4882 1765 le
4943 1627 5286 1765 ſommet

3160 1751 3480 1889 juſques
3526 1751 3583 1889 au
3686 1751 4440 1889 menton,s’accorde
4486 1751 4932 1889 juſtement
4978 1751 4989 1889 à
5046 1751 5080 1889 la
5172 1751 5252 1889 me

3164 1870 3315 2015 ſure
3391 1870 3454 2015 de
3491 1870 3542 2015 la
3592 1870 3794 2015 ligne
3870 1870 4160 2015 Pedale,
4235 1870 4298 2015 ou
4362 1870 4374 2015 à
4425 1870 4462 2015 la
4551 1870 4778 2015 demie
4879 1870 5282 2015 Diagonale

3178 1994 3229 2140 du
3367 1994 3884 2140 Quadrangle;
3947 1994 4174 2140 eſtant
4237 1994 4351 2140 par
4427 1994 4931 2140 conſequent
5007 1994 5208 2140 egale
5271 1994 5284 2140 à

3160 2127 3196 2263 la
3281 2127 3547 2263 meſure
3620 2127 3681 2263 de
3729 2127 3777 2263 la
3838 2127 4092 2263 plante
4165 2127 4274 2263 des
4358 2127 4588 2263 Pieds.

3274 2243 3323 2390 Sa
3385 2243 3693 2390 largeur
3755 2243 3841 2390 eſt
3902 2243 4100 2390 egale
4149 2243 4211 2390 au
4309 2243 4765 2390 demi-coſté
4839 2243 4889 2390 du
5000 2243 5295 2390 meſme;

3172 2370 3282 2512 qui
3343 2370 3428 2512 eſt
3477 2370 3647 2512 auſſi
3720 2370 3927 2512 egale
3975 2370 3988 2512 à
4036 2370 4085 2512 la
4146 2370 4547 2512 longueur
4632 2370 4693 2512 de
4766 2370 4803 2512 la
4912 2370 5119 2512 main,
5192 2370 5289 2512 de-

3159 2496 3319 2638 puis
3369 2496 3418 2638 le
3480 2496 3812 2638 poignet
3862 2496 4182 2638 juſques
4232 2496 4367 2638 aux
4429 2496 4663 2638 bouts
4737 2496 4848 2638 des
4910 2496 5193 2638 doigts.

3303 2621 3361 2758 La
3431 2621 3827 2758 longueur
3920 2621 3966 2758 du
4048 2621 4211 2758 bras
4292 2621 4676 2758 enſemble
4734 2621 4909 2758 avec
4955 2621 5002 2758 la
5095 2621 5293 2758 main,

3172 2736 3256 2884 eſt
3327 2736 3518 2884 egale
3566 2736 3578 2884 à
3626 2736 3674 2884 la
3745 2736 4139 2884 troiſieme
4223 2736 4462 2884 partie
4545 2736 4605 2884 du
4736 2736 5107 2884 Diametre
5190 2736 5298 2884 en-

3161 2875 3325 3000 tier,
3376 2875 3691 3000 aſſavoir
3766 2875 4031 3000 depuis
4069 2875 4106 3000 la
4169 2875 4396 3000 lettre
4484 2875 4535 3000 R,
4572 2875 4900 3000 juſques
4950 2875 4963 3000 à
5013 2875 5152 3000 l’H.
5215 2875 5265 3000 ou

3185 3002 3442 3124 depuis
3491 3002 3674 3124 ledit
3784 3002 3821 3124 H,
3870 3002 4188 3124 juſques
4249 3002 4298 3124 au
4420 3002 4457 3124 C.
4518 3002 4616 3124 car
4677 3002 4775 3124 ces
4848 3002 5301 3124 longueurs

3156 3122 3318 3249 ſont
3400 3122 3702 3249 egales;
3819 3122 3830 3249 &
3888 3122 4423 3249 contiennent
4482 3122 4924 3249 juſtement
4993 3122 5296 3249 l’eſten-

3187 3249 3309 3367 due
3395 3249 3456 3367 de
3554 3249 3603 3367 8.
3725 3249 4129 3367 Nombres,
4202 3249 4337 3367 tels
4422 3249 4581 3367 qu’il
4655 3249 4667 3367 y
4752 3249 4789 3367 en
4875 3249 4887 3367 a
4936 3249 5021 3367 12.
5070 3249 5180 3367 ſur
5242 3249 5290 3367 le

3187 3371 3896 3487 demi-Diametre,
3968 3371 4028 3487 ou
4100 3371 4196 3487 ſur
4244 3371 4280 3487 la
4340 3371 4533 3487 lame
4605 3371 4665 3487 de
4725 3371 4989 3487 noſtre
5049 3371 5302 3487 eſpee,

3171 3497 3467 3630 comme
3524 3497 3558 3630 il
3604 3497 3741 3630 ſera
3809 3497 4139 3630 diſcouru
4230 3497 4287 3630 cy
4344 3497 4595 3630 apres.

3315 3612 3596 3751 Toutes
3697 3612 3798 3751 ces
3877 3612 4406 3751 proportions
4474 3612 4530 3751 ſe
4620 3612 5194 3751 rencontrants
5261 3612 5295 3751 ſi

3191 3745 3973 3858 merveilleuſement
4017 3745 4127 3858 ſur
4182 3745 4293 3858 ces
4337 3745 4623 3858 lignes,
4689 3745 4799 3858 qui
4843 3745 5306 3858 procedent

3187 3866 3293 3984 des
3352 3866 4002 3984 entrecoupures
4073 3866 4132 3984 de
4203 3866 4391 3984 ceſte
4462 3866 4758 3984 figure,
4852 3866 4911 3984 de
4970 3866 5088 3984 l’un
5194 3866 5312 3984 des

3166 3975 3428 4123 angles
3500 3975 3894 4123 oppoſites
3941 3975 3953 4123 à
4013 3975 4311 4123 l’autre,
4359 3975 4526 4123 ſont
4573 3975 4681 4123 icy
4740 3975 5301 4123 repreſentées

3180 4101 3227 4245 en
3310 4101 3369 4245 ce
3464 4101 3700 4245 Cercle
3819 4101 3854 4245 N.
3901 4101 3937 4245 1.
3984 4101 4091 4245 ſur
4138 4101 4197 4245 le
4292 4101 4339 4245 de
4398 4101 4552 4245 vant
4647 4101 4706 4245 de
4777 4101 4813 4245 la
4872 4101 5298 4245 perſonne,

3167 4224 3320 4364 tant
3367 4224 3472 4364 ſur
3519 4224 3566 4364 la
3637 4224 3848 4364 chair,
3895 4224 4024 4364 que
4083 4224 4188 4364 ſur
4224 4224 4329 4364 les
4388 4224 4822 4364 oſſements
4869 4224 5092 4364 nuds,
5127 4224 5127 4364 à
5198 4224 5315 4364 rai-

3170 4343 3264 4488 ſon
3370 4343 3723 4488 qu’iceux
3794 4343 3959 4488 ſont
4029 4343 4088 4488 le
4159 4343 4547 4488 principal
4617 4343 5112 4488 fondement
5194 4343 5312 4488 des

3170 4467 3651 4611 longueurs,
3709 4467 3827 4611 des
3874 4467 4260 4611 largeurs,
4354 4467 4354 4611 &
4436 4467 4495 4611 de
4542 4467 4811 4611 toutes
4858 4467 4952 4611 les
5022 4467 5304 4611 dimen-

3170 4587 3368 4715 ſions
3438 4587 3496 4715 de
3543 4587 3951 4715 l’homme:
4009 4587 4172 4715 dont
4219 4587 4254 4715 il
4301 4587 4499 4715 nous
4546 4587 4546 4715 a
4604 4587 4884 4715 ſemblé
4942 4587 5315 4715 neceſſai¬

3176 4714 3232 4856 re
3320 4714 3387 4856 de
3442 4714 3498 4856 le
3576 4714 4086 4856 repreſenter
4141 4714 4197 4856 en
4263 4714 4540 4856 toutes
4596 4714 4696 4856 les
4773 4714 4962 4856 deux
5039 4714 5306 4856 manie-

3184 4855 3316 4980 res,
3352 4855 3543 4980 l’une
3591 4855 3603 4980 à
3687 4855 3830 4980 main
3926 4855 4201 4980 droite,
4309 4855 4309 4980 &
4357 4855 4620 4980 l’autre
4668 4855 4680 4980 à
4752 4855 5087 4980 gauche.
5194 4855 5314 4980 Les

3206 4979 3511 5104 meſmes
3557 4979 4085 5104 proportions
4132 4979 4296 5104 ſont
4355 4979 4906 5104 demonſtrées
4953 4979 5317 5104 pareille-

3210 5099 3391 5221 ment
3439 5099 3548 5221 ſur
3585 5099 3645 5221 le
3693 5099 3984 5221 pourfil
4044 5099 4153 5221 des
4214 5099 4637 5221 oſſements
4685 5099 4746 5221 au
4855 5099 5097 5221 Cercle
5218 5099 5278 5221 N.3

3214 5215 3264 5354 Et
3326 5215 3388 5354 au
3525 5215 3563 5354 N.
3638 5215 3688 5354 4.
3737 5215 3837 5354 ſur
3887 5215 3937 5354 le
4012 5215 4373 5354 derriere,
4436 5215 4486 5354 en
4561 5215 4997 5354 regardant
5034 5215 5084 5354 la
5159 5215 5321 5354 per-

3171 5349 3409 5476 ſonne
3480 5349 3539 5476 de
3610 5349 3753 5476 dos.
3860 5349 4168 5476 Comme
4216 5349 4251 5476 il
4311 5349 4394 5476 eſt
4465 5349 4844 5476 derechef
4904 5349 5319 5476 repreſen-

3179 5476 3242 5601 té
3306 5476 3369 5601 au
3496 5476 3737 5601 Cercle
3864 5476 3902 5601 N.
3953 5476 3991 5601 5.
4067 5476 4168 5601 par
4245 5476 4283 5601 la
4346 5476 4587 5601 figure
4663 5476 5107 5601 renverſée,
5183 5476 5310 5601 que

3191 5600 3292 5724 ces
3382 5600 3673 5724 meſmes
3729 5600 4254 5724 proportions
4322 5600 4792 5724 demeurent
4836 5600 5318 5724 invariables

3182 5724 3339 5849 tant
3406 5724 3418 5849 à
3496 5724 4002 5849 commencer
4092 5724 4159 5849 de
4227 5724 4339 5849 l’un
4429 5724 4620 5849 bout
4710 5724 4755 5849 du
4890 5724 5317 5849 Diametre,

3208 5843 3338 5989 que
3403 5843 3468 5989 de
3533 5843 3831 5989 l’autre.

3956 5984 4182 6139 erc-
4424 5984 4731 6139 v.
4651 5984 4731 6139 -.

3678 6194 3678 6312 E
3783 6194 4017 6312 Cercle
4063 6194 4145 6312 ne
4215 6194 4566 6312 contient
4612 6194 4834 6312 autre
4893 6194 5138 6312 choſe,
5185 6194 5313 6312 que

3649 6315 3745 6434 les
3793 6315 4008 6434 noms
4080 6315 4188 6434 des
4236 6315 4487 6434 lignes
4547 6315 4607 6434 de
4679 6315 4870 6434 ceſte
4918 6315 5193 6434 figure,
5241 6315 5289 6434 en

3648 6441 3683 6557 la
3790 6441 4038 6557 meſme
4109 6441 4310 6557 ſorte
4393 6441 4594 6557 qu’ils
4665 6441 4783 6557 ont
4866 6441 4996 6557 eſté
5079 6441 5315 6557 decla-

3653 6561 3779 6680 rez
3842 6561 3905 6680 cy
3980 6561 4244 6680 deſſus.

5124 6994 5315 7074 Cercle

895 405 1111 538 peine
1195 405 1327 538 d’en
1424 405 1832 538 examiner
1892 405 1989 538 les
2085 405 2818 538 demonſtrations,
2902 405 3010 538 qui

885 533 1140 664 ſeront
1201 533 1626 664 propoſées
1699 533 1711 664 à
1772 533 1808 664 la
1881 533 2063 664 ſuite
2136 533 2197 664 de
2282 533 2464 664 ceſte
2573 533 2828 664 meſme
2913 533 3011 664 ex-

882 659 1300 790 plication.
1420 659 1432 790 A
1492 659 1826 790 laquelle
1886 659 2065 790 nous
2125 659 2388 790 ferons
2435 659 2746 790 l’entree
2806 659 2913 790 par
2961 659 3009 790 la

908 779 1369 908 declaration
1454 779 1515 908 de
1600 779 1661 908 ce
1770 779 2001 908 Cercle
2122 779 2158 908 N.
2207 779 2243 908 1.
2316 779 2863 908 repreſentant
2911 779 3009 908 les

886 903 1420 1047 proportions
1494 903 1544 1047 de
1593 903 1606 1047 l
1656 903 2003 1047 homme,
2053 903 2065 1047 à
2115 903 2165 1047 le
2227 903 2587 1047 regarder
2674 903 2724 1047 de
2773 903 3009 1047 front;

958 1040 958 1167 &
1022 1040 1061 1167 en
1150 1040 1240 1167 eſt
1279 1040 1317 1167 la
1369 1040 1882 1167 ſignification
1972 1040 2139 1167 telle
2216 1040 2370 1167 qu’il
2421 1040 2755 1167 s’enſuit.

1085 1194 1097 1344 .
1206 1194 1266 1344 Le
1375 1194 1751 1344 Diametre
1835 1194 2065 1344 entier
2138 1194 2223 1344 eſt
2307 1194 2453 1344 egal
2501 1194 2501 1344 à
2574 1194 2610 1344 ſa
2671 1194 2997 1344 hauteur

1058 1336 1465 1479 eſtendue,
1522 1336 1567 1479 en
1646 1336 1974 1479 eſlevant
2019 1336 2109 1479 les
2166 1336 2324 1479 bras
2392 1336 2878 1479 droitement
2934 1336 2980 1479 en

1039 1475 1250 1559 haut.

955 1568 997 1718 V.
1108 1568 1373 1718 Depuis
1415 1568 1457 1718 le
1554 1568 1596 1718 C,
1652 1568 1972 1718 juſques
2028 1568 2028 1718 à
2084 1568 2209 1718 l’V,
2279 1568 2432 1718 c’eſt
2474 1568 2920 1718 juſtement
2962 1568 3003 1718 la

1039 1712 1443 1854 longueur
1528 1712 1590 1854 de
1651 1712 1688 1854 la
1773 1712 2190 1854 perſonne,
2251 1712 2520 1854 depuis
2557 1712 2667 1854 les
2716 1712 3010 1854 plantes

1066 1840 1165 1966 des
1226 1840 1436 1966 pieds
1486 1840 1819 1966 juſqu’au
1893 1840 2053 1966 plus
2103 1840 2276 1966 haut
2350 1840 2411 1966 de
2461 1840 2498 1966 la
2560 1840 2782 1966 teſte.

987 1820 1045 2089 A.
1145 1820 1332 2089 Ceſte
1390 1820 1778 2089 premiere
1836 1820 2022 2089 ligne
2080 1820 2483 2089 poinée,
2540 1820 2655 2089 qui
2698 1820 2785 2089 eſt
2871 1820 3029 2089 mar-

1052 2088 1240 2230 quée
1290 2088 1303 2230 à
1365 2088 1566 2230 coſté
1629 2088 1754 2230 d’un
1829 2088 2017 2230 petit
2105 2088 2155 2230 A,
2218 2088 2657 2230 demonſtre
2720 2088 2757 2230 la
2833 2088 3008 2230 hau-

1057 2218 1223 2303 teur
1278 2218 1333 2303 du
1411 2218 1643 2303 front.

982 2320 1020 2463 B.
1083 2320 1133 2463 La
1184 2320 1486 2463 ligne,
1549 2320 1788 2463 menée
1851 2320 1851 2463 à
1914 2320 2204 2463 travers
2254 2320 2292 2463 le
2392 2320 2758 2463 Diametre
2820 2320 3009 2463 prin-

1063 2459 1269 2591 cipal,
1346 2459 1397 2591 de
1461 2459 1577 2591 l’un
1667 2459 1706 2591 S,
1757 2459 1757 2591 à
1809 2459 2105 2591 l’autre,
2169 2459 2504 2591 reſpond
2568 2459 3005 2591 juſtement

1034 2587 1136 2675 ſur
1182 2587 1238 2675 le
1295 2587 1476 2675 bout
1544 2587 1601 2675 du
1680 2587 1851 2675 nez.

999 2706 1036 2831 C.
1120 2706 1459 2831 Ceſte-cy
1532 2706 1979 2831 demonſtre
2028 2706 2076 2831 le
2161 2706 2499 2831 menton.

995 2832 1032 2951 D.
1106 2832 1168 2951 Le
1218 2832 1466 2951 nœud
1540 2832 1589 2951 de
1651 2832 1689 2951 la
1750 2832 2023 2951 gorge.

983 2954 1020 3073 E.
1107 2954 1169 3073 Le
1231 2954 1405 3073 haut
1480 2954 1591 3073 des
1653 2954 2026 3073 eſpaules.

951 3079 989 3195 R.
1079 3079 1233 3195 C’eſt
1285 3079 1323 3195 le
1388 3079 1542 3195 plus
1593 3079 1773 3195 haut
1837 3079 1901 3195 de
1953 3079 1991 3195 la
2055 3079 2428 3195 poitrine.

971 3184 1011 3353 F.
1131 3184 1479 3353 Reſpond
1519 3184 1627 3353 ſur
1667 3184 1707 3353 la
1774 3184 1961 3353 juſte
2015 3184 2349 3353 hauteur
2429 3184 2536 3353 des
2590 3184 2938 3353 aixelles.

1002 3327 1037 3417 G.
1107 3327 1211 3417 Sur
1258 3327 1363 3417 les
1444 3327 1945 3417 mammelles.

1001 3452 1038 3573 H.
1112 3452 1223 3573 Sur
1260 3452 1309 3573 le
1395 3452 1580 3573 mitan
1667 3452 1728 3573 de
1778 3452 1827 3573 la
1889 3452 2259 3573 poitrine.

950 3577 986 3665 I.
1108 3577 1218 3665 Sur
1254 3577 1303 3665 le
1364 3577 1730 3665 brechet.

997 3682 1036 3843 R.
1102 3682 1220 3843 Sur
1259 3682 1364 3843 les
1416 3682 1692 3843 fauſſes
1758 3682 2033 3843 coſtes,
2125 3682 2125 3843 &
2177 3682 2282 3843 ſur
2335 3682 2387 3843 le
2479 3682 3017 3843 Diaphragme.

900 3823 960 3914 Le
1056 3823 1321 3914 Centre
1381 3823 1586 3914 vient
1634 3823 1730 3914 ſur
1778 3823 1826 3914 le
1886 3823 2259 3914 nombril.

962 3945 1001 4062 L.
1104 3945 1221 4062 Sur
1260 3945 1311 4062 la
1363 3945 1557 4062 teſte
1635 3945 1687 4062 de
1738 3945 1868 4062 l’os
1933 3945 1997 4062 de
2049 3945 2088 4062 la
2165 3945 2411 4062 cuiſſe.

1004 4075 1041 4187 M.
1103 4075 1214 4187 Sur
1263 4075 1312 4187 le
1374 4075 1732 4187 perinee.

1003 4195 1039 4284 N.
1111 4195 1219 4284 Sur
1267 4195 1315 4284 le
1399 4195 1724 4284 membre
1784 4195 1964 4284 viril.

1002 4320 1041 4437 O.
1117 4320 1232 4437 Sur
1283 4320 1334 4437 le
1385 4320 1692 4437 podex.

974 4439 1026 4534 P.
1116 4439 1231 4534 Sur
1270 4439 1321 4534 le
1385 4439 1565 4534 haut
1629 4439 1694 4534 de
1745 4439 1783 4534 la
1861 4439 2105 4534 cuiſſe.

977 4560 1004 4684 H.
1136 4560 1480 4684 Reſpond
1533 4560 1586 4684 au
1665 4560 1824 4684 plus
1890 4560 2062 4684 gros
2129 4560 2181 4684 de
2234 4560 2274 4684 la
2354 4560 2605 4684 cuiſſe.

1020 4686 1057 4816 Q.
1178 4686 1613 4816 Demonſtre
1686 4686 1734 4816 le
1819 4686 2157 4816 concave
2230 4686 2290 4816 de
2339 4686 2375 4816 la
2460 4686 2762 4816 meſme.

992 4809 1043 4904 R.
1106 4809 1169 4904 Le
1233 4809 1347 4904 bas
1423 4809 1474 4904 de
1525 4809 1575 4904 la
1639 4809 1892 4904 cuiſſe.

987 4939 1025 5058 S.
1115 4939 1179 5058 Le
1230 4939 1754 5058 ſur-genouil.

992 5063 1043 5182 T.
1106 5063 1170 5182 Le
1221 5063 1818 5182 ſous-genouil.

949 5183 1003 5303 E.
1085 5183 1249 5303 C’eſt
1289 5183 1344 5303 le
1398 5183 1562 5303 plus
1603 5183 1780 5303 haut
1862 5183 1917 5303 de
1971 5183 2012 5303 la
2080 5183 2339 5303 greve.

998 5304 1047 5426 V.
1134 5304 1183 5426 Le
1245 5304 1419 5426 haut
1493 5304 1543 5426 du
1629 5304 1778 5426 gras
1840 5304 1902 5426 de
1951 5304 1988 5426 la
2038 5304 2298 5426 jambe
2372 5304 2410 5426 en
2509 5304 2818 5426 dedans.

1033 5432 1068 5550 V.
1139 5432 1198 5550 Le
1281 5432 1541 5550 meſme
1601 5432 1648 5550 en
1743 5432 2050 5550 dehors.

1042 5553 1042 5675 .
1136 5553 1195 5675 Le
1253 5553 1418 5675 plus
1465 5553 1595 5675 bas
1653 5553 1712 5675 du
1806 5553 2065 5675 meſme
2124 5553 2171 5675 en
2265 5553 2571 5675 dedans.

1006 5683 1057 5798 Y.
1146 5683 1210 5798 Le
1261 5683 1388 5798 bas
1452 5683 1516 5798 de
1567 5683 1618 5798 la
1682 5683 1937 5798 greve.

1045 5803 1045 5917 .
1145 5803 1195 5917 La
1269 5803 1580 5917 cheville
1655 5803 1705 5917 du
1779 5803 1978 5917 pied.

1015 5937 1015 6049 .
1085 5937 1190 6049 Les
1248 5937 1587 6049 plantes.

1095 6091 1192 6253 Qui
1253 6091 1386 6253 ſera
1458 6091 1773 6253 curieux
1845 6091 1906 6253 de
1954 6091 2257 6253 reduire
2329 6091 2426 6253 ces
2511 6091 2813 6253 meſmes
2862 6091 3031 6253 pro-

922 6229 1273 6358 portions
1353 6229 1353 6358 à
1455 6229 1784 6358 quelque
1875 6229 2215 6358 certaine
2306 6229 2624 6358 meſure,
2692 6229 2874 6358 pour
2964 6229 2998 6358 en

913 6352 1212 6480 ſçavoir
1260 6352 1535 6480 rendre
1583 6352 1619 6480 la
1679 6352 1894 6480 raiſon
1978 6352 2134 6480 plus
2194 6352 2672 6480 exaemẽt,
2732 6352 2768 6480 il
2816 6352 3043 6480 pour-

916 6477 964 6605 ra
1036 6477 1215 6605 pour
1287 6477 1418 6605 ceſt
1490 6477 1705 6605 effe
1765 6477 1980 6605 partir
2040 6477 2088 6605 le
2195 6477 2578 6605 Diametre
2662 6477 2889 6605 entier
2973 6477 3020 6605 en

937 6600 1036 6723 24.
1159 6600 1553 6723 Nombres,
1676 6600 1676 6723 &
1738 6600 1738 6723 à
1812 6600 2108 6723 chaſcun
2218 6600 2502 6723 d’iceux
2563 6600 2600 6723 il
2674 6600 2686 6723 y
2760 6600 3031 6723 pourra

922 6723 1305 6853 imaginer
1367 6723 1466 6853 10.
1540 6723 1972 6853 parcelles;
2095 6723 2095 6853 &
2169 6723 2169 6853 à
2256 6723 2626 6853 chaſcune
2700 6723 3034 6853 parcelle

928 6849 1025 6993 10.
1110 6849 1461 6993 minutes:
1521 6849 1691 6993 dont
1739 6849 1776 6993 il
1824 6849 1957 6993 fera
2018 6849 2575 6993 pareillement
2611 6849 2672 6993 le
2720 6849 3035 6993 ſembla-
