5719 7432
1307 414 1629 578 Cercle
1974 414 2112 578 3.

613 611 803 752 Auquel
836 611 870 752 on
926 611 1048 752 voit,
1082 611 1339 752 comment
1372 611 1439 752 les
1484 611 1562 752 pas
1607 611 1886 752 naturels,
1941 611 2042 752 dont
2087 611 2154 752 les
2243 611 2455 752 Hommes
2500 611 2634 752 uſent
2678 611 2712 752 en

686 751 795 893 leur
860 751 1133 893 demarche
1198 751 1492 893 ordinaire,
1547 751 1873 893 s’accordent
1939 751 2037 893 fort
2091 751 2429 893 naifvement
2483 751 2603 893 avec
2658 751 2723 893 les

711 888 911 999 meſures
977 888 1011 999 de
1044 888 1088 999 ce
1144 888 1299 999 meſme
1365 888 1632 999 Cercle.

1042 1025 1174 1169 Inſi
1259 1025 1379 1169 que
1452 1025 1657 1169 nous
1717 1025 2006 1169 venons
2079 1025 2139 1169 de
2211 1025 2718 1169 repreſenter

1028 1168 1064 1296 la
1137 1168 1662 1296 convenance
1736 1168 1785 1296 de
1858 1168 2041 1296 ceſte
2102 1168 2346 1296 figure
2420 1168 2468 1296 du
2578 1168 2713 1296 Cer-

1041 1294 1134 1420 cle
1181 1294 1369 1420 avec
1415 1294 1509 1420 les
1568 1294 2094 1420 proportions
2165 1294 2223 1420 de
2270 1294 2703 1420 l’Homme,

1028 1421 1311 1547 faiſons
1384 1421 1433 1547 en
1507 1421 1667 1547 auſſi
1716 1421 1765 1547 le
1814 1421 2245 1547 ſemblable
2294 1421 2355 1547 au
2429 1421 2699 1547 regard

585 1547 647 1674 de
721 1547 759 1674 la
858 1547 1268 1674 demarche
1405 1547 1405 1674 &
1492 1547 1604 1674 des
1679 1547 1853 1674 pas,
1928 1547 2288 1674 deſquels
2350 1547 2375 1674 il
2437 1547 2699 1674 faudra

579 1674 749 1798 qu’il
809 1674 918 1798 uſe
1003 1674 1051 1798 en
1148 1674 1415 1798 ceſtuy
1475 1674 1730 1798 noſtre
1826 1674 2238 1798 Exercice.
2371 1674 2468 1798 Car
2541 1674 2710 1798 tou-

575 1798 800 1925 chant
860 1798 919 1925 ce
1002 1798 1132 1925 que
1191 1798 1298 1925 les
1369 1798 1890 1925 proportions
1985 1798 2044 1925 de
2103 1798 2470 1925 l’homme
2541 1798 2707 1925 ſont

591 1925 961 2051 derechef
1022 1925 1577 2051 repreſentées
1651 1925 1688 2051 en
1774 1925 1835 2051 ce
1934 1925 2168 2051 Cercle
2303 1925 2340 2051 N.
2402 1925 2439 2051 3.
2476 1925 2587 2051 ſur
2648 1925 2698 2051 le

570 2051 850 2176 pourfil
936 2051 1046 2176 des
1131 2051 1595 2176 oſſements,
1668 2051 1705 2176 il
1778 2051 1912 2176 n’en
2010 2051 2266 2176 eſchet
2339 2051 2547 2176 point
2632 2051 2693 2176 de

571 2176 944 2299 propoſer
1004 2176 1125 2299 icy
1209 2176 1414 2299 autre
1498 2176 1775 2299 choſe,
1872 2176 1992 2299 que
2089 2176 2209 2299 d’en
2306 2176 2703 2299 renvoyer

565 2300 1078 2445 ſimplement
1130 2300 1181 2445 le
1258 2300 1579 2445 Leeur
1617 2300 1630 2445 à
1707 2300 1772 2445 ce
1836 2300 1951 2445 qui
2003 2300 2003 2445 a
2080 2300 2208 2445 eſté
2272 2300 2580 2445 ſpecifié
2632 2300 2683 2445 au

615 2429 851 2514 Cercle
956 2429 996 2514 N.
1061 2429 1101 2514 1.

701 2518 821 2675 Les
869 2518 1122 2675 traces
1182 2518 1363 2675 donc
1435 2518 1544 2675 des
1604 2518 1845 2675 pieds,
1893 2518 2001 2675 qui
2061 2518 2242 2675 vont
2314 2518 2591 2675 dedans
2687 2518 2699 2675 &

561 2673 922 2799 alentour
1006 2673 1067 2799 de
1151 2673 1211 2799 ce
1320 2673 1560 2799 Cercle
1693 2673 1729 2799 N.
1813 2673 1850 2799 3.
1946 2673 2247 2799 cottées
2331 2673 2379 2799 en
2476 2673 2705 2799 chifre

579 2796 636 2923 de
728 2796 1131 2923 differents
1223 2796 1660 2923 nombres,
1775 2796 2328 2923 demonſtrent
2397 2796 2431 2923 la
2535 2796 2696 2923 con-

566 2923 913 3046 venance
980 2923 1047 3046 de
1103 2923 1148 3046 la
1238 2923 1652 3046 demarche
1719 2923 2111 3046 ordinaire
2200 2923 2256 3046 de
2323 2923 2704 3046 l’homme

562 3045 737 3190 avec
800 3045 987 3190 ceſte
1075 3045 1337 3190 meſme
1387 3045 1637 3190 figure
1712 3045 1762 3190 du
1875 3045 2149 3190 Cercle;
2287 3045 2287 3190 &
2362 3045 2399 3190 en
2512 3045 2587 3190 eſt
2649 3045 2687 3190 la

554 3172 1081 3292 ſignification
1144 3172 1357 3292 telle,
1420 3172 1545 3292 que
1608 3172 1946 3292 s’enſuit.

718 3279 943 3421 Celles
1006 3279 1119 3421 qui
1182 3279 1357 3421 vont
1407 3279 1457 3421 le
1507 3279 1683 3421 long
1758 3279 1808 3421 du
1921 3279 2297 3421 Diametre
2360 3279 2698 3421 perpen-

568 3420 964 3545 diculaire,
1010 3420 1324 3545 cottées
1383 3420 1429 3545 en
1522 3420 1743 3545 chifre
1860 3420 1871 3545 ,
1941 3420 2500 3545 demonſtrent
2558 3420 2698 3545 que

551 3546 588 3671 la
649 3546 1041 3671 longueur
1114 3546 1176 3671 de
1249 3546 1445 3671 cedit
1531 3546 1911 3671 Diametre
1984 3546 2695 3671 perpendiculaire

558 3671 993 3794 prolongé,
1063 3671 1369 3794 revient
1439 3671 1439 3794 à
1533 3671 1792 3794 quatre
1862 3671 1980 3794 pas
2062 3671 2544 3794 ordinaires,
2626 3671 2673 3794 en

552 3793 818 3910 faiſant
903 3793 1095 3910 deux
1169 3793 1233 3910 ou
1308 3793 1488 3910 trois
1542 3793 1659 3910 pas
1712 3793 1935 3910 avant
2031 3793 2148 3910 que
2222 3793 2286 3910 de
2361 3793 2563 3910 venir
2616 3793 2669 3910 au

600 3908 879 4033 Cercle,
914 3908 1030 4033 afin
1111 3908 1239 4033 que
1297 3908 1344 4033 le
1413 3908 1622 4033 corps
1669 3908 1797 4033 ſoit
1866 3908 1913 4033 en
1982 3908 2203 4033 train,
2238 3908 2436 4033 pour
2494 3908 2691 4033 com-

582 4029 878 4148 mencer
923 4029 969 4148 la
1060 4029 1469 4148 demarche
1537 4029 1548 4148 à
1650 4029 1798 4148 main
1900 4029 2139 4148 droite
2218 4029 2321 4148 ſur
2378 4029 2423 4148 la
2491 4029 2696 4148 ligne

578 4157 878 4276 Pedale,
990 4157 990 4276 &
1040 4157 1090 4276 la
1140 4157 1302 4276 finir
1365 4157 1927 4276 pareillement
1964 4157 2077 4276 ſur
2114 4157 2164 4276 la
2214 4157 2414 4276 ligne
2502 4157 2714 4276 Peda-

550 4279 600 4402 le
661 4279 661 4402 à
748 4279 896 4402 main
983 4279 1304 4402 gauche.
1402 4279 1464 4402 Ce
1526 4279 1637 4402 qui
1711 4279 1847 4402 doit
1896 4279 2069 4402 auſſi
2131 4279 2316 4402 eſtre
2378 4279 2699 4402 obſervé

546 4401 1227 4526 ſemblablement
1295 4401 1352 4526 és
1397 4401 1658 4526 autres
1737 4401 2203 4526 demarches
2259 4401 2690 4526 ſuivantes.

718 4527 946 4653 Celles
1018 4527 1126 4653 qui
1174 4527 1354 4653 vont
1415 4527 1463 4653 le
1535 4527 1715 4653 long
1799 4527 1847 4653 du
1955 4527 2208 4653 meſme
2316 4527 2688 4653 Diametre

555 4653 611 4777 au
724 4653 1005 4777 dedans
1095 4653 1151 4777 de
1230 4653 1275 4777 la
1365 4653 2040 4777 circonference,
2152 4653 2546 4777 marquées
2625 4653 2670 4777 en

567 4777 795 4900 chifre
891 4777 891 4900 ,
939 4777 1491 4900 demonſtrent
1563 4777 1683 4900 que
1731 4777 1779 4900 la
1827 4777 2235 4900 longueur
2295 4777 2355 4900 de
2427 4777 2703 4900 ceDia-

592 4899 834 5043 metre,
882 4899 967 5043 eſt
1039 4899 1100 5043 de
1160 4899 1341 5043 trois
1390 4899 1511 5043 pas
1583 4899 1643 5043 de
1692 4899 1728 5043 la
1801 4899 2223 5043 demarche
2284 4899 2707 5043 ordinaire,

567 5032 612 5122 en
690 5032 912 5122 allant
979 5032 1046 5122 de
1112 5032 1724 5122 circonference
1769 5032 1780 5122 à
1847 5032 2481 5122 circonference.

704 5130 766 5274 La
853 5130 1102 5274 meſme
1164 5130 1623 5274 proportion
1710 5130 1797 5274 eſt
1847 5130 2368 5274 repreſentée
2430 5130 2542 5274 ſur
2604 5130 2703 5274 les

584 5272 766 5399 deux
862 5272 1286 5399 Diametres
1346 5272 1709 5399 obliques
1782 5272 1891 5399 par
1951 5272 2060 5399 les
2109 5272 2508 5399 ſemelles,
2593 5272 2701 5399 qui

571 5396 886 5523 portent
958 5396 1007 5523 le
1116 5396 1430 5523 Nombre
1515 5396 1515 5523 3
1660 5396 1660 5523 &
1733 5396 1769 5523 4.
1878 5396 1890 5523 &
1950 5396 2519 5523 pareillement
2579 5396 2700 5523 par

573 5521 798 5648 celles
881 5521 987 5648 qui
1058 5521 1377 5648 portent
1436 5521 1495 5648 le
1625 5521 1932 5648 Nombre
2038 5521 2050 5648 .
2097 5521 2204 5648 ſur
2251 5521 2357 5648 les
2440 5521 2759 5648 quatre!

576 5651 826 5773 coſtez
910 5651 969 5773 du
1112 5651 1362 5773 Quarré
1458 5651 1946 5773 circonſcrit;
2041 5651 2339 5773 comme
2423 5651 2697 5773 eſtants

575 5778 818 5905 egaux
864 5778 864 5905 à
910 5778 1141 5905 iceux
1234 5778 1661 5905 Diametres
1719 5778 2112 5905 obliques,
2158 5778 2204 5905 en
2274 5778 2493 5905 allant
2551 5778 2713 5905 tou-

563 5904 804 6025 ſiours
877 5904 925 6025 de
973 5904 1094 6025 l’un
1166 5904 1360 6025 bout
1396 5904 1685 6025 juſqu’à
1734 5904 2023 6025 l’autre.

738 6005 953 6148 Celles
1025 6005 1133 6148 qui
1181 6005 1336 6148 ſont
1420 6005 1814 6148 marquées
1886 6005 1934 6148 du
2077 6005 2388 6148 Nombre
2484 6005 2520 6148 6.
2591 6005 2699 6148 de-

593 6149 1010 6273 monſtrent
1066 6149 1100 6273 la
1190 6149 1697 6273 convenance
1776 6149 1833 6273 de
1900 6149 1934 6273 la
2036 6149 2701 6273 Circonference,

582 6273 976 6399 enſemble
1025 6273 1209 6399 avec
1258 6273 1307 6399 le
1418 6273 1676 6399 Quarré
1738 6273 2045 6399 inſcrit,
2106 6273 2106 6399 à
2168 6273 2205 6399 la
2291 6273 2696 6399 demarche

594 6399 654 6525 de
714 6399 930 6525 hui
990 6399 1110 6525 pas
1194 6399 1662 6525 ordinaires:
1758 6399 2106 6525 leſquels
2178 6399 2238 6525 on
2334 6399 2346 6525 y
2418 6399 2682 6525 pourra

576 6524 976 6650 pratiquer
1035 6524 1082 6650 en
1187 6524 1493 6650 mettant
1540 6524 2175 6650 premierement
2222 6524 2269 6650 le
2328 6524 2492 6650 pied
2551 6524 2704 6650 gau-

581 6649 700 6774 che
748 6649 855 6774 ſur
915 6649 963 6774 la
1034 6649 1261 6774 lettre
1380 6649 1416 6774 C.
1535 6649 1535 6774 &
1619 6649 2072 6774 cheminant
2156 6649 2215 6774 de
2287 6649 2549 6774 l’autre
2633 6649 2681 6774 en

574 6774 800 6899 avant
837 6774 1163 6899 juſques
1214 6774 1214 6899 à
1264 6774 1326 6899 le
1377 6774 1678 6899 planter
1728 6774 1740 6899 à
1790 6774 2029 6899 plein,
2066 6774 2179 6899 ſur
2217 6774 2267 6899 le
2380 6774 2417 6899 G,
2455 6774 2518 6899 au
2618 6774 2706 6899 mi-

570 6898 694 7027 lieu
792 6898 842 7027 de
891 6898 941 7027 la
990 6898 1225 7027 ligne;
1311 6898 1607 7027 menant
1694 6898 1743 7027 en
1817 6898 2039 7027 apres
2101 6898 2151 7027 le
2225 6898 2521 7027 gauche
2595 6898 2706 7027 cir-

2895 414 3411 540 culairement
3471 414 3519 540 le
3579 414 3759 540 long
3831 414 3891 540 de
3963 414 3999 540 la
4071 414 4671 540 circonference
4743 414 5007 540 depuis

2926 524 3303 663 Cjuſques
3341 524 3492 663 àN:
3530 524 3681 663 puis
3731 524 4122 663 avançant
4185 524 4562 663 derechef
4600 524 4651 663 le
4726 524 4902 663 droit
4953 524 5003 663 le

2878 663 3060 790 long
3125 663 3177 790 du
3281 663 3540 790 meſme
3605 663 3800 790 coſté
3865 663 3917 790 du
4047 663 4306 790 Quarré
4371 663 4618 790 inſcrit
4683 663 5007 790 juſques

2878 786 2889 914 à
2949 786 3092 914 bien
3187 786 3354 914 pres
3437 786 3496 914 de
3544 786 3853 914 l’autre,
3960 786 3960 914 &
4044 786 4508 914 continuant
4567 786 4567 914 à
4639 786 4686 914 le
4746 786 5007 914 porter

2881 915 3006 1042 par
3043 915 3093 1042 la
3167 915 3366 1042 trace
3440 915 3503 1042 de
3540 915 3801 1042 l’autre
3863 915 4223 1042 prochain
4310 915 4497 1042 coſté
4571 915 4621 1042 du
4758 915 5006 1042 Quarré

2866 1041 3133 1168 inſcrit
3170 1041 3497 1168 juſques
3558 1041 3558 1168 à
3618 1041 3727 1168 lS.
3836 1041 3836 1168 &
3897 1041 4067 1168 ainſi
4127 1041 4855 1168 conſequemment
4927 1041 4976 1168 du

2876 1164 3125 1285 reſte,
3196 1164 3244 1285 en
3315 1164 3516 1285 ſorte
3587 1164 3718 1285 que
3777 1164 3824 1285 le
3884 1164 4050 1285 pied
4144 1164 4322 1285 droit
4393 1164 4547 1285 aille
4607 1164 5010 1285 touſiours

2876 1296 3176 1418 ſuivant
3226 1296 3326 1418 les
3389 1296 3651 1418 quatre
3701 1296 3951 1418 lignes
4014 1296 4064 1418 du
4201 1296 4451 1418 Quarré
4501 1296 4789 1418 inſcrit,
4901 1296 4901 1418 &
4951 1296 5001 1418 le

2889 1421 3175 1541 gauche
3221 1421 3358 1541 ſoit
3415 1421 3633 1541 porté
3701 1421 3747 1541 en
3839 1421 4022 1541 rond
4102 1421 4525 1541 coſtoyant
4594 1421 4995 1541 touſiours

2866 1547 2911 1661 la
2991 1547 3652 1661 circonference;
3709 1547 3766 1661 le
3823 1547 3994 1661 pied
4063 1547 4245 1661 droit
4302 1547 4678 1661 achevant
4735 1547 4735 1661 à
4815 1547 4997 1661 chaſ-

2887 1670 3010 1790 que
3077 1670 3492 1790 demarche
3571 1670 3750 1790 deux
3840 1670 4142 1790 moitiez
4209 1670 4277 1790 de
4344 1670 4534 1790 deux
4590 1670 4848 1790 coſtez
4927 1670 4971 1790 du

2925 1796 3185 1917 Quarré
3235 1796 3520 1917 inſcrit,
3631 1796 3631 1917 &
3681 1796 3730 1917 le
3805 1796 4090 1917 gauche
4151 1796 4536 1917 achevant
4585 1796 4597 1917 à
4672 1796 4994 1917 chaſque

2865 1922 3007 2037 fois
3054 1922 3125 2037 un
3255 1922 3633 2037 Quadrant
3704 1922 3763 2037 de
3811 1922 3846 2037 la
3929 1922 4945 2037 circonference.:

3015 2045 3567 2136 L’obſervation
3659 2045 3716 2136 de
3773 2045 3969 2136 ceſte
4026 2045 4543 2136 convenance
4612 2045 4750 2136 doit
4819 2045 4991 2136 eſtre

2861 2171 3096 2291 tenue
3166 2171 3213 2291 en
3295 2171 3577 2291 grande
3648 2171 3941 2291 eſtime,
4000 2171 4340 2291 d’autant
4422 2171 4551 2291 que
4622 2171 4681 2291 ce
4739 2171 4904 2291 ſont
4951 2171 4986 2291 là

2858 2294 2951 2416 les
3009 2294 3125 2416 pas
3183 2294 3614 2416 ordinaires
3683 2294 3753 2416 de
3811 2294 3846 2416 la
3928 2294 4335 2416 demarche
4416 2294 4474 2416 de
4521 2294 4928 2416 l’homme,
4975 2294 4986 2416 à

2858 2418 3278 2540 l’exemple
3394 2418 3394 2540 &
3441 2418 3826 2540 imitation
3919 2418 3978 2540 de
4024 2418 4374 2540 laquelle
4444 2418 4643 2540 nous
4713 2418 4993 2540 devons

2859 2544 3265 2663 touſiours
3313 2544 3600 2663 former
3647 2544 3695 2663 le
3755 2544 3898 2663 ſtile
3970 2544 4029 2663 de
4089 2544 4340 2663 noſtre
4424 2544 4794 2663 Pratique,
4830 2544 5009 2663 ainſi

2872 2672 3035 2791 qu’il
3085 2672 3447 2791 paroiſtra
3509 2672 3621 2791 par
3671 2672 3709 2791 la
3771 2672 3958 2791 ſuite
4021 2672 4083 2791 de
4146 2672 4308 2791 tout
4358 2672 4408 2791 le
4458 2672 4682 2791 livre;
4795 2672 4795 2791 &
4869 2672 4994 2791 que

2852 2796 3005 2917 ſans
3053 2796 3289 2917 iceux
3336 2796 3372 2917 il
3419 2796 3502 2917 ne
3549 2796 3774 2917 ſeroit
3845 2796 4152 2917 poſſible
4235 2796 4543 2917 d’eviter
4614 2796 4720 2917 des
4791 2796 4992 2917 gran-

2875 2920 2986 3042 des
3042 2920 3775 3042 incommoditez,
3864 2920 3964 3042 qui
4031 2920 4286 3042 ſeront
4375 2920 4719 3042 données
4786 2920 4797 3042 à
4886 2920 4997 3042 co-

2865 3045 3242 3166 gnoiſtre,
3315 3045 3363 3166 où
3448 3045 3485 3166 il
3545 3045 3679 3166 ſera
3776 3045 4116 3166 queſtion
4213 3045 4335 3166 d’en
4432 3045 4711 3166 rendre
4772 3045 4809 3166 la
4881 3045 5003 3166 rai-

2854 3172 2951 3286 ſon
3025 3172 3183 3286 plus
3257 3172 3550 3286 exae.

3604 3680 3894 3838 Cercle
4288 3680 4371 3838 4.

2860 3877 3150 4001 Contenant
3203 3877 3235 4001 la
3299 3877 3621 4001 declaration
3696 3877 3696 4001 d
3771 3877 3803 4001 la
3920 3877 4092 4001 Meſure
4145 3877 4220 4001 des
4263 3877 4381 4001 trois
4456 3877 4766 4001 Approches,
4831 3877 4863 4001 ou
4916 3877 4991 4001 lIn-

2967 3996 3192 4120 ſtances,
3304 3996 3304 4120 &
3349 3996 3596 4120 comment
3641 3996 3753 4120 elles
3798 3996 3899 4120 ſont
3944 3996 4315 4120 repreſentées
4371 3996 4439 4120 ſur
4484 3996 4641 4120 noſtre
4731 3996 4978 4120 Cercle,

2971 4125 3092 4255 tant
3128 4125 3201 4255 ſur
3237 4125 3274 4255 le
3358 4125 3637 4255 Diametre,
3685 4125 3770 4255 que
3806 4125 3879 4255 ſur
3927 4125 3988 4255 les
4024 4125 4182 4255 coſtez
4242 4125 4278 4255 du
4375 4125 4569 4255 Quarré
4605 4125 4811 4255 lnſcrit,
4872 4125 4993 4255 pour

2972 4245 3190 4340 aborder
3232 4245 3513 4340 l’Enemi
3575 4245 3596 4340 de
3648 4245 3888 4340 travers.

3348 4400 3464 4525 Our
3510 4400 3557 4525 le
3615 4400 3940 4525 premier
4009 4400 4056 4525 on
4137 4400 4323 4525 vous
4369 4400 4821 4525 repreſente
4868 4400 4984 4525 icy

3303 4523 3397 4641 les
3456 4523 3989 4641 proportions
4072 4523 4131 4641 de
4202 4523 4640 4641 l’Homme,
4687 4523 4687 4641 à
4770 4523 4817 4641 le
4888 4523 4995 4641 re-

3318 4649 3580 4766 garder
3651 4649 3711 4766 de
3783 4649 3925 4766 dos.

3446 4774 4049 4890 Secondement
4106 4774 4220 4890 par
4265 4774 4368 4890 les
4413 4774 4663 4890 traces
4732 4774 4845 4890 des
4891 4774 4993 4890 ſe-

2890 4898 3180 5024 melles,
3243 4898 3243 5024 à
3344 4898 3583 5024 droite
3709 4898 3709 5024 &
3772 4898 3785 5024 à
3873 4898 4163 5024 gauche
4238 4898 4301 5024 de
4352 4898 4390 5024 la
4453 4898 4730 5024 figure,
4818 4898 4868 5024 on
4969 4898 4982 5024 y

2851 5019 3217 5144 pourroit
3283 5019 3770 5144 demonſtrer
3814 5019 3859 5144 la
3947 5019 4202 5144 meſme
4268 5019 4789 5144 convenance
4877 5019 4988 5144 des

2859 5145 3002 5267 pas,
3074 5145 3182 5267 qui
3241 5145 3241 5267 a
3325 5145 3457 5267 eſté
3516 5145 3982 5267 remarquée
4042 5145 4090 5267 au
4209 5145 4448 5267 Cercle
4508 5145 4986 5267 precedent.

3048 5271 3190 5395 Mais
3261 5271 3451 5395 nous
3534 5271 3984 5395 entendons
4067 5271 4198 5395 que
4281 5271 4470 5395 ceſte
4542 5271 4791 5395 figure
4850 5271 4980 5395 ſoit

2848 5394 3611 5518 particulierement
3696 5394 4035 5518 deſtinée
4108 5394 4108 5518 à
4180 5394 4701 5518 l’explication
4798 5394 4858 5518 de
4931 5394 4967 5518 la

2872 5512 3284 5633 Premiere,
3344 5512 3731 5633 Seconde,
3816 5512 3828 5633 &
3913 5512 4324 5633 Troiſieme
4384 5512 4772 5633 Inſtance,
4820 5512 4977 5633 tant

2895 5633 3431 5764 Diametrales,
3503 5633 3622 5764 que
3705 5633 4111 5764 Laterales.

2999 5758 3181 5898 Pour
3233 5758 3805 5898 l’intelligence
3883 5758 4325 5898 deſquelles
4364 5758 4403 5898 il
4455 5758 4598 5898 faut
4650 5758 4975 5898 ſçavoir,

2873 5897 2999 6020 que
3068 5897 3171 6020 les
3273 5897 3456 6020 deux
3571 5897 3994 6020 Contraires
4074 5897 4131 6020 ſe
4211 5897 4577 6020 viennent
4645 5897 4977 6020 premie-

2855 6020 3156 6146 rement
3229 6020 3566 6146 aborder
3627 6020 3639 6146 à
3687 6020 3735 6146 la
3820 6020 4193 6146 Premiere
4266 6020 4652 6146 Inſtance.
4760 6020 4917 6146 c’eſt
4965 6020 4977 6146 à

2871 6144 3007 6265 dire
3082 6144 3318 6265 quand
3367 6144 3479 6265 l’un
3553 6144 3603 6265 ſe
3665 6144 3864 6265 vient
3913 6144 4162 6265 placer
4211 6144 4311 6265 ſur
4360 6144 4410 6265 le
4509 6144 4981 6265 Quadrangle

2985 6269 3080 6397 a,
3140 6269 3188 6397 le
3259 6269 3438 6397 pied
3521 6269 3700 6397 droit
3772 6269 3879 6397 ſur
3939 6269 3986 6397 le
4058 6269 4249 6397 coſté
4320 6269 4749 6397 exterieur,
4857 6269 4857 6397 &
4928 6269 4976 6397 le

2861 6394 3026 6521 pied
3089 6394 3381 6521 gauche
3444 6394 3545 6521 ſur
3609 6394 3660 6521 la
3723 6394 3926 6521 ligne
4015 6394 4332 6521 Pedale;
4408 6394 4535 6521 que
4598 6394 4864 6521 l’autre
4928 6394 4979 6521 ſe

2866 6517 3057 6645 vient
3117 6517 3667 6645 pareillement
3726 6517 3977 6645 placer
4025 6517 4479 6645 alencontre
4539 6517 4635 6645 ſur
4683 6517 4742 6645 le
4838 6517 4993 6645 Qua-

2881 6640 3176 6772 drangle
3249 6640 3593 6772 oppoſite
3679 6640 3691 6772 A
3789 6640 3850 6772 C;
3924 6640 4218 6772 comme
4267 6640 4304 6772 il
4353 6640 4439 6772 eſt
4525 6640 4979 6772 clairement

2869 6765 3324 6900 repreſenté
3397 6765 3508 6900 par
3569 6765 3667 6900 les
3741 6765 3999 6900 traces
4097 6765 4208 6900 des
4281 6765 4564 6900 pieds,
4650 6765 4760 6900 qui
4821 6765 4993 6900 ſont

2891 6891 3238 7021 marquez
3312 6891 3585 7021 deſſus.
3671 6891 3931 7021 Tandis
3993 6891 4191 7021 qu’ils
4241 6891 4402 7021 ſont
4464 6891 4513 7021 en
4600 6891 4786 7021 ceſte
4872 6891 4984 7021 me-

4825 7025 4978 7108 ſure
