5719 7432
924 431 1113 561 ſure,
1151 431 1340 561 nous
1403 431 1642 561 diſons
1718 431 1906 561 qu’ils
1957 431 2121 561 ſont
2158 431 2171 561 à
2221 431 2259 561 la
2347 431 2712 561 Premiere
2763 431 3053 561 Inſtan-

932 561 1050 682 ce;
1122 561 1228 682 car
1276 561 1407 682 s’ils
1466 561 1525 682 ſe
1597 561 1953 682 tiennent
2000 561 2167 682 plus
2214 561 2452 682 loing,
2499 561 2570 682 ils
2642 561 2796 682 ſont
2855 561 3045 682 com-

956 684 1026 807 me
1084 684 1258 807 hors
1328 684 1386 807 de
1479 684 1781 807 meſure,
1851 684 1851 807 à
1932 684 2129 807 cauſe
2199 684 2408 807 qu’ils
2455 684 2536 807 ne
2582 684 2640 807 ſe
2687 684 3047 807 peuvent

927 801 1259 942 toucher
1328 801 1442 942 l’un
1522 801 1786 942 l’autre
1866 801 1912 942 en
1992 801 2049 942 un
2130 801 2382 942 temps
2462 801 2874 942 mediocre,
2920 801 3035 942 par

933 935 993 1054 ce
1066 935 1259 1054 qu’ils
1307 935 1464 1054 ſont
1536 935 1717 1054 quaſi
1766 935 1947 1054 hors
2007 935 2067 1054 de
2116 935 2272 1054 leur
2321 935 2635 1054 portee.

1067 1030 1116 1177 La
1191 1030 1539 1177 Seconde
1589 1030 1950 1177 Inſtance
2012 1030 2099 1177 eſt
2161 1030 2323 1177 celle
2398 1030 2510 1177 qui
2559 1030 2758 1177 vient
2796 1030 2833 1177 ſi
2870 1030 3032 1177 pres

935 1171 1006 1297 de
1077 1171 1124 1297 la
1195 1171 1430 1297 partie
1501 1171 1843 1297 adverſe,
1890 1171 2020 1297 ſoit
2103 1171 2150 1297 en
2221 1171 2433 1297 allant
2504 1171 3034 1297 droiement

928 1297 1024 1423 ſur
1072 1297 1193 1423 luy
1253 1297 1373 1423 par
1433 1297 1469 1423 la
1542 1297 1734 1423 voye
1818 1297 1867 1423 du
1987 1297 2396 1423 Diametre,
2468 1297 2517 1423 ou
2613 1297 2661 1423 en
2721 1297 3046 1423 l’appro-

947 1418 1155 1548 chant
1241 1418 1303 1548 de
1376 1418 1671 1548 travers
1732 1418 1843 1548 par
1904 1418 2002 1548 les
2113 1418 2567 1548 Quadrants,
2641 1418 2837 1548 qu’on
2911 1418 3033 1548 luy

927 1537 1162 1668 puiſſe
1237 1537 1497 1668 mettre
1546 1537 1584 1668 la
1646 1537 1918 1668 pointe
1980 1537 2042 1668 de
2092 1537 2364 1668 l’eſpee
2414 1537 2513 1668 ſur
2562 1537 2612 1668 le
2674 1537 2947 1668 coude;
3033 1537 3033 1668 &

920 1668 1034 1791 par
1114 1668 1606 1791 conſequent
1686 1668 1743 1791 on
1823 1668 1869 1791 le
1938 1668 2121 1791 peut
2178 1668 2521 1791 toucher
2578 1668 2624 1791 en
2704 1668 2761 1791 un
2853 1668 3035 1791 demi

917 1785 1171 1914 temps
1218 1785 1403 1914 avec
1449 1785 1518 1914 un
1588 1785 1842 1914 ſimple
1900 1785 2444 1914 panchement
2513 1785 2571 1914 de
2641 1785 2849 1914 corps
2953 1785 2964 1914 &
3011 1785 3022 1914 à

919 1918 1095 2042 pied
1142 1918 1423 2042 ferme.
1552 1918 1611 2042 Ce
1705 1918 1892 2042 qu’on
1986 1918 2244 2042 pourra
2326 1918 2502 2042 faire
2561 1918 2608 2042 en
2702 1918 3030 2042 arrivant

929 2037 1041 2164 par
1091 2037 1141 2164 le
1229 2037 1604 2164 Diametre
1666 2037 1679 2164 à
1754 2037 1791 2164 la
1841 2037 2079 2164 lettre
2154 2037 2204 2164 E.
2304 2037 2316 2164 &
2366 2037 2466 2164 ſur
2504 2037 2554 2164 le
2679 2037 2716 2164 G,
2766 2037 2879 2164 par
2929 2037 3029 2164 les

930 2163 1186 2288 coſtez
1250 2163 1301 2288 du
1442 2163 1684 2288 Quarré
1748 2163 2042 2288 Inſcrit.
2132 2163 2324 2288 Ceſte
2413 2163 2669 2288 meſure
2720 2163 2771 2288 ſe
2822 2163 3040 2288 nom-

948 2288 1031 2413 me
1114 2288 1469 2413 Seconde
1540 2288 1954 2413 Inſtance,
2025 2288 2309 2413 pource
2404 2288 2593 2413 qu’on
2676 2288 2782 2413 n’y
2853 2288 3031 2413 peut

933 2412 1128 2538 venir
1208 2412 1277 2538 de
1346 2412 1735 2538 premiere
1804 2412 2194 2538 abordee,
2251 2412 2412 2538 ſans
2469 2412 2675 2538 avoir
2744 2412 3031 2538 aſſeuré

926 2534 1592 2663 preallablement
1653 2534 1749 2663 ſes
1822 2534 2318 2663 approches:
2440 2534 2452 2663 &
2536 2534 2536 2663 y
2609 2534 2875 2663 eſtant,
2960 2534 3009 2663 on

921 2662 1259 2787 travaille
1306 2662 1492 2787 avec
1539 2662 1702 2787 plus
1761 2662 2239 2787 d’avantage;
2286 2662 2379 2787 car
2426 2662 2461 2787 il
2507 2662 2577 2787 ne
2636 2662 2787 2787 faut
2857 2662 3044 2787 qu’u-

909 2781 993 2911 ne
1065 2781 1317 2911 ſimple
1401 2781 1785 2911 extenſion
1893 2781 1941 2911 du
2037 2781 2229 2911 bras,
2289 2781 2577 2911 aſſiſtée
2649 2781 2769 2911 d’un
2865 2781 3033 2911 pan-

919 2904 1287 3054 chement
1358 2904 1418 3054 de
1477 2904 1727 3054 corps,
1822 2904 1928 3054 qui
1988 2904 2475 3054 n’empeſche
2534 2904 2653 3054 pas
2724 2904 2784 3054 de
2831 2904 2879 3054 le
2938 2904 3045 3054 re-

917 3030 1103 3156 tenir
1161 3030 1219 3156 en
1289 3030 1637 3156 balance,
1684 3030 1869 3156 pour
1939 3030 2276 3156 toucher
2311 3030 2764 3156 l’Ennemy.

1087 3146 1151 3286 De
1201 3146 1240 3286 la
1316 3146 1672 3286 Seconde
1736 3146 2092 3286 Inſtance
2155 3146 2219 3286 on
2295 3146 2499 3286 vient
2550 3146 2550 3286 à
2600 3146 2651 3286 la
2740 3146 3046 3286 Troiſie-

942 3277 1067 3406 me,
1129 3277 1230 3406 qui
1292 3277 1380 3406 eſt
1442 3277 1455 3406 à
1517 3277 1555 3406 la
1618 3277 1843 3406 lettre
1943 3277 1981 3406 H,
2031 3277 2131 3406 ſur
2181 3277 2231 3406 le
2319 3277 2732 3406 Diametre;
2807 3277 2857 3406 ou
2932 3277 3032 3406 ſur

904 3401 1010 3538 les
1077 3401 1329 3538 coſtez
1396 3401 1449 3538 du
1568 3401 1821 3538 Quarré
1887 3401 2179 3538 Inſcrit,
2246 3401 2259 3538 à
2326 3401 2365 3538 la
2432 3401 2658 3538 lettre
2764 3401 2804 3538 N.
2884 3401 3030 3538 c’eſt

909 3529 1048 3661 une
1130 3529 1397 3661 meſure
1466 3529 1513 3661 en
1571 3529 1919 3661 laquelle
1988 3529 2035 3661 on
2104 3529 2290 3661 peut
2360 3529 2650 3661 donner
2696 3529 3033 3661 l’attein-

905 3654 963 3780 te
1010 3654 1068 3780 au
1184 3654 1603 3780 Contraire,
1650 3654 1696 3780 en
1777 3654 2045 3780 tenant
2091 3654 2138 3780 le
2208 3654 2417 3780 corps
2487 3654 2673 3780 droit
2778 3654 2789 3780 &
2859 3654 3033 3780 eſtẽ-

922 3772 968 3917 du
1036 3772 1196 3917 ſans
1242 3772 1470 3917 aucun
1561 3772 2098 3917 avancement
2189 3772 2246 3917 de
2315 3772 2578 3917 pieds,
2623 3772 2703 3917 ne
2772 3772 3034 3917 faiſant

900 3898 1039 4014 rien
1109 3898 1317 4014 autre
1386 3898 1514 4014 que
1583 3898 1988 4014 d’allonger
2034 3898 2092 4014 le
2150 3898 2347 4014 bras.

1063 3996 1113 4137 Et
1175 3996 1338 4137 voilà
1400 3996 1537 4137 nos
1612 3996 1811 4137 Trois
1861 3996 2310 4137 Inſtances,
2372 3996 2522 4137 tant
2597 3996 2709 4137 ſur
2759 3996 2809 4137 le
2909 3996 3046 4137 Dia-

945 4137 1209 4266 metre,
1285 4137 1411 4266 que
1486 4137 1587 4266 ſur
1650 4137 1750 4266 les
1826 4137 2090 4266 coſtez
2165 4137 2228 4266 du
2367 4137 2618 4266 Quarré
2681 4137 2983 4266 Inſcrit,
3021 4137 3021 4266 à

935 4262 1203 4391 droite,
1313 4262 1313 4391 &
1386 4262 1398 4391 à
1484 4262 1825 4391 gauche;
1911 4262 1959 4391 où
2045 4262 2203 4391 elles
2252 4262 2411 4391 ſont
2472 4262 3033 4391 repreſentées

910 4387 1099 4515 aſſez
1169 4387 1618 4515 clairement
1677 4387 1784 4515 par
1831 4387 1937 4515 les
1984 4387 2362 4515 ſemelles,
2421 4387 2528 4515 qui
2587 4387 2634 4515 en
2728 4387 3036 4515 demon-

907 4510 1150 4638 ſtrent
1199 4510 1235 4638 la
1296 4510 1649 4638 ſituation
1734 4510 1782 4638 en
1867 4510 2110 4638 forme
2208 4510 2268 4638 de
2341 4510 2451 4638 pas
2511 4510 2840 4638 arreſté,
2900 4510 3022 4638 l’un

924 4636 1085 4765 pied
1172 4636 1408 4765 eſtant
1495 4636 1842 4765 diſioin
1941 4636 2003 4765 de
2065 4636 2326 4765 l’autre
2425 4636 2487 4765 de
2574 4636 3033 4765 l’intervalle

935 4760 1064 4890 d’un
1134 4760 1299 4890 pied
1357 4760 1510 4890 tant
1557 4760 2038 4890 ſeulement,
2108 4760 2308 4890 entre
2355 4760 2414 4890 le
2484 4760 2707 4890 creux
2789 4760 2848 4890 de
2895 4760 3012 4890 l’un

979 4887 979 5032 &
1053 4887 1114 5032 de
1176 4887 1471 5032 l’autre;
1545 4887 1717 5032 ainſi
1791 4887 1988 5032 qu’on
2087 4887 2173 5032 eſt
2235 4887 2764 5032 accouſtumé
2838 4887 2900 5032 de
2973 4887 3023 5032 ſe

924 5009 1115 5128 tenir
1175 5009 1473 5128 debout
1520 5009 1520 5128 à
1580 5009 1807 5128 pieds
1854 5009 2224 5128 arreſtez.

1087 5120 1135 5255 Or
1231 5120 1520 5255 comme
1604 5120 1760 5255 c’eſt
1808 5120 1868 5255 un
1940 5120 2205 5255 poin
2289 5120 2349 5255 de
2409 5120 2866 5255 treſgrande
2914 5120 3046 5255 im-

924 5259 1305 5382 portance
1386 5259 1432 5382 en
1513 5259 1548 5382 la
1629 5259 1987 5382 Pratique
2056 5259 2171 5382 des
2229 5259 2518 5382 armes,
2587 5259 2645 5382 de
2726 5259 3038 5382 cognoi-

915 5381 1046 5508 ſtre
1118 5381 1225 5508 ces
1272 5381 1451 5508 trois
1535 5381 1987 5508 Approches
2059 5381 2678 5508 diſtinement,
2738 5381 3036 5508 comme

929 5507 1098 5634 elles
1147 5507 1304 5634 ſont
1365 5507 1921 5634 repreſentées
1969 5507 2078 5634 par
2127 5507 2175 5634 le
2272 5507 2550 5634 Cercle:
2599 5507 2768 5634 auſſi
2828 5507 2913 5634 eſt
2974 5507 3034 5634 ce

928 5627 1146 5757 choſe
1194 5627 1606 5757 tresdigne
1691 5627 1751 5757 de
1812 5627 2381 5757 conſideration
2465 5627 2514 5757 en
2586 5627 2623 5757 la
2720 5627 3034 5757 Theorie

938 5753 995 5882 de
1085 5753 1638 5882 contempler,
1717 5753 2112 5882 comment
2179 5753 2270 5882 les
2371 5753 2687 5882 meſures
2766 5753 2811 5882 en
2879 5753 3037 5882 ſont

921 5878 1152 6005 tirées
1237 5878 1297 6005 de
1370 5878 1407 6005 la
1467 5878 1673 6005 ſeule
1746 5878 2195 6005 Proportion
2280 5878 2341 6005 de
2402 5878 2838 6005 l’Homme;
2899 5878 3020 6005 afin

936 5998 1097 6128 qu’il
1159 5998 1582 6128 apparoiſſe
1681 5998 1731 6128 de
1805 5998 1967 6128 plus
2041 5998 2091 6128 en
2178 5998 2376 6128 plus,
2438 5998 2562 6128 que
2637 5998 2836 6128 nous
2885 5998 3047 6128 pre-

919 6126 1108 6251 nons
1167 6126 1557 6251 touſiours
1604 6126 1640 6251 la
1758 6126 2006 6251 Nature
2065 6126 2254 6251 pour
2325 6126 2573 6251 guide;
2680 6126 2680 6251 &
2762 6126 2881 6251 que
2940 6126 3034 6251 ſe-

920 6247 1014 6375 lon
1085 6247 1180 6375 les
1227 6247 1748 6375 proportions
1819 6247 2126 6375 d’icelle,
2173 6247 2363 6375 nous
2434 6247 2765 6375 dreſſons
2824 6247 3037 6375 touts

921 6373 1061 6499 nos
1108 6373 1259 6499 pas,
1306 6373 1434 6499 nos
1505 6373 1983 6499 approches,
2111 6373 2123 6499 &
2170 6373 2298 6499 nos
2380 6373 2789 6499 diſtances,
2847 6373 2975 6499 ſoit
3022 6373 3034 6499 à

952 6494 1381 6620 demeurer,
1418 6494 1552 6620 ſoit
1601 6494 1601 6620 à
1662 6494 1969 6620 bouger
2042 6494 2103 6620 de
2152 6494 2189 6620 la
2250 6494 2495 6620 place.
2630 6494 2728 6620 Car
2777 6494 2801 6620 ſi
2862 6494 3046 6620 vous

927 6616 1315 6745 regardez
1363 6616 1521 6745 tant
1569 6616 2005 6745 ſeulement
2054 6616 2102 6745 la
2151 6616 2393 6745 figure
2478 6616 2538 6745 de
2599 6616 3035 6745 l’Homme,

949 6740 1056 6868 qui
1115 6740 1198 6868 eſt
1257 6740 1364 6868 icy
1423 6740 1873 6868 repreſenté
1944 6740 2004 6868 de
2075 6740 2229 6868 dos,
2288 6740 2465 6868 vous
2536 6740 2844 6868 verrez,
2904 6740 3034 6868 que

928 6860 1393 6961 l’intervalle
1466 6860 1540 6961 de
1589 6860 1626 6961 la
1711 6860 2079 6961 Premiere
2152 6860 2507 6961 Inſtance
2581 6860 2642 6961 de
2752 6860 3046 6961 Circon-

3206 424 3532 550 ference
3607 424 3607 550 à
3719 424 4371 550 Circonference,
4433 424 4508 550 eſt
4596 424 4784 550 egale
4846 424 4846 550 à
4909 424 4947 550 la
4997 424 5335 550 hauteur

3217 548 3599 674 eſtendue
3659 548 3731 674 de
3778 548 3814 674 la
3874 548 4292 674 perſonne;
4351 548 4423 674 de
4471 548 4674 674 ſorte
4734 548 4877 674 que
4948 548 5187 674 quand
5235 548 5342 674 les

3228 672 3409 786 deux
3493 672 3759 786 Parties
3807 672 3964 786 ſont
4036 672 4084 786 en
4157 672 4349 786 ceſte
4434 672 4808 786 Premiere
4868 672 5254 786 Inſtance,
5302 672 5338 786 il

3211 794 3223 929 y
3282 794 3294 929 a
3353 794 3753 929 touſiours
3812 794 4013 929 entre
4084 794 4272 929 deux
4319 794 4355 929 la
4449 794 4708 929 meſure
4779 794 4850 929 de
4909 794 5109 929 ceſte
5156 794 5333 929 hau-

3202 924 3373 1044 teur
3434 924 3811 1044 eſtendue
3872 924 4079 1044 d’une
4128 924 4554 1044 perſonne.
4676 924 4725 1044 Et
4798 924 4932 1044 s’ils
4993 924 5151 1044 ſont
5212 924 5224 1044 à
5285 924 5334 1044 la

3226 1049 3606 1153 Seconde,
3666 1049 3797 1153 ſoit
3892 1049 3951 1153 de
4035 1049 4225 1153 droit
4284 1049 4391 1153 ſur
4451 1049 4498 1153 le
4594 1049 5022 1153 Diametre,
5105 1049 5165 1153 ou
5272 1049 5331 1153 de

3203 1173 3493 1295 travers
3543 1173 3644 1295 ſur
3694 1173 3795 1295 les
3858 1173 4110 1295 coſtez
4173 1173 4224 1295 du
4363 1173 4653 1295 Quarré;
4703 1173 4741 1295 la
4817 1173 5157 1295 diſtance
5220 1173 5334 1295 qui

3214 1296 3300 1424 eſt
3375 1296 3573 1424 entre
3660 1296 3870 1424 deux,
3932 1296 4019 1424 eſt
4093 1296 4291 1424 egale
4353 1296 4353 1424 à
4427 1296 4465 1424 la
4526 1296 4861 1424 hauteur
4972 1296 4985 1424 &
5034 1296 5331 1424 ſtature

3195 1425 3582 1544 naturelle
3674 1425 3719 1544 du
3811 1425 4027 1544 corps
4096 1425 4164 1544 de
4221 1425 4267 1544 la
4370 1425 4632 1544 meſme
4701 1425 5134 1544 perſonne,
5225 1425 5328 1544 de-

3197 1548 3367 1670 puis
3427 1548 3464 1670 la
3536 1548 3803 1670 plante
3875 1548 3997 1670 des
4057 1548 4275 1670 pieds
4336 1548 4675 1670 juſqu’au
4748 1548 5075 1670 ſommet
5147 1548 5220 1670 de
5281 1548 5329 1670 la

3198 1669 3416 1773 teſte.
3501 1669 3550 1773 Et
3598 1669 4059 1773 finalement
4108 1669 4569 1773 l’intervalle
4642 1669 4702 1773 de
4751 1669 4787 1773 la
4884 1669 5333 1773 Troiſieme,

3213 1793 3300 1918 eſt
3362 1793 3560 1918 egale
3610 1793 3610 1918 à
3672 1793 3709 1918 la
3759 1793 4106 1918 hauteur
4181 1793 4243 1918 de
4292 1793 4329 1918 la
4391 1793 4764 1918 poitrine.

3309 1919 3360 2042 Si
3411 1919 3461 2042 on
3563 1919 3639 2042 me
3715 1919 4133 2042 demande,
4183 1919 4411 2042 qu’eſt
4475 1919 4525 2042 ce
4601 1919 4728 2042 que
4779 1919 5070 2042 ſignifie
5133 1919 5336 2042 ceſte

3213 2045 3642 2166 quatrieme
3712 2045 3909 2166 paire
3991 2045 4060 2166 de
4130 2045 4548 2166 ſemelles,
4641 2045 4745 2166 qui
4815 2045 5198 2166 attouche
5268 2045 5326 2166 le

3236 2168 3527 2290 Centre,
3616 2168 3616 2290 &
3666 2168 3704 2290 ſi
3755 2168 3882 2290 elle
3932 2168 4008 2290 ne
4059 2168 4515 2290 repreſente
4578 2168 4692 2290 pas
4743 2168 4781 2290 la
4895 2168 5325 2290 Quatrieme

3205 2289 3563 2414 Inſtance
3674 2289 4155 2414 Diametrale;
4229 2289 4278 2414 je
4352 2289 4709 2414 reſpons,
4796 2289 4919 2414 que
4993 2289 5202 2414 non;
5326 2289 5338 2414 &

3208 2416 3467 2539 qu’elle
3532 2416 3545 2539 y
3609 2416 3687 2539 eſt
3752 2416 4204 2539 adjouſtée,
4243 2416 4437 2539 pour
4489 2416 4994 2539 repreſenter
5032 2416 5291 2539 ſimple

3220 2541 3396 2663 ment
3440 2541 3484 2663 la
3550 2541 4069 2663 convenance
4135 2541 4190 2663 du
4278 2541 4950 2663 demi-Diametre
5006 2541 5336 2663 prolon-

3212 2660 3270 2791 gé
3317 2660 3493 2791 avec
3564 2660 3822 2791 quatre
3881 2660 3998 2791 pas
4045 2660 4057 2791 à
4115 2660 4338 2791 pieds
4385 2660 4761 2791 arreſtez,
4808 2660 5113 2791 comme
5160 2660 5336 2791 l’en-

3189 2786 3318 2910 tier
3400 2786 3482 2910 eſt
3564 2786 3717 2910 egal
3776 2786 3776 2910 à
3858 2786 4116 2910 quatre
4186 2786 4303 2910 pas
4385 2786 4819 2910 ordinaires
4890 2786 4948 2910 de
5042 2786 5324 2910 demar-

3211 2905 3383 3035 che:
3449 2905 3621 3035 ainſi
3687 2905 3845 3035 qu’il
3925 2905 4017 3035 eſt
4083 2905 4453 3035 expliqué
4520 2905 4586 3035 au
4691 2905 4943 3035 Cercle
5048 2905 5088 3035 N.
5154 2905 5194 3035 3.
5326 2905 5326 3035 &

3230 3035 3513 3160 marqué
3586 3035 3635 3160 en
3709 3035 3918 3160 ciffre
3967 3035 4016 3160 1.
4152 3035 4213 3160 De
4275 3035 4471 3160 ſorte
4545 3035 4692 3160 qu’il
4766 3035 4864 3160 n’y
4938 3035 4938 3160 a
5024 3035 5159 3160 que
5221 3035 5319 3160 les

3187 3160 3372 3282 trois
3418 3160 3857 3282 premieres
3915 3160 4158 3282 paires
4227 3160 4296 3282 de
4354 3160 4747 3282 ſemelles,
4816 3160 4932 3282 qui
5013 3160 5336 3282 demon-

3191 3277 3425 3408 ſtrent
3487 3277 3585 3408 les
3659 3277 4066 3408 Inſtances
4164 3277 4719 3408 Diametrales;
4780 3277 4953 3408 ainſi
5027 3277 5162 3408 que
5224 3277 5322 3408 les

3188 3407 3369 3530 trois
3425 3407 3718 3530 autres,
3786 3407 3899 3530 qui
3944 3407 4125 3530 vont
4181 3407 4317 3530 aux
4384 3407 4678 3530 coſtez,
4768 3407 5321 3530 demonſtrent

3187 3534 3279 3623 les
3360 3534 3764 3623 Laterales.

3356 3656 3413 3778 Or
3469 3656 3627 3778 tout
3695 3656 3752 3778 ce
3831 3656 3955 3778 que
4011 3656 4203 3778 nous
4260 3656 4497 3778 avons
4565 3656 4644 3778 dit
4723 3656 4779 3778 de
4847 3656 4960 3778 ces
5028 3656 5333 3778 Inſtan-

3199 3787 3337 3903 ces,
3417 3787 3463 3903 en
3566 3787 4184 3903 commenceant
4253 3787 4368 3903 par
4436 3787 4482 3903 le
4608 3787 5089 3903 Quadrangle
5192 3787 5204 3903 A
5284 3787 5330 3903 C.

3204 3896 3454 4027 quand
3516 3896 4040 4027 l’Adverſaire
4115 3896 4165 4027 ſe
4240 3896 4427 4027 tient
4515 3896 4752 4027 deſſus
4789 3896 4839 4027 le
4951 3896 5338 4027 Quadran-

3203 4012 3301 4124 gle
3412 4012 3412 4124 Z
3522 4012 3571 4124 X.
3669 4012 3804 4124 celà
3902 4012 4160 4124 meſme
4246 4012 4295 4124 ſe
4380 4012 4528 4124 doit
4601 4012 4773 4124 auſſi
4859 4012 5239 4124 entendre
5313 4012 5325 4124 à

3187 4132 3649 4260 l’oppoſite,
3741 4132 3787 4260 en
3891 4132 4295 4260 occaſion,
4398 4132 4548 4260 qu’il
4618 4132 4814 4260 nous
4871 4132 5171 4260 touche
5252 4132 5321 4260 de

3202 4266 3713 4394 commencer
3774 4266 3872 4394 les
3969 4266 4431 4394 Approches
4480 4266 4589 4394 par
4650 4266 4711 4394 le
4833 4266 5319 4394 Quadrangle

3203 4385 3584 4514 oppoſite;
3633 4385 3793 4514 ainſi
3854 4385 4014 4514 qu’il
4075 4385 4161 4514 eſt
4210 4385 4333 4514 aiſé
4394 4385 4394 4514 à
4468 4385 4996 4514 comprendre
5058 4385 5168 4514 par
5217 4385 5316 4514 les

3187 4510 3439 4629 traces
3507 4510 3611 4629 des
3668 4510 3908 4629 pieds,
4000 4510 4103 4629 qui
4172 4510 4229 4629 en
4298 4510 4458 4629 font
4504 4510 4550 4629 la
4630 4510 5088 4629 declaration
5157 4510 5317 4629 tant

3192 4630 3292 4756 ſur
3342 4630 3392 4756 le
3492 4630 3892 4756 Diametre,
3979 4630 4104 4756 que
4166 4630 4266 4756 ſur
4316 4630 4429 4756 l’un
4566 4630 4566 4756 &
4629 4630 4891 4756 l’autre
4966 4630 5153 4756 coſté
5253 4630 5291 4756 du

3251 4760 3507 4875 Quarré
3561 4760 3856 4875 Inſcrit.

3335 4882 3513 5004 Pour
3572 4882 4021 5004 cognoiſtre
4104 4882 4613 5004 exaement
4660 4882 4755 5004 les
4850 4882 5169 5004 meſures
5252 4882 5311 5004 de

3200 5008 3573 5115 chaſcune
3667 5008 3725 5115 de
3784 5008 3901 5115 ces
3959 5008 4146 5115 trois
4204 5008 4648 5115 Inſtances,
4707 5008 5104 5115 enſemble
5151 5008 5326 5115 auſſi

3189 5131 3236 5252 le
3308 5131 3782 5252 fondement
3853 5131 3913 5252 de
3972 5131 4352 5252 pluſieurs
4411 5131 4993 5252 obſervations,
5064 5131 5230 5252 dont
5278 5131 5313 5252 il

3193 5254 3326 5383 ſera
3387 5254 3580 5383 parlé
3641 5254 3714 5383 cy
3762 5254 4004 5383 apres;
4053 5254 4089 5383 il
4137 5254 4283 5383 faut
4331 5254 4670 5383 ſçavoir,
4731 5254 4864 5383 que
4924 5254 5021 5383 les
5069 5254 5312 5383 lames

3203 5379 3276 5506 de
3361 5379 3483 5506 nos
3569 5379 3813 5506 eſpees
3886 5379 4057 5506 ſont
4142 5379 4618 5506 diſtinguées
4691 5379 4813 5506 par
4887 5379 5167 5506 chifres
5240 5379 5289 5506 en

3213 5508 3451 5629 douze
3523 5508 3809 5629 parties
3881 5508 4167 5629 egales,
4238 5508 4536 5629 comme
4584 5508 4620 5629 il
4703 5508 4787 5629 eſt
4846 5508 5311 5629 repreſenté

3189 5629 3249 5749 au
3321 5629 3440 5749 bas
3512 5629 3559 5749 du
3655 5629 3965 5749 Tableau
4037 5629 4037 5749 à
4121 5629 4276 5749 main
4371 5629 4718 5749 gauche,
4837 5629 4849 5749 &
4921 5629 4968 5749 en
5052 5629 5195 5749 ſera
5267 5629 5303 5749 la

3189 5750 3411 5869 raiſon
3504 5750 3843 5869 declarée
3913 5750 3925 5869 à
3983 5750 4030 5869 la
4088 5750 4275 5869 ſuite
4345 5750 4403 5869 de
4473 5750 4532 5869 ce
4613 5750 4870 5869 meſme
4940 5750 5314 5869 diſcours.

3242 5878 3428 6005 Hui
3490 5878 3552 6005 de
3638 5878 3737 6005 ces
3799 5878 4084 6005 parties
4158 5878 4319 6005 font
4381 5878 4418 6005 la
4493 5878 4678 6005 juſte
4740 5878 5149 6005 longueur
5236 5878 5285 6005 du

3197 5999 3400 6126 bras;
3450 5999 3615 6126 ainſi
3679 5999 3831 6126 qu’il
3881 5999 3970 6126 eſt
4033 5999 4350 6126 evident
4401 5999 4502 6126 par
4553 5999 4591 6126 la
4667 5999 4908 6126 figure
4984 5999 5035 6126 du
5161 5999 5314 6126 Cer-

3205 6126 3288 6255 cle
3407 6126 3443 6255 N.
3490 6126 3538 6255 1.
3585 6126 3645 6255 où
3704 6126 3740 6255 il
3788 6126 3835 6255 ſe
3907 6126 4049 6255 voit
4109 6126 4561 6255 clairement
4632 6126 4763 6255 que
4810 6126 4846 6255 la
4906 6126 5310 6255 longueur

3215 6248 3263 6377 du
3335 6248 3491 6377 bras
3551 6248 3635 6377 eſt
3695 6248 3899 6377 egale
3947 6248 3959 6377 à
4019 6248 4079 6377 un
4151 6248 4331 6377 tiers
4391 6248 4451 6377 du
4559 6248 4978 6377 Diametre,
5050 6248 5314 6377 depuis

3192 6364 3653 6496 l’Rjuſques
3702 6364 3702 6496 à
3752 6364 3889 6496 l’H:
3989 6364 3989 6496 &
4051 6364 4375 6496 d’autant
4450 6364 4574 6496 que
4624 6364 4674 6496 le
4774 6364 5135 6496 Diametre
5210 6364 5309 6496 en-

3187 6498 3326 6620 tier
3384 6498 3396 6620 a
3476 6498 3662 6620 deux
3708 6498 3847 6620 fois
3893 6498 4159 6620 autant
4228 6498 4298 6620 de
4344 6498 4749 6620 longueur
4806 6498 4945 6620 que
4992 6498 5026 6620 la
5084 6498 5315 6620 lame,

3205 6620 3264 6743 ce
3335 6620 3442 6743 qui
3513 6620 3750 6743 monte
3810 6620 3810 6743 à
3881 6620 4083 6743 vingt
4201 6620 4201 6743 &
4273 6620 4545 6743 quatre
4664 6620 5067 6743 Nombres,
5139 6620 5317 6743 s’en-

3187 6742 3322 6862 ſuit
3379 6742 4045 6862 neceſſairement
4113 6742 4248 6862 que
4293 6742 4350 6862 le
4395 6742 4576 6862 tiers
4632 6742 4689 6862 en
4768 6742 4914 6862 ſera
5005 6742 5298 6862 comme

3191 6863 3438 6993 hui.
3512 6863 3685 6993 Auſſi
3722 6863 3759 6993 la
3821 6863 4117 6993 preuve
4179 6863 4228 6993 en
4302 6863 4475 6993 peut
4549 6863 5031 6993 demonſtrer
5080 6863 5117 6993 la
5204 6863 5315 6993 ve-

5143 7012 5310 7109 rité;
