5719 7432
2914 443 3291 564 eſtendus
3364 443 3412 564 en
3497 443 3740 564 droite
3789 443 4020 564 ligne,
4056 443 4153 564 les
4202 443 4578 564 poines
4639 443 4749 564 des
4797 443 5040 564 lames

2897 564 3427 687 n’arriveront
3486 564 3969 687 chaſquune,
4063 564 4181 687 que
4228 564 4558 687 juſques
4616 564 4664 687 au
4758 564 5029 687 devant

2927 689 2988 811 de
3049 689 3098 811 la
3184 689 3404 811 garde
3477 689 3918 811 contraire:
3979 689 4150 811 ainſi
4236 689 4395 811 qu’il
4468 689 4554 811 eſt
4627 689 5043 811 repreſen-

2905 817 2957 921 té
3034 817 3124 921 ſur
3189 817 3240 921 le
3356 817 3601 921 Cercle
3717 817 3756 921 N.
3807 817 3846 921 1.
3923 817 3975 921 du
4091 817 4400 921 Tableau
4490 817 4632 921 IV:
4735 817 4787 921 de
4839 817 5032 921 ſorte

2921 942 3117 1063 qu’ils
3186 942 3267 1063 ne
3313 942 3671 1063 peuvent
3740 942 4028 1063 arriver
4074 942 4132 1063 au
4213 942 4432 1063 corps
4512 942 4927 1063 contraire,
4997 942 5031 1063 ſi

2907 1070 2966 1192 ce
3036 1070 3210 1192 n’eſt
3292 1070 3490 1192 qu’ils
3549 1070 3991 1192 s’avancent
4061 1070 4248 1192 pour
4306 1070 4364 1192 le
4446 1070 4702 1192 moins,
4761 1070 5029 1192 autant

2908 1192 3037 1318 que
3108 1192 3284 1318 tout
3343 1192 3402 1318 le
3449 1192 3613 1318 bras
3695 1192 3931 1318 entier
4013 1192 4083 1318 de
4142 1192 4307 1318 leur
4377 1192 4612 1318 partie
4671 1192 5035 1318 adverſe,

2911 1319 3025 1440 qui
3075 1319 3164 1440 eſt
3227 1319 3302 1440 de
3365 1319 3403 1440 7.
3454 1319 3466 1440 à
3529 1319 3567 1440 8.
3681 1319 4059 1440 Nombres.

3041 1443 3101 1563 La
3161 1443 3366 1563 cauſe
3438 1443 3486 1563 en
3571 1443 3691 1563 eſt,
3751 1443 3884 1563 que
3944 1443 4004 1563 le
4088 1443 4341 1563 corps,
4401 1443 4450 1563 ſe
4522 1443 4799 1563 tenant
4859 1443 5040 1563 ainſi

2908 1570 3211 1691 debout
3271 1570 3380 1691 ſur
3429 1570 3526 1691 ſes
3574 1570 3816 1691 pieds,
3877 1570 4143 1691 placez
4192 1570 4313 1691 l’un
4373 1570 4482 1691 ſur
4543 1570 4664 1691 l’un
4749 1570 4858 1691 des
4918 1570 5027 1691 co-

2900 1696 3058 1816 ſtez
3123 1696 3176 1816 du
3307 1696 3819 1816 Quadrangle,
3924 1696 3924 1816 &
3977 1696 4239 1816 l’autre
4292 1696 4384 1816 ſur
4436 1696 4476 1816 la
4528 1696 4738 1816 ligne
4817 1696 5027 1816 Peda-

2898 1818 2973 1941 le,
3011 1818 3087 1941 ne
3137 1818 3402 1941 repoſe
3465 1818 3579 1941 pas
3629 1818 3730 1941 ſur
3781 1818 3819 1941 la
3882 1818 4197 1941 poine
4260 1818 4311 1941 du
4386 1818 4563 1941 pied
4626 1818 4853 1941 droi
4916 1818 5030 1941 qui

2892 1946 3209 2043 aboutit
3254 1946 3266 2043 à
3322 1946 3368 2043 la
3458 1946 4126 2043 Circonference;
4228 1946 4376 2043 mais
4432 1946 4466 2043 il
4534 1946 4840 2043 revient
4919 1946 5032 2043 en-

2898 2068 2999 2191 tre
3049 2068 3150 2191 les
3226 2068 3402 2191 deux
3452 2068 3679 2191 pieds
3729 2068 3855 2191 par
3918 2068 4157 2191 deſſus
4208 2068 4258 2191 le
4346 2068 4610 2191 Centre
4686 2068 4736 2191 du
4875 2068 5026 2191 Qua-

2922 2193 3261 2318 drangle.
3398 2193 3461 2318 Ce
3549 2193 3925 2318 qu’eſtant
3988 2193 4138 2318 bien
4238 2193 4677 2318 conſideré,
4777 2193 4790 2318 &
4865 2193 5040 2318 con-

2897 2319 3147 2438 fronté
3196 2319 3209 2438 à
3259 2319 3309 2438 la
3359 2319 3721 2438 ſituation
3808 2319 4083 2438 deſdits
4145 2319 4382 2438 pieds,
4470 2319 4582 2438 qui
4619 2319 4782 2438 ſont
4832 2319 5044 2438 ſepa-

2891 2446 3005 2565 rez
3073 2446 3289 2565 entre
3345 2446 3482 2565 eux
3550 2446 3686 2565 d’un
3754 2446 3936 2565 pied
4015 2446 4254 2565 entier
4345 2446 4867 2565 d’intervalle;
4946 2446 5003 2565 on

2891 2569 3164 2691 pourra
3232 2569 3640 2691 conclurre
3697 2569 4265 2691 aſſeurement,
4322 2569 4458 2691 que
4526 2569 4821 2691 chaſcun
4912 2569 5025 2691 des

2927 2697 3364 2812 Contraires
3422 2697 3468 2812 ſe
3525 2697 3778 2812 recule
3847 2697 3974 2812 d’un
4066 2697 4504 2812 demi-pied
4584 2697 4630 2812 en
4711 2697 5021 2812 arriere.

2925 2819 2976 2942 Et
3054 2819 3222 2942 voilà
3325 2819 3454 2942 d’où
3557 2819 3906 2942 procede
3970 2819 4771 2942 l’aggrandiſſement
4848 2819 4913 2942 de
4977 2819 5029 2942 la

2917 2948 3284 3036 Premiere
3343 2948 3745 3036 Inſtance.

3064 3070 3293 3194 Quant
3344 3070 3357 3194 à
3408 3070 3446 3194 la
3535 3070 3815 3194 meſure
3879 3070 3943 3194 de
3994 3070 4032 3194 la
4108 3070 4503 3194 Seconde,
4529 3070 4567 3194 il
4605 3070 4656 3194 la
4707 3070 4872 3194 faut
4923 3070 5038 3194 ag-

2895 3193 3196 3316 grandir
3244 3193 3846 3316 pareillement,
3907 3193 3955 3316 en
4039 3193 4051 3316 y
4111 3193 4569 3316 adjouſtant
4617 3193 4678 3316 le
4738 3193 5039 3316 recule-

2914 3319 3094 3440 ment
3162 3319 3275 3440 des
3365 3319 3546 3440 deux
3613 3319 3862 3440 corps,
3907 3319 4358 3440 procedant
4437 3319 4494 3440 de
4550 3319 4595 3440 la
4652 3319 5002 3440 ſituation

2907 3445 2968 3566 de
3016 3445 3222 3566 leurs
3271 3445 3525 3566 pieds,
3586 3445 3695 3566 qui
3743 3445 4046 3566 revient
4095 3445 4264 3566 auſſi
4313 3445 4313 3566 à
4374 3445 4446 3566 un
4519 3445 4689 3566 pied
4761 3445 4822 3566 de
4870 3445 5028 3566 lon-

2904 3572 3137 3691 gueur
3207 3572 3394 3691 pour
3464 3572 3673 3691 touts
3720 3572 3825 3691 les
3906 3572 4093 3691 deux
4174 3572 4605 3691 enſemble.
4722 3572 5025 3691 Suivant

2911 3694 3164 3815 quoy,
3253 3694 3608 3815 combien
3696 3694 3836 3815 que
3899 3694 3937 3815 la
4001 3694 4203 3815 ligne
4330 3694 4786 3815 Collaterale
4888 3694 4901 3815 X
5015 3694 5027 3815 G

2890 3821 2967 3928 ne
3055 3821 3297 3928 monte
3385 3821 3528 3928 qu’à
3605 3821 3671 3928 18
3748 3821 3792 3928 97
3869 3821 3869 3928 0
4001 3821 4419 3928 Nombres;
4485 3821 4936 3928 toutesfois
4991 3821 5035 3928 il

2905 3935 2952 4058 en
3022 3935 3174 4058 faut
3233 3935 3503 4058 conter
3573 3935 3761 4058 pour
3819 3935 3854 4058 la
3948 3935 4288 4058 diſtance
4358 3935 4405 4058 21
4476 3935 4605 4058 450
4687 3935 4804 4058 qui
4874 3935 4956 4058 eſt
5003 3935 5015 4058 à

2895 4057 3041 4184 bien
3113 4057 3234 4184 peu
3307 4057 3477 4184 pres
3537 4057 3671 4184 21.
3792 4057 3840 4184 En
3913 4057 4107 4184 ſorte
4192 4057 4386 4184 qu’on
4458 4057 4555 4184 n’y
4616 4057 4798 4184 peut
4858 4057 5028 4184 tou-

2903 4177 3064 4300 cher
3110 4177 3155 4300 la
3213 4177 3454 4300 partie
3511 4177 3866 4300 adverſe,
3935 4177 4118 4300 finon
4222 4177 4417 4300 qu’on
4508 4177 4864 4300 s’avance
4921 4177 5036 4300 en-

2895 4303 3077 4430 viron
3174 4303 3246 4430 de
3307 4303 3343 4430 la
3452 4303 3718 4430 meſure
3791 4303 3924 4430 d’un
3997 4303 4215 4430 pied,
4275 4303 4614 4430 laquelle
4699 4303 4748 4430 on
4844 4303 5026 4430 peut

2881 4429 3280 4555 atteindre
3350 4429 3397 4555 en
3467 4429 3866 4555 panchant
3913 4429 4358 4555 ſeulement
4428 4429 4475 4555 du
4557 4429 4780 4555 corps
4827 4429 4932 4555 ſur
4968 4429 5026 4555 le

2901 4555 3210 4642 devant.

3037 4677 3089 4796 La
3141 4677 3349 4796 ligne
3415 4677 3480 4796 de
3532 4677 3571 4796 la
3662 4677 4079 4796 Troiſieme
4144 4677 4496 4796 Inſtance
4600 4677 4600 4796 X
4717 4677 4756 4796 N,
4809 4677 4809 4796 a
4900 4677 5030 4796 eſté

2908 4803 3239 4931 calculée
3300 4803 3373 4931 16
3435 4803 3594 4931 970.
3667 4803 3667 4931 à
3729 4803 4072 4931 laquelle
4121 4803 4586 4931 adjouſtant
4660 4803 5039 4931 derechef

2882 4923 2929 5050 la
3012 4923 3285 5050 meſure
3344 4923 3486 5050 d’un
3569 4923 3747 5050 pied
3830 4923 3877 5050 en
3960 4923 4494 5050 recompenſe
4577 4923 4636 5050 de
4707 4923 4743 5050 la
4826 4923 5039 5050 ſitua-

2892 5056 3076 5183 tion;
3111 5056 3146 5183 il
3192 5056 3249 5183 en
3330 5056 3986 5183 vientNombres
4032 5056 4102 5183 19
4171 5056 4217 5183 45
4378 5056 4482 5183 qui
4528 5056 4689 5183 font
4747 5056 4804 5183 un
4885 5056 5000 5183 peu

2918 5179 3133 5298 moins
3205 5179 3336 5298 que
3396 5179 3515 5298 19..
3623 5179 3682 5298 De
3730 5179 3933 5298 ſorte
4005 5179 4160 5298 que,
4196 5179 4650 5298 l’extenſion
4745 5179 4793 5298 du
4865 5179 5032 5298 bras

2883 5306 3065 5424 avec
3113 5306 3391 5424 l’eſpee
3452 5306 3706 5424 faiſant
3779 5306 4166 5424 enſemble
4227 5306 4324 5424 19,
4360 5306 4396 5424 il
4457 5306 4505 5424 en
4578 5306 4771 5424 reſte
4832 5306 5038 5424 envi-

2882 5431 2987 5551 ron
3164 5431 3482 5551 Nombre
3552 5431 3611 5551 de
3693 5431 3964 5551 meſure
4023 5431 4211 5551 pour
4281 5431 4717 5551 atteindre.
4858 5431 5023 5551 Dont

2884 5552 2921 5676 il
2971 5552 3058 5676 eſt
3120 5552 3244 5676 aiſé
3294 5552 3307 5676 à
3369 5552 3928 5676 comprendre,
3990 5552 4126 5676 qu’à
4189 5552 4375 5676 ceſte
4462 5552 4872 5676 Troiſieme
4922 5552 5033 5676 In-

2881 5676 3138 5801 ſtance
3231 5676 3278 5801 on
3371 5676 3558 5801 peut
3604 5676 3943 5801 toucher
4001 5676 4036 5801 ſa
4094 5676 4339 5801 partie
4397 5676 4759 5801 adverſe,
4841 5676 4887 5801 en
4969 5676 5027 5801 ſe

2891 5805 3162 5929 tenant
3241 5805 3455 5929 droit,
3512 5805 3692 5929 avec
3760 5805 3817 5929 le
3907 5805 4246 5929 moindre
4313 5805 4867 5929 panchement
4946 5805 5002 5929 du

2911 5929 3216 6017 monde.

3058 6057 3115 6174 Or
3161 6057 3321 6174 puis
3390 6057 3527 6174 que
3596 6057 3791 6174 nous
3859 6057 4100 6174 avons
4180 6057 4466 6174 declaré
4524 6057 4615 6174 les
4696 6057 5016 6174 meſures

2908 6178 3018 6285 des
3067 6178 3482 6285 Inſtances
3531 6178 3946 6285 Laterales,
3970 6178 4007 6285 il
4068 6178 4154 6285 eſt
4202 6178 4422 6285 raiſon
4508 6178 4569 6285 de
4630 6178 4801 6285 faire
4850 6178 5021 6285 auſſi

2883 6307 2943 6430 le
2991 6307 3424 6430 ſemblable
3497 6307 3605 6430 des
3653 6307 3942 6430 autres.
4014 6307 4062 6430 Et
4122 6307 4183 6430 ce
4255 6307 4580 6430 d’autant
4640 6307 4821 6430 plus,
4869 6307 5025 6430 par-

2906 6431 2966 6550 ce
3037 6431 3168 6550 que
3228 6431 3264 6550 la
3359 6431 3824 6550 difference,
3895 6431 4002 6550 qui
4050 6431 4098 6550 ſe
4157 6431 4431 6550 trouve
4515 6431 4729 6550 entre
4789 6431 5015 6550 deux,

2893 6557 3160 6682 pourra
3253 6557 3543 6682 donner
3613 6557 4206 6682 paradventure
4287 6557 4613 6682 occaſion
4717 6557 4729 6682 à
4810 6557 5019 6682 quel-

2907 6682 3089 6803 quun
3199 6682 3284 6803 d’y
3356 6682 3878 6803 ſoupçonner
3975 6682 4315 6803 quelque
4376 6682 4643 6803 faute,
4716 6682 5019 6803 comme

2885 6805 2922 6933 ſi
2960 6805 3060 6933 les
3123 6805 3524 6933 Inſtances
3625 6805 4114 6933 Diametrales
4164 6805 4628 6933 n’eſtoyent
4678 6805 4791 6933 pas
4854 6805 5004 6933 bien

2903 6930 3301 7053 aſſignées.

4979 7068 5024 7152 Et

615 434 773 568 rité;
822 434 944 568 par
1005 434 1065 568 ce
1139 434 1321 568 qu’en
1431 434 1748 568 mettant
1809 434 1858 568 la
1919 434 2235 568 poine
2321 434 2382 568 de
2430 434 2467 568 la
2540 434 2735 568 lame

613 560 877 665 contre
949 560 1309 665 l’aixelle,
1417 560 1417 665 &
1477 560 1897 665 eſtendant
1957 560 2005 665 le
2077 560 2245 665 bras
2329 560 2605 665 deſſus,
2665 560 2713 665 on

610 690 682 821 ne
729 690 920 821 peut
968 690 1361 821 atteindre
1421 690 1731 821 dubout
1790 690 1910 821 des
1981 690 2220 821 doigts
2267 690 2434 821 plus
2482 690 2744 821 avant,

623 817 747 943 que
809 817 1146 943 juſqu’au
1295 817 1606 943 Nombre
1681 817 1942 943 hui.
2079 817 2129 943 Et
2204 817 2515 943 comme
2577 817 2752 943 ainſi

597 943 768 1069 ſoit,
841 943 1025 1069 qu’en
1098 943 1367 1069 tenant
1416 943 1697 1069 l’eſpee
1746 943 1807 1069 au
1881 943 2137 1069 poing,
2186 943 2247 1069 on
2321 943 2443 1069 aye
2492 943 2529 1069 la
2590 943 2749 1069 lon-

628 1066 853 1194 gueur
935 1066 994 1194 de
1065 1066 1101 1194 la
1172 1066 1420 1194 lame,
1502 1066 1798 1194 comme
1857 1066 1963 1194 12,
2081 1066 2081 1194 &
2164 1066 2341 1194 celle
2424 1066 2483 1194 du
2566 1066 2731 1194 bras

615 1192 917 1314 comme
977 1192 1013 1314 8:
1086 1192 1436 1314 deſquels
1484 1192 1520 1314 il
1580 1192 1629 1314 en
1701 1192 1846 1314 faut
1894 1192 2377 1314 ſoubſtraire
2449 1192 2727 1314 quaſi1.

604 1315 787 1442 pour
848 1315 897 1442 le
958 1315 1741 1442 raccourciſſement
1827 1315 1937 1442 des
2022 1315 2316 1442 doigts,
2401 1315 2511 1442 qui
2573 1315 2732 1442 font

593 1443 644 1567 le
707 1443 971 1567 poing;
1021 1443 1059 1567 il
1096 1443 1385 1567 paroiſt
1448 1443 1637 1567 donc
1700 1443 1888 1567 qu’en
1976 1443 2253 1567 tenant
2316 1443 2592 1567 l’eſpee
2655 1443 2718 1567 au

601 1569 866 1693 poing,
938 1569 986 1693 on
1059 1569 1240 1693 peut
1300 1569 1698 1693 atteindre
1770 1569 1806 1693 en
1902 1569 2143 1693 droite
2180 1569 2384 1693 ligne
2433 1569 2469 1693 ſi
2517 1569 2734 1693 avant

606 1695 737 1816 que
785 1695 832 1816 la
880 1695 1285 1816 longueur
1357 1695 1416 1816 de
1476 1695 1559 1816 19.
1631 1695 1690 1816 de
1750 1695 1857 1816 ces
1941 1695 2239 1816 meſmes
2346 1695 2739 1816 Nombres.

617 1819 780 1943 Faut
856 1819 1297 1943 davantage
1347 1819 1877 1943 preſuppoſer
1927 1819 2116 1943 pour
2166 1819 2217 1943 le
2267 1819 2532 1943 ſecõd,
2607 1819 2733 1943 que

589 1945 696 2067 les
755 1945 1014 2067 eſpees
1061 1945 1226 2067 ſont
1285 1945 1533 2067 egales
1580 1945 1639 2067 au
1745 1945 2465 2067 demi-Diametre;
2547 1945 2736 2067 com-

621 2072 702 2197 me
782 2072 965 2197 vous
1057 2072 1493 2197 entendrez
1574 2072 1746 2197 plus
1826 2072 2583 2197 particulierement
2675 2072 2732 2197 cy

592 2197 865 2317 apres.
984 2197 1043 2317 Et
1114 2197 1292 2317 voilà
1364 2197 1482 2317 par
1566 2197 1613 2317 où
1696 2197 1803 2317 lon
1886 2197 2159 2317 pourra
2254 2197 2575 2317 calculer
2634 2197 2729 2317 les

624 2320 951 2457 meſures
1036 2320 1097 2457 de
1182 2320 1510 2457 ceſdites
1595 2320 1996 2457 Inſtances
2069 2320 2178 2457 par
2239 2320 2287 2457 la
2372 2320 2469 2457 47.
2506 2320 2627 2457 liv.
2700 2320 2736 2457 1.

620 2444 804 2534 Eucl.
874 2444 920 2534 en
1012 2444 1197 2534 ceſte
1277 2444 1635 2534 maniere.

613 2566 677 2692 Le
767 2566 1445 2692 demi-Diametre
1534 2566 1803 2692 depuis
1918 2566 1918 2692 X
1982 2566 2327 2692 juſqu’au
2430 2566 2737 2692 Centre,

608 2692 688 2779 eſt

2401 2728 2493 2782 12.

609 2814 1168 2942 Pareillement
1243 2814 1293 2942 le
1417 2814 2100 2942 demi-Diametre
2187 2814 2746 2942 perpendicu-

581 2942 796 3044 laire,

2402 2978 2495 3033 12.

612 3064 888 3185 L’angle
967 3064 1019 3185 du
1138 3064 1387 3185 Centre
1453 3064 1544 3185 eſt
1610 3064 1820 3185 droit.

626 3191 1046 3316 Doncques
1098 3191 1138 3316 la
1190 3191 1387 3316 ligne
1479 3191 1492 3316 X
1597 3191 1623 3316 N,
1676 3191 1873 3316 quile
1925 3191 2346 3316 ſouſtient,
2398 3191 2464 3316 16
2543 3191 2674 3316 970

617 3314 797 3438 Voilà
862 3314 900 3438 la
978 3314 1184 3438 ligne
1274 3314 1377 3438 qui
1467 3314 1751 3438 meſure
1815 3314 1854 3438 la
1944 3314 2383 3438 Troiſieſme
2447 3314 2744 3438 Inſtan-

601 3441 697 3565 ce,
757 3441 805 3565 en
878 3441 1106 3565 allant
1154 3441 1275 3565 par
1323 3441 1419 3565 les
1491 3441 1912 3565 quadrants
1985 3441 2033 3565 du
2153 3441 2430 3565 Cercle.

740 3561 787 3663 La
880 3561 1149 3663 meſure
1220 3561 1290 3663 de
1337 3561 1383 3663 la
1453 3561 1816 3663 Seconde
1875 3561 1921 3663 ſe
1980 3561 2260 3663 trouve
2331 3561 2377 3663 en
2459 3561 2494 3663 la
2588 3561 2740 3663 meſ-

615 3688 686 3816 me
758 3688 995 3816 ſorte.
1101 3688 1160 3816 Et
1208 3688 1398 3816 pour
1480 3688 1540 3816 ce
1599 3688 1777 3816 faire
1824 3688 2227 3816 imaginez
2298 3688 2737 3816 premiere-

610 3816 793 3931 ment
847 3816 997 3931 une
1040 3816 1245 3931 ligne
1298 3816 1524 3931 allant
1578 3816 2534 3931 perpendiculairement
2610 3816 2728 3931 par

579 3929 628 4045 le
727 3929 1145 4045 Diametre,
1219 3929 1280 4045 de
1378 3929 1440 4045 Gà
1551 3929 1588 4045 G.
1698 3929 1920 4045 Icelle
2006 3929 2338 4045 coupera
2387 3929 2449 4045 le
2522 3929 2744 4045 demi-

625 4049 1000 4174 Diametre
1071 4049 1118 4174 en
1188 4049 1411 4174 angle
1481 4049 1704 4174 droit,
1751 4049 1810 4174 au
1868 4049 2068 4174 juſte
2150 4049 2338 4174 mitan
2420 4049 2631 4174 entre
2678 4049 2725 4174 le

619 4176 670 4279 C,
772 4176 785 4279 &
836 4176 887 4279 le
976 4176 1282 4279 Centre.
1512 4176 1703 4279 Dites
1780 4176 1959 4279 donc

602 4296 674 4394 Le
771 4296 1447 4394 demi-Diametre
1532 4296 1628 4394 12.
1749 4296 1761 4394 &
1821 4296 1858 4394 la
1978 4296 2220 4394 moitié
2316 4296 2377 4394 de
2461 4296 2727 4394 l’autre

602 4425 1274 4549 demi-Diametre
1370 4425 1406 4549 6.
1466 4425 1634 4549 font
1706 4425 2138 4549 enſemble,
2198 4425 2378 4549 pour
2426 4425 2474 4549 la
2522 4425 2726 4549 ligne

606 4549 711 4675 qui
776 4549 829 4675 va
907 4549 1169 4675 depuis
1222 4549 1313 4675 l’X
1379 4549 1706 4675 juſques
1759 4549 1772 4675 à
1824 4549 2086 4675 l’angle
2165 4549 2348 4675 droit
2427 4549 2518 4675 18.

609 4670 659 4801 La
748 4670 950 4801 ligne
1013 4670 1417 4801 imaginée
1505 4670 1745 4801 eſtant
1833 4670 2023 4801 egale
2124 4670 2174 4801 au
2300 4670 2742 4801 demi-Dia-

615 4797 874 4922 metre,
932 4797 1085 4922 faut
1132 4797 1860 4922 neceſſairement,
1930 4797 2059 4922 que
2118 4797 2165 4922 la
2247 4797 2552 4922 moitié,
2623 4797 2728 4922 de-

594 4925 747 5051 puis
798 4925 1066 5051 l’angle
1130 4925 1322 5051 droit
1373 4925 1692 5051 juſques
1743 4925 1807 5051 au
1922 4925 1960 5051 G,
2011 4925 2049 5051 en
2126 4925 2253 5051 ſoit
2458 4925 2509 5051 6.

609 5048 889 5175 L’angle
965 5048 1079 5175 qui
1117 5048 1422 5175 touche
1473 5048 1523 5175 le
1612 5048 1993 5175 Diametre
2057 5048 2145 5175 eſt
2222 5048 2437 5175 droit.

626 5173 1056 5301 Doncques
1095 5173 1134 5301 la
1186 5173 1394 5301 ligne
1485 5173 1498 5301 X
1590 5173 1629 5301 G,
1681 5173 1785 5301 qui
1837 5173 1889 5301 le
1941 5173 2358 5301 ſouſtient,
2410 5173 2475 5301 18
2554 5173 2671 5301 970

686 5296 748 5418 La
835 5296 1106 5418 meſure
1168 5296 1230 5418 de
1279 5296 1316 5418 la
1403 5296 1773 5418 Premiere
1835 5296 2193 5418 Inſtance
2242 5296 2526 5418 paroiſt
2601 5296 2736 5418 d’el-

583 5425 642 5529 le
738 5425 1035 5529 meſme,
1118 5425 1344 5529 eſtant
1440 5425 1618 5529 deux
1690 5425 1832 5529 fois
1892 5425 1939 5529 le
2023 5425 2737 5529 demi-Diametre:

605 5556 714 5674 qui
763 5556 932 5674 font
981 5556 1089 5674 par
1162 5556 1549 5674 enſemble

2410 5584 2504 5652 24.

746 5675 887 5800 Puis
969 5675 1157 5800 donc
1239 5675 1380 5800 que
1451 5675 1498 5800 le
1568 5675 1733 5800 bras
1803 5675 1992 5800 avec
2050 5675 2321 5800 l’eſpee
2391 5675 2556 5800 font
2638 5675 2744 5800 en-

586 5801 879 5925 ſemble
952 5801 989 5925 en
1086 5801 1318 5925 droite
1367 5801 1574 5925 ligne
1623 5801 1659 5925 la
1720 5801 2122 5925 longueur
2220 5801 2269 5925 de
2354 5801 2415 5925 19
2537 5801 2732 5925 Nom-

591 5922 824 6048 bres;
947 5922 947 6048 &
1046 5922 1169 6048 que
1230 5922 1550 6048 l’eſpace
1648 5922 1709 6048 de
1771 5922 1808 6048 la
1918 5922 2287 6048 Premiere
2373 5922 2730 6048 Inſtance

588 6050 737 6175 n’en
817 6050 1172 6175 contient
1263 6050 1389 6175 que
1481 6050 1572 6175 24.
1641 6050 2236 6175 paradventure
2316 6050 2705 6175 quelquun

601 6174 890 6299 voudra
974 6174 1384 6299 conclurre
1456 6174 1516 6299 de
1564 6174 1660 6299 là,
1745 6174 1937 6299 qu’on
2010 6174 2239 6299 puiſſe
2299 6174 2636 6299 toucher
2684 6174 2732 6299 ſa

602 6299 832 6422 partie
892 6299 1206 6422 adverſe
1279 6299 1545 6422 depuis
1593 6299 1629 6422 la
1714 6299 2088 6422 Premiere
2173 6299 2584 6422 Inſtance,
2656 6299 2705 6422 en

595 6427 987 6547 avançant
1058 6427 1509 6547 ſeulement
1569 6427 1604 6547 la
1711 6427 1985 6547 meſure
2068 6427 2139 6547 de
2210 6427 2210 6547 5
2329 6427 2721 6547 Nombres;

610 6551 671 6678 ce
732 6551 842 6678 qui
904 6551 989 6678 eſt
1038 6551 1259 6678 faux,
1332 6551 1638 6678 comme
1711 6551 1773 6678 on
1846 6551 1907 6678 le
1981 6551 2164 6678 peut
2250 6551 2727 6678 demonſtrer

606 6678 712 6801 par
783 6678 1304 6801 experience.
1375 6678 1470 6801 car
1553 6678 1813 6801 quand
1872 6678 1967 6801 les
2038 6678 2228 6801 deux
2275 6678 2571 6801 parties
2618 6678 2737 6801 ad-

612 6803 856 6928 verſes
921 6803 972 6928 ſe
1050 6803 1423 6928 tiennent
1462 6803 1565 6928 ſur
1629 6803 1732 6928 les
1848 6803 2376 6928 Quadrangles
2440 6803 2736 6928 oppoſi-

598 6930 705 7033 tes
776 6930 812 7033 en
883 6930 919 7033 la
1002 6930 1240 7033 forme
1312 6930 1657 7033 requiſe,
1716 6930 1894 7033 avec
1954 6930 2049 7033 les
2120 6930 2287 7033 bras
2406 6930 2406 7033 &
2477 6930 2727 7033 eſpees
