5719 7432
5331 6912 5488 7023 Cer-

3323 381 3437 527 qui
3501 381 3577 527 eſt
3640 381 3844 527 entre
3894 381 3996 527 les
4059 381 4250 527 deux
4288 381 4542 527 lignes
4618 381 4720 527 des
4784 381 5190 527 Inſtances
5266 381 5444 527 Troi.

3310 509 3633 652 ſiemes,
3698 509 4021 652 aſſavoir
4125 509 4138 652 X
4241 509 4293 652 N,
4422 509 4435 652 &
4539 509 4552 652 X
4655 509 4707 652 H:
4810 509 4979 652 elles
5043 509 5211 652 ſont
5289 509 5444 652 ega-

3304 634 3457 779 lées
3527 634 3645 779 par
3715 634 3774 779 ce
3856 634 3986 779 que
4068 634 4315 779 quand
4397 634 4456 779 on
4561 634 4808 779 donne
4867 634 5255 779 l’atteinte
5325 634 5337 779 à
5396 634 5431 779 la

3346 761 3745 881 Troiſieme
3820 761 4182 881 Inſtance
4256 761 4631 881 Laterale,
4693 761 4818 881 celà
4880 761 4930 881 ſe
4980 761 5104 881 fait
5154 761 5341 881 avec
5391 761 5441 881 le

3318 881 3539 1028 corps
3597 881 3888 1028 panché
3958 881 4004 1028 en
4097 881 4353 1028 avant.
4446 881 4632 1028 Dont
4678 881 4713 1028 la
4806 881 5074 1028 meſure
5155 881 5248 1028 eſt
5294 881 5446 1028 rac-

3322 1011 3667 1161 courcie,
3741 1011 4049 1161 autant,
4111 1011 4246 1161 que
4308 1011 4357 1161 la
4419 1011 4628 1161 ligne
4690 1011 4985 1161 ſemble
5047 1011 5232 1161 eſtre
5293 1011 5454 1161 plus

3309 1155 3634 1278 longue.

3460 1259 3507 1398 En
3590 1259 3660 1398 fin
3755 1259 3861 1398 ces
3932 1259 4569 1398 conſiderations
4640 1259 4722 1398 ne
4805 1259 5253 1398 diminuent
5324 1259 5442 1398 pas

3308 1383 3624 1527 l’eſtime
3721 1383 3781 1527 de
3842 1383 4097 1527 noſtre
4206 1383 4497 1527 Cercle,
4570 1383 4716 1527 ains
4801 1383 4971 1527 elles
5019 1383 5456 1527 l’augmen-

3312 1510 3532 1651 tent;
3593 1510 3751 1651 puis
3824 1510 3946 1651 que
4019 1510 4117 1651 les
4190 1510 4616 1651 difficultez
4713 1510 5055 1651 meſmes,
5128 1510 5237 1651 qui
5286 1510 5444 1651 ſont

3310 1637 3749 1774 propoſées
3819 1637 4327 1774 alencontre,
4373 1637 4419 1774 en
4500 1637 5020 1774 eſclarciſſent
5089 1637 5459 1774 davanta-

3329 1760 3386 1897 ge
3453 1760 3498 1897 la
3577 1760 4095 1897 convenance
4173 1760 4353 1897 avec
4410 1760 4443 1897 la
4578 1760 4837 1897 Nature
4927 1760 5231 1897 meſme,
5276 1760 5287 1897 à
5355 1760 5445 1897 la-

3334 1886 3577 2029 quelle
3623 1886 3658 2029 il
3704 1886 3854 2029 faut
3923 1886 4050 2029 que
4120 1886 4385 2029 toutes
4454 1886 4581 2029 nos
4651 1886 5124 2029 inventions
5170 1886 5228 2029 ſe
5297 1886 5447 2029 rap-

3318 2051 3669 2144 portent.

3484 2110 3531 2270 Or
3603 2110 3793 2270 pour
3864 2110 4055 2270 vous
4126 2110 4174 2270 en
4281 2110 4697 2270 confirmer
4780 2110 5114 2270 d’autant
5185 2110 5352 2270 plus
5399 2110 5447 2270 la

3349 2253 3754 2400 memoire,
3850 2253 4064 2400 voicy
4136 2253 4196 2400 un
4327 2253 4637 2400 Tableau
4744 2253 4804 2400 de
4875 2253 4911 2400 la
5018 2253 5293 2400 meſure
5376 2253 5448 2400 de

3314 2379 3587 2523 toutes
3682 2379 3788 2523 ces
3871 2379 4286 2523 Inſtances
4358 2379 4536 2523 avec
4619 2379 4832 2523 leurs
4915 2379 5461 2523 aggrandiſſe-

3346 2507 3602 2650 ments.
3683 2507 3730 2650 Et
3788 2507 4427 2650 premierement
4473 2507 4671 2650 pour
4717 2507 4810 2650 les
4868 2507 5286 2650 Inſtances
5344 2507 5449 2650 La-

3314 2647 3625 2772 terales,
3672 2647 3708 2772 il
3768 2647 3780 2772 y
3840 2647 3840 2772 a

3346 2768 3513 2867 Pour
3560 2768 3596 2867 la
3679 2768 4059 2867 Premiere

4598 2759 4972 2869 Nombres
5030 2759 5100 2869 26
5170 2759 5229 2869 48
5299 2759 5299 2869 0

3338 2892 3518 2990 Pour
3566 2892 3602 2990 la
3686 2892 4033 2990 Seconde

4592 2885 4957 2996 Nombres
5026 2885 5083 2996 22
5174 2885 5220 2996 45

3341 3016 3515 3116 Pour
3564 3016 3602 3116 la
3688 3016 4098 3116 Troiſieme

4598 3009 4974 3118 Nombres
5042 3009 5099 3118 19
5179 3009 5225 3118 43

3352 3130 3753 3252 Touchant
3801 3130 3899 3252 les
3959 3130 4373 3252 Inſtances
4470 3130 5005 3252 Diametrales;

3340 3266 3511 3368 Pour
3560 3266 3596 3368 la
3682 3266 4060 3368 Premiere

4597 3258 4971 3371 Nombres
5042 3258 5042 3371 2
5100 3258 5100 3371 6
5182 3258 5310 3371 480

3338 3391 3520 3488 Pour
3557 3391 3605 3488 la
3678 3391 4030 3488 Seconde

4603 3384 4976 3482 Nombres
5043 3384 5088 3482 22
5179 3384 5235 3482 17
5303 3384 5303 3482 z

3345 3515 3522 3613 Pour
3559 3515 3610 3613 la
3698 3515 4115 3613 Troiſieme

4607 3508 4978 3616 Nombres
5036 3508 5105 3616 18
5175 3508 5233 3616 48
5302 3508 5314 3616 0

3357 3629 3406 3757 Et
3456 3629 3850 3757 touchant
3899 3629 3936 3757 la
3998 3629 4269 3757 pointe
4355 3629 4416 3757 de
4478 3629 4798 3757 l’eſpee,
4872 3629 5230 3757 combien
5316 3629 5476 3757 qu’il

3324 3758 3478 3887 faut
3566 3758 3819 3887 qu’elle
3929 3758 4347 3887 chemine,
4446 3758 4633 3887 pour
4699 3758 5040 3887 toucher
5106 3758 5161 3887 le
5249 3758 5458 3887 corps

3333 3878 3742 3979 contraire;

3345 3996 3357 4089 A
3416 3996 3451 4089 la
3534 3996 3911 4089 Premiere

4552 3994 4613 4119 La
4662 3994 5064 4119 longueur
5150 3994 5198 4119 du
5272 3994 5467 4119 bras.

3346 4120 3358 4212 A
3418 4120 3454 4212 la
3539 4120 3889 4212 Seconde

4559 4122 4681 4214 Vne
4748 4122 5082 4214 coudee.

3353 4231 3365 4341 A
3417 4231 3455 4341 la
3545 4231 3957 4341 Troiſieme

4555 4240 4685 4369 Vne
4756 4240 4992 4369 demie
5051 4240 5405 4369 paulme.

3487 4369 3668 4487 Ceux
3736 4369 3850 4487 qui
3895 4369 4156 4487 ſeront
4213 4369 4542 4487 curieux
4610 4369 5087 4487 d’examiner
5166 4369 5268 4487 ces
5337 4369 5461 4487 cal-

3332 4477 3721 4618 culations
3790 4477 3847 4618 de
3905 4477 4065 4618 plus
4122 4477 4317 4618 pres,
4362 4477 4465 4618 les
4534 4477 5026 4618 trouveront
5095 4477 5290 4618 aſſez
5358 4477 5461 4618 ac-

3337 4618 3757 4736 cordantes
3829 4618 3973 4736 aux
4033 4618 4285 4736 regles
4369 4618 4429 4736 de
4501 4618 4537 4736 la
4669 4618 5329 4736 Mathematique;
5461 4618 5473 4736 &

3326 4740 3521 4862 pour
3582 4740 3765 4862 ceux
3839 4740 3949 4862 qui
3997 4740 4132 4862 n’en
4230 4740 4596 4862 quierent
4681 4740 4816 4862 que
4865 4740 4914 4862 la
4975 4740 5231 4862 ſimple
5329 4740 5475 4862 Pra-

3325 4867 3581 4986 tique,
3639 4867 3721 4986 ils
3791 4867 3838 4986 en
3931 4867 4327 4986 pourront
4385 4867 4723 4986 prendre
4782 4867 4817 4986 la
4922 4867 5190 4986 meſure
5236 4867 5341 4986 ſur
5411 4867 5458 4986 le

3329 4976 3609 5124 terroir
3679 4976 3853 5124 avec
3923 4976 3993 5124 un
4087 4976 4331 5124 baſton
4436 4976 4495 5124 de
4565 4976 4611 5124 la
4658 4976 5066 5124 longueur
5147 4976 5194 5124 du
5334 4976 5474 5124 Dia-

3362 5101 3576 5237 metre
3635 5101 3825 5237 parti
3872 5101 3920 5237 en
4003 5101 4110 5237 24.
4217 5101 4608 5237 Nombres,
4703 5101 4715 5237 &
4774 5101 5082 5237 chaſcun
5177 5101 5462 5237 d’iceux

3320 5224 3700 5371 nombres
3767 5224 3811 5371 en
3889 5224 3979 5371 10.
4034 5224 4358 5371 parties,
4481 5224 4481 5371 &
4536 5224 4637 5371 les
4681 5224 4971 5371 parties
5038 5224 5094 5371 en
5183 5224 5284 5371 10.
5373 5224 5462 5371 mi-

3328 5365 3590 5486 nutes.
3715 5365 3765 5486 En
3840 5365 4315 5486 appliquant
4352 5365 4627 5486 lequel
4677 5365 4777 5486 ſur
4827 5365 5151 5486 leſdites
5189 5365 5476 5486 lignes,

3329 5486 3401 5607 ils
3448 5486 4117 5607 recognoiſtront
4176 5486 4272 5607 les
4332 5486 4582 5607 juſtes
4666 5486 4988 5607 meſures
5048 5486 5107 5607 de
5167 5486 5298 5607 nos
5370 5486 5477 5607 In-

3333 5592 3674 5739 ſtances,
3772 5592 3784 5739 &
3833 5592 3955 5739 par
3991 5592 4272 5739 icelles
4333 5592 4382 5739 ſe
4443 5592 4833 5739 pourront
4882 5592 5224 5739 aſſeurer
5285 5592 5346 5739 de
5419 5592 5456 5739 la

3346 5734 3735 5858 certitude
3805 5734 3864 5858 de
3923 5734 4312 5858 pluſieurs
4370 5734 4959 5858 obſervations,
5030 5734 5147 5858 qui
5206 5734 5465 5858 ſeront

3336 5857 3764 5982 propoſées
3838 5857 3899 5982 cy
3948 5857 4205 5982 apres.

3492 5982 3550 6106 Au
3630 5982 3814 6106 reſte
3871 5982 3929 6106 on
4009 5982 4193 6106 vous
4250 5982 4617 6106 advertit,
4686 5982 4870 6106 qu’on
4950 5982 4996 6106 ſe
5053 5982 5237 6106 peut
5306 5982 5478 6106 con-

3338 6108 3600 6245 tenter
3659 6108 3707 6245 en
3766 6108 3814 6245 la
3897 6108 4242 6245 Pratique
4313 6108 4385 6245 de
4432 6108 4468 6245 la
4527 6108 4730 6245 ſeule
4825 6108 5098 6245 meſure
5181 6108 5289 6245 des
5348 6108 5479 6245 lig-

3341 6230 3510 6352 nes,
3607 6230 3716 6352 qui
3788 6230 4235 6352 donneront
4308 6230 4489 6352 aſſez
4574 6230 4924 6352 d’adreſſe
4997 6230 5239 6352 d’elles
5323 6230 5468 6352 meſ-

3373 6344 3539 6480 mes,
3598 6344 3929 6480 encores
4000 6344 4307 6480 qu’elles
4355 6344 4438 6480 ne
4485 6344 4769 6480 ſoyent
4816 6344 4934 6480 pas
5005 6344 5419 6480 calculées.

1202 417 1242 554 Et
1322 417 1375 554 de
1428 417 1548 554 fait
1601 417 1641 554 la
1694 417 1894 554 ligne
1987 417 2001 554 X
2094 417 2147 554 H,
2227 417 2333 554 qui
2413 417 2426 554 y
2506 417 2959 554 repreſente
3025 417 3159 554 l’in-

1041 539 1361 670 tervalle
1435 539 1496 670 de
1545 539 1582 670 la
1668 539 2074 670 Troiſieme
2135 539 2528 670 Inſtance,
2602 539 2676 670 eſt
2737 539 2897 670 plus
2946 539 3155 670 cour-

1049 660 1101 802 te
1167 660 1298 802 que
1350 660 1441 802 n’a
1520 660 1664 802 eſté
1716 660 1755 802 la
1821 660 2030 802 ligne
2122 660 2122 802 X
2239 660 2279 802 N.
2410 660 2514 802 Car
2567 660 2854 802 ceſte-là
2933 660 2933 802 a
3024 660 3155 802 eſté

1049 787 1382 914 calculée
1466 787 1478 914 à
1621 787 1978 914 Nombres
2049 787 2109 914 16
2192 787 2252 914 97
2359 787 2371 914 :
2502 787 2514 914 &
2597 787 2919 914 celle-cy
2990 787 3133 914 n’en

1053 909 1410 1051 contient
1471 909 1607 1051 que
1656 909 1754 1051 16.
1804 909 1964 1051 ſans
2001 909 2198 1051 plus.
2333 909 2395 1051 Ce
2468 909 2579 1051 qui
2641 909 2727 1051 eſt
2789 909 2912 1051 aiſé
2973 909 2986 1051 à
3059 909 3158 1051 de-

1067 1034 1430 1180 monſtrer
1479 1034 1600 1180 par
1636 1034 1684 1180 la
1745 1034 1938 1180 regle
2011 1034 2071 1180 de
2144 1034 2664 1180 Proportion:
2725 1034 3160 1180 imaginant

1062 1160 1424 1298 derechef
1462 1160 1512 1298 le
1574 1160 1936 1298 triangle,
1999 1160 2111 1298 qui
2149 1160 2161 1298 a
2224 1160 2361 1298 eſté
2436 1160 2848 1298 declarécy
2923 1160 3160 1298 deſſus

1046 1283 1235 1421 pour
1298 1283 1336 1421 la
1424 1283 1865 1421 calculation
1953 1283 2016 1421 de
2066 1283 2104 1421 la
2167 1283 2368 1421 ligne
2482 1283 2482 1421 X
2583 1283 2620 1421 G.
2746 1283 3036 1421 Diſons,
3099 1283 3149 1421 la

1033 1406 1439 1546 longueur
1501 1406 1772 1546 depuis
1858 1406 1870 1546 X
1932 1406 2252 1546 juſques
2301 1406 2363 1546 au
2461 1406 2670 1546 milieu
2769 1406 2831 1546 de
2892 1406 3163 1546 l’autre

1062 1532 1731 1668 demi-Diametre
1790 1532 1874 1668 18,
1910 1532 2101 1668 pour
2149 1532 2185 1668 la
2244 1532 2435 1668 baſe;
2495 1532 2841 1668 donnent
2901 1532 2937 1668 6,
2973 1532 3164 1668 pour

1041 1655 1078 1798 la
1153 1655 1488 1798 hauteur
1550 1655 1872 1798 juſques
1935 1655 1947 1798 à
2071 1655 2108 1798 G.
2245 1655 2654 1798 Doncques
2716 1655 2766 1798 la
2816 1655 2977 1798 baſe
3064 1655 3163 1798 de-

1042 1782 1203 1917 puis
1301 1782 1314 1917 X
1375 1782 1696 1917 juſques
1757 1782 1819 1917 au
1942 1782 2238 1917 Centre,
2287 1782 2522 1917 eſtant
2583 1782 2682 1917 12;
2719 1782 2768 1917 la
2818 1782 3163 1917 hauteur

1055 1911 1331 2040 depuis
1369 1911 1557 2040 ledit
1645 1911 1908 2040 Centre
1958 1911 2284 2040 juſques
2334 1911 2334 2040 à
2397 1911 2434 2040 la
2485 1911 2723 2040 lettre
2798 1911 2836 2040 L,
2911 1911 3049 2040 ſera
3124 1911 3162 2040 4.

1085 2034 1137 2167 Or
1202 2034 1293 2167 eſt
1358 2034 1384 2167 il
1462 2034 1592 2167 que
1631 2034 1734 2167 les
1773 2034 2033 2167 lignes
2098 2034 2358 2167 depuis
2409 2034 2461 2167 le
2565 2034 2825 2167 Centre
2864 2034 3149 2167 juſqu’à

1064 2156 1117 2291 L,
1223 2156 1223 2291 &
1290 2156 1582 2291 juſqu’à
1702 2156 1741 2291 H,
1808 2156 1967 2291 ſont
2047 2156 2286 2291 egales
2353 2156 2473 2291 par
2539 2156 2579 2291 la
2645 2156 2871 2291 prop.
2938 2156 2991 2291 4.
3044 2156 3164 2291 liv.

1047 2280 1085 2407 1.
1134 2280 1506 2407 d’Euclid.
1580 2280 1816 2407 Iceux
1890 2280 1927 2407 4.
1977 2280 2386 2407 adjouſtez
2448 2280 2497 2407 au
2584 2280 3166 2407 demi-Diame-

1049 2409 1138 2546 tre
1215 2409 1317 2546 12;
1355 2409 1394 2546 il
1470 2409 1521 2546 en
1611 2409 1815 2546 vient
1891 2409 2070 2546 pour
2134 2409 2172 2546 la
2236 2409 2440 2546 ligne
2555 2409 2555 2546 X
2670 2409 2708 2546 H,
2772 2409 2862 2546 1é.
2977 2409 3155 2546 Ainſi

1059 2531 1236 2671 donc
1312 2531 1488 2671 ceſte
1539 2531 1741 2671 ligne
1829 2531 1892 2671 de
1943 2531 1993 2671 la
2094 2531 2498 2671 Troiſieme
2561 2531 2927 2671 Inſtance
3028 2531 3167 2671 Dia-

1068 2656 1362 2784 metrale
1456 2656 1526 2784 ne
1608 2656 1737 2784 fait
1831 2656 1960 2784 que
2031 2656 2101 2784 16
2219 2656 2641 2784 Nombres;
2770 2656 2782 2784 &
2853 2656 3158 2784 l’autre,

1039 2782 1109 2906 16
1179 2782 1225 2906 97
1307 2782 1330 2906 0.
1458 2782 1912 2906 Toutesfois
1970 2782 2017 2906 la
2086 2782 2517 2906 difference
2575 2782 2622 2906 en
2715 2782 2796 2906 eſt
2854 2782 3157 2906 recom-

1041 2906 1319 3034 penſée
1365 2906 1481 3034 par
1539 2906 1666 3034 une
1724 2906 1932 3034 autre
2001 2906 2221 3034 voye,
2290 2906 2591 3034 comme
2637 2906 2672 3034 il
2718 2906 2846 3034 ſera
2927 2906 3158 3034 decla-

1043 3031 1092 3157 ré
1154 3031 1474 3157 tantoſt.
1609 3031 2297 3157 Semblablement
2347 3031 2383 3157 il
2433 3031 2445 3157 y
2506 3031 2519 3157 a
2592 3031 2654 3157 de
2703 3031 2740 3157 la
2814 3031 3170 3157 differen-

1067 3155 1120 3281 ce
1186 3155 1385 3281 entre
1438 3155 1530 3281 les
1583 3155 1835 3281 lignes
1914 3155 1927 3281 X
2033 3155 2073 3281 G,
2166 3155 2166 3281 &
2258 3155 2271 3281 X
2351 3155 2390 3281 E.
2443 3155 2642 3281 pour
2695 3155 2734 3281 la
2814 3155 3158 3281 Seconde

1052 3281 1457 3406 Inſtance:
1542 3281 1640 3406 car
1689 3281 1738 3406 la
1800 3281 2192 3406 premiere
2278 3281 2351 3406 eſt
2437 3281 2498 3406 de
2572 3281 2646 3406 18
2719 3281 2768 3406 97
2842 3281 2854 3406 0
2976 3281 3173 3406 Nom-

1037 3406 1237 3531 bres,
1319 3406 1331 3531 &
1366 3406 1636 3531 l’autre
1695 3406 1765 3531 de
1824 3406 1883 3531 19
1965 3406 2130 3531 690.
2212 3406 2271 3531 ce
2329 3406 2459 3531 que
2517 3406 2705 3531 nous
2752 3406 3164 3531 laiſſerons

1046 3531 1228 3655 pour
1277 3531 1326 3655 le
1387 3531 1691 3655 preſent
1764 3531 1813 3655 de
1886 3531 2239 3655 calculer,
2300 3531 2300 3655 à
2373 3531 2580 3655 cauſe
2641 3531 2774 3655 que
2823 3531 2872 3655 la
2945 3531 3164 3655 choſe

1036 3655 1496 3777 requerroit
1565 3655 1726 3777 trop
1818 3655 1887 3777 de
1956 3655 2336 3777 ſommes;
2417 3655 2590 3777 vous
2647 3655 3165 3777 advertiſſant

1047 3777 1548 3911 cependant,
1639 3777 1844 3911 qu’on
1958 3777 2004 3911 en
2117 3777 2482 3911 trouvera
2562 3777 2790 3911 l’iſſue
2869 3777 2983 3911 par
3063 3777 3165 3911 les

1054 3901 1244 4023 deux
1295 3901 1663 4023 triangles
1777 3901 1789 4023 G
1891 3901 1903 4023 C
2043 3901 2055 4023 .

1190 3975 1363 4146 Pour
1416 3975 1802 4146 accorder
1856 3975 1896 4146 le
1989 3975 2389 4146 different,
2442 3975 2722 4146 ſachez
2801 3975 2935 4146 que
3015 3975 3174 4146 c’eſt

1035 4137 1485 4267 l’ordinaire
1546 4137 1606 4267 de
1667 4137 1922 4267 noſtre
1995 4137 2348 4267 Exercice
2421 4137 2822 4267 d’aborder
2870 4137 2919 4267 le
3004 4137 3174 4267 Con-

1052 4263 1320 4400 traire,
1402 4263 1448 4400 en
1542 4263 1763 4400 allant
1833 4263 2230 4400 touſiours
2277 4263 2347 4400 un
2440 4263 2557 4400 peu
2627 4263 2639 4400 à
2709 4263 2930 4400 coſté,
2989 4263 3175 4400 pour

1067 4386 1296 4521 eviter
1332 4386 1380 4521 la
1440 4386 1645 4521 trace
1717 4386 1766 4521 du
1874 4386 2284 4521 Diametre,
2380 4386 2488 4521 qui
2537 4386 2633 4521 eſt
2681 4386 2862 4521 plein
2946 4386 3006 4521 de
3067 4386 3187 4521 ha-

1070 4510 1259 4642 zard,
1318 4510 1495 4642 pour
1542 4510 1649 4642 les
1719 4510 2392 4642 conſiderations,
2463 4510 2570 4642 qui
2605 4510 2865 4642 ſeront
2936 4510 3172 4642 decla-

1052 4633 1208 4774 rées
1281 4633 1738 4774 autrepart.
1871 4633 2039 4774 Dont
2112 4633 2304 4774 nous
2389 4633 2786 4774 eſtimons,
2858 4633 3015 4774 qu’il
3087 4633 3172 4774 eſt

1050 4760 1218 4893 plus
1278 4760 1712 4893 neceſſaire
1796 4760 1856 4893 de
1940 4760 2386 4893 cognoiſtre
2470 4760 2566 4893 les
2663 4760 2988 4893 meſures
3072 4760 3180 4893 des

1063 4892 1504 5010 Inſtances,
1564 4892 1683 5010 qui
1731 4892 1910 5010 vont
1994 4892 2041 5010 en
2113 4892 2483 5010 traverſe,
2554 4892 2685 5010 que
2769 4892 2984 5010 celles
3067 4892 3186 5010 qui

1068 5018 1242 5132 vont
1288 5018 1461 5132 tout
1542 5018 2028 5132 droitement
2074 5018 2178 5132 ſur
2236 5018 2629 5132 l’Ennemi
2687 5018 2802 5132 par
2860 5018 2906 5132 la
2987 5018 3172 5132 voye

1079 5131 1128 5264 du
1239 5131 1647 5264 Diametre.
1770 5131 2215 5264 Toutesfois
2289 5131 2425 5264 qu’à
2474 5131 2511 5264 la
2585 5131 2807 5264 verité
2857 5131 2894 5264 la
2980 5131 3178 5264 diffe-

1060 5265 1323 5387 rence,
1403 5265 1518 5387 qui
1563 5265 1849 5387 ſemble
1918 5265 2101 5387 eſtre
2181 5265 2387 5387 entre
2467 5265 2570 5387 ces
2672 5265 2993 5387 meſures
3073 5265 3187 5387 des

1065 5387 1480 5484 Inſtances
1563 5387 1967 5484 Secondes
2085 5387 2085 5484 &
2192 5387 2702 5484 Troiſiemes,
2762 5387 2845 5484 ne
2928 5387 3177 5484 donne

1059 5512 1279 5634 point
1352 5512 1413 5634 de
1474 5512 1901 5634 difference
1974 5512 2011 5634 en
2084 5512 2121 5634 la
2206 5512 2584 5634 Pratique.
2633 5512 2792 5634 puis
2853 5512 2987 5634 que
3036 5512 3182 5634 l’in-

1073 5635 1386 5760 egalité,
1448 5635 1560 5760 qui
1623 5635 1698 5760 eſt
1760 5635 1972 5760 entre
2010 5635 2110 5760 les
2185 5635 2372 5760 deux
2409 5635 2659 5760 lignes
2734 5635 2846 5760 des
2896 5635 3183 5760 Inſtan-

1073 5751 1178 5886 ces
1260 5751 1706 5886 Secondes,
1753 5751 1812 5886 ſe
1882 5751 2398 5886 recompenſe
2468 5751 2586 5886 par
2644 5751 2679 5886 la
2773 5751 3055 5886 diverſe
3125 5751 3184 5886 ſi-

1064 5886 1353 6003 tuation
1461 5886 1509 6003 du
1618 5886 1859 6003 corps.
1991 5886 2087 6003 Car
2160 5886 2364 6003 celuy
2437 5886 2545 6003 qui
2593 5886 2714 6003 fait
2762 5886 2858 6003 les
2918 5886 3195 6003 appro-

1085 6008 1294 6109 ches,
1375 6008 1654 6109 venant
1723 6008 1723 6109 à
1793 6008 1840 6109 la
1932 6008 2281 6109 Seconde
2362 6008 2722 6109 Inſtance
2815 6008 3187 6109 Laterale,

1068 6135 1126 6250 ſe
1196 6135 1604 6250 deſtourne
1662 6135 1837 6250 avec
1884 6135 1977 6250 les
2036 6135 2315 6250 talons,
2374 6135 2420 6250 en
2502 6135 2700 6250 ſorte
2770 6135 2933 6250 qu’il
2980 6135 3038 6250 ſe
3085 6135 3190 6250 re-

1082 6256 1235 6374 cule
1282 6256 1329 6374 le
1400 6256 1612 6374 corps
1671 6256 1800 6374 d’un
1894 6256 2083 6374 demi
2130 6256 2306 6374 pied
2365 6256 2436 6374 de
2483 6256 2883 6374 longueur
2966 6256 3013 6374 en
3095 6256 3189 6374 ar-

1075 6369 1313 6482 riere:
1433 6369 1433 6482 &
1504 6369 1730 6482 eſtant
1802 6369 1802 6482 à
1885 6369 1921 6482 la
2016 6369 2374 6482 Seconde
2445 6369 2803 6482 Inſtance
2910 6369 3196 6482 Diame-

1084 6503 1293 6626 trale,
1340 6503 1375 6626 il
1421 6503 1607 6626 tient
1653 6503 1746 6626 les
1805 6503 2048 6626 talons
2095 6503 2258 6626 plus
2304 6503 2687 6626 avancez,
2804 6503 2804 6626 &
2850 6503 2908 6626 le
2978 6503 3187 6626 corps

1089 6626 1252 6748 tout
1334 6626 1381 6748 en
1462 6626 1789 6748 pourfil:
1871 6626 1929 6748 de
1976 6626 2175 6748 ſorte
2245 6626 2373 6748 que
2420 6626 2887 6748 l’intervalle
2957 6626 3015 6748 de
3086 6626 3191 6748 ces

1106 6745 1290 6877 deux
1364 6745 1770 6877 Inſtances
1844 6745 1893 6877 en
1992 6745 2078 6877 eſt
2152 6745 2410 6877 egalée
2471 6745 2582 6877 par
2644 6745 2693 6877 la
2779 6745 3062 6877 diverſe
3124 6745 3197 6877 ſi-

1082 6869 1375 6998 tuation
1461 6869 1522 6998 de
1571 6869 1669 6998 ſon
1754 6869 1987 6998 corps.
2170 6869 2219 6998 Et
2280 6869 2513 6998 quant
2562 6869 2574 6998 à
2623 6869 2660 6998 la
2733 6869 3185 6998 difference,
