5719 7432
3481 6389 3593 6545 Our
3656 6389 4143 6545 concluſion,
4168 6389 4218 6545 le
4318 6389 4556 6545 Cercle
4631 6389 4780 6545 c’eſt
4843 6389 4893 6545 le
4955 6389 5105 6545 fon-

3447 6512 3759 6665 dement
3863 6512 3921 6665 de
4001 6512 4048 6665 la
4163 6512 4486 6665 Science
4578 6512 4694 6665 des
4798 6512 5098 6665 Armes;

3438 6639 3590 6788 c’eſt
3660 6639 3871 6788 celuy
3941 6639 4058 6788 qui
4094 6639 4293 6788 nous
4386 6639 4808 6788 deſcouvre
4890 6639 5101 6788 touts

3433 6786 3530 6909 les
3591 6786 3945 6909 dangers,
4031 6786 4140 6909 qui
4177 6786 4226 6909 ſe
4287 6786 4641 6909 peuvent
4702 6786 5105 6909 preſenter

2976 6909 3088 7047 par
3138 6909 3311 7047 tout
3349 6909 3411 7047 le
3473 6909 3821 7047 diſcours
3883 6909 4082 7047 d’une
4144 6909 4504 7047 bataille;
4566 6909 4790 7047 guide
4864 6909 4914 7047 de
4976 6909 5100 7047 nos

1418 378 1721 545 Cercle
1977 378 2256 545 N..

710 578 1104 734 Repreſentant
1152 578 1188 734 la
1248 578 1582 734 convenance
1654 578 1690 734 du
1762 578 1941 734 Cercle,
2061 578 2061 734 &
2132 578 2204 734 des
2252 578 2539 734 Inſtances,
2598 578 2706 734 avec
2766 578 2825 734 les

872 730 1225 852 Mouvements
1298 730 1323 852 de
1396 730 1725 852 l’Homme,
1786 730 1908 852 pour
1957 730 1993 852 en
2066 730 2359 852 cognoiſtre
2408 730 2444 852 la
2505 730 2700 852 juſteſſe
2786 730 2822 852 du

821 856 1017 976 Temps,
1177 856 1202 976 de
1251 856 1350 976 leur
1399 856 1669 976 portee.

1176 1017 1176 1144 V
1254 1017 1397 1144 plan
1489 1017 1554 1144 de
1619 1017 1684 1144 ce
1789 1017 2036 1144 Cercle
2141 1017 2180 1144 N.
2245 1017 2284 1144 5.
2349 1017 2506 1144 ſont
2558 1017 2818 1144 repre-

1133 1146 1452 1275 ſentées
1535 1146 1582 1275 en
1689 1146 2032 1275 premier
2103 1146 2221 1275 lieu
2316 1146 2422 1275 les
2493 1146 2813 1275 propor-

1132 1274 1336 1379 tions
1415 1274 1472 1379 de
1517 1274 1935 1379 l’homme,
2003 1274 2286 1379 toutes
2320 1274 2422 1379 les
2513 1274 2807 1379 meſmes

1148 1401 1338 1530 qu’au
1452 1401 1693 1530 Cercle
1807 1401 1845 1530 N.
1896 1401 1947 1530 1.
2010 1401 2023 1530 y
2086 1401 2314 1530 eſtant
2378 1401 2809 1530 toutesfois

662 1526 699 1655 la
761 1526 1008 1655 figure
1082 1526 1144 1655 de
1206 1526 1243 1655 la
1304 1526 1699 1655 perſonne
1774 1526 2243 1655 renverſée,
2304 1526 2354 1655 la
2428 1526 2613 1655 teſte
2687 1526 2823 1655 em-

662 1652 832 1784 bas,
929 1652 941 1784 &
989 1652 1086 1784 les
1147 1652 1365 1784 pieds
1437 1652 1486 1784 en
1559 1652 1765 1784 haut;
1813 1652 2007 1784 pour
2080 1652 2613 1784 demonſtrer,
2673 1652 2807 1784 que

655 1779 985 1909 leſdites
1055 1779 1596 1909 proportions
1678 1779 2149 1909 demeurent
2219 1779 2631 1909 touſiours
2690 1779 2819 1909 im-

690 1905 1035 2015 mobiles,
1083 1905 1238 2015 tant
1286 1905 1298 2015 à
1369 1905 1882 2015 commencer
1953 1905 2013 2015 de
2061 1905 2180 2015 l’un
2251 1905 2442 2015 bout
2513 1905 2561 2015 du
2692 1905 2823 2015 Dia-

691 2036 976 2158 metre,
1047 2036 1177 2158 que
1248 2036 1308 2158 de
1355 2036 1663 2158 l’autre.

820 2161 860 2289 Il
938 2161 1017 2289 eſt
1083 2161 1254 2289 auſſi
1359 2161 1805 2289 demonſtré
1871 2161 1989 2289 par
2042 2161 2081 2289 la
2186 2161 2449 2289 meſme
2514 2161 2816 2289 figure,

669 2287 807 2415 que
856 2287 1318 2415 l’intervalle
1393 2287 1455 2415 de
1505 2287 1542 2415 la
1630 2287 2004 2415 Premiere
2066 2287 2465 2415 Inſtance,
2515 2287 2603 2415 eſt
2665 2287 2815 2415 ega-

654 2413 714 2539 le
762 2413 775 2539 à
823 2413 859 2539 la
919 2413 1269 2539 hauteur
1330 2413 1716 2539 eſtendue
1801 2413 1861 2539 de
1921 2413 1970 2539 la
2054 2413 2489 2539 perſonne:
2573 2413 2815 2539 Pareil-

652 2540 988 2666 lement,
1048 2540 1179 2666 que
1227 2540 1694 2666 l’intervalle
1766 2540 1826 2666 de
1874 2540 1922 2666 la
1994 2540 2353 2666 Seconde
2413 2540 2808 2666 Inſtance,

672 2664 758 2792 eſt
820 2664 1029 2792 egale
1078 2664 1091 2792 à
1140 2664 1189 2792 la
1238 2664 1534 2792 ſtature
1607 2664 2001 2792 naturelle
2099 2664 2149 2792 du
2247 2664 2469 2792 corps
2555 2664 2825 2792 depuis

653 2792 691 2919 la
754 2792 1020 2919 plante
1095 2792 1209 2919 des
1260 2792 1475 2919 pieds
1525 2792 1867 2919 juſqu’au
1930 2792 2272 2919 ſommet
2347 2792 2411 2919 de
2461 2792 2499 2919 la
2562 2792 2803 2919 teſte:

685 2918 735 3024 Et
785 2918 1258 3024 l’intervalle
1333 2918 1395 3024 de
1445 2918 1483 3024 la
1582 2918 2031 3024 Troiſieſme
2081 2918 2081 3024 à
2143 2918 2180 3024 la
2242 2918 2579 3024 hauteur
2654 2918 2716 3024 de
2766 2918 2816 3024 la

657 3043 1037 3167 poitrine;
1086 3043 1392 3167 comme
1441 3043 1600 3167 auſſi
1649 3043 1686 3167 il
1735 3043 1735 3167 a
1808 3043 1943 3167 eſté
2017 3043 2457 3167 demonſtré
2519 3043 2813 3167 auCer-

664 3172 746 3288 cle
805 3172 1287 3288 precedent.

753 3295 802 3427 Il
863 3295 875 3427 y
924 3295 936 3427 a
1009 3295 1446 3427 davantage
1519 3295 1568 3427 en
1653 3295 1908 3427 ceſtuy
1981 3295 2042 3427 cy
2102 3295 2285 3427 trois
2345 3295 2819 3427 eſcriteaux,

672 3420 776 3550 qui
834 3420 1007 3550 vont
1076 3420 1122 3550 en
1192 3420 1423 3550 rond.
1481 3420 1538 3550 Le
1596 3420 1966 3550 premier,
2012 3420 2439 3550 coſtoyant
2486 3420 2705 3550 toute
2763 3420 2797 3550 la

686 3544 1350 3675 Circonference,
1452 3544 1452 3675 &
1516 3544 1912 3675 ſignifiant
1989 3544 2142 3675 qu’il
2206 3544 2295 3675 eſt
2346 3544 2653 3675 loiſible
2742 3544 2806 3675 de

673 3672 1022 3798 mouvoir
1067 3672 1123 3798 le
1168 3672 1337 3798 bras
1405 3672 1664 3798 entier,
1709 3672 1901 3798 pour
1979 3672 2216 3798 mener
2261 3672 2374 3798 ſur
2419 3672 2802 3798 l’Ennemi

645 3794 723 3920 un
824 3794 1003 3920 coup
1104 3794 1160 3920 de
1238 3794 1440 3920 taille
1529 3794 1798 3920 depuis
1843 3794 1888 3920 la
1966 3794 2347 3920 Premiere
2414 3794 2806 3920 Inſtance.

681 3918 740 4036 Le
800 3918 1122 4036 ſecond,
1193 3918 1312 4036 qui
1372 3918 1455 4036 eſt
1515 3918 1729 4036 celuy
1801 3918 1848 4036 du
1956 3918 2242 4036 milieu,
2313 3918 2670 4036 contient
2730 3918 2778 4036 en

641 4037 1105 4161 ſubſtance,
1175 4037 1372 4161 qu’on
1441 4037 1522 4161 ne
1592 4037 1731 4161 doit
1824 4037 2172 4161 mouvoir
2241 4037 2369 4161 que
2438 4037 2485 4161 le
2554 4037 2798 4161 coude

655 4163 807 4284 tant
878 4163 1359 4284 ſeulement,
1418 4163 1605 4284 pour
1652 4163 1828 4284 faire
1875 4163 1934 4284 le
2016 4163 2274 4284 meſme
2333 4163 2333 4284 à
2392 4163 2427 4284 la
2521 4163 2802 4284 Secon-

675 4282 763 4414 de.
889 4282 926 4414 Et
977 4282 1027 4414 le
1090 4282 1569 4414 troiſieſme,
1657 4282 1770 4414 qui
1833 4282 2173 4414 reſpond
2236 4282 2803 4414 pareillement

649 4406 749 4535 ſur
799 4406 849 4535 la
937 4406 1387 4535 Troiſieſme
1449 4406 1850 4535 Inſtance,
1912 4406 2112 4535 qu’en
2175 4406 2400 4535 icelle
2462 4406 2525 4535 on
2600 4406 2687 4535 ne
2750 4406 2800 4535 le

649 4537 835 4672 peut
909 4537 1157 4672 faire,
1231 4537 1429 4672 ſinon
1516 4537 1974 4672 ſeulement
2061 4537 2110 4672 du
2197 4537 2531 4672 poignet
2630 4537 2692 4672 de
2754 4537 2791 4672 la

681 4668 879 4787 main.
961 4668 1066 4787 Car
1124 4668 1404 4787 encore
1486 4668 1614 4787 que
1661 4668 1929 4787 l’eſpee
2046 4668 2046 4787 &
2104 4668 2151 4787 le
2209 4668 2372 4787 bras
2454 4668 2804 4787 montent

659 4787 704 4904 en
784 4787 966 4904 haut
1022 4787 1204 4904 avec
1250 4787 1318 4904 un
1420 4787 1875 4904 mouvemẽt
1932 4787 2261 4904 violent,
2296 4787 2318 4904 ſi
2387 4787 2466 4904 eſt
2534 4787 2602 4904 ce
2671 4787 2796 4904 que

648 4913 697 5044 le
783 4913 1005 5044 corps
1091 4913 1461 5044 demeure
1534 4913 1867 5044 eſloigné
1941 4913 2199 5044 tandis
2261 4913 2421 5044 qu’il
2495 4913 2581 5044 eſt
2642 4913 2692 5044 en
2766 4913 2803 5044 ſa

676 5038 1054 5164 Premiere
1128 5038 1531 5164 Inſtance;
1628 5038 1640 5164 &
1714 5038 1958 5164 quand
2007 5038 2288 5164 l’eſpee
2349 5038 2544 5164 vient
2605 5038 2605 5164 à
2703 5038 2813 5164 de-

650 5163 1030 5290 ſcendre,
1078 5163 1113 5290 il
1161 5163 1612 5290 s’avance&
1671 5163 2123 5290 approche,
2194 5163 2348 5290 mais
2420 5163 2574 5290 c’eſt
2622 5163 2800 5290 avec

648 5288 1090 5424 l’avantage
1183 5288 1230 5424 du
1346 5288 1858 5424 mouvement
1928 5288 2289 5424 naturel,
2370 5288 2475 5424 qui
2533 5288 2626 5424 eſt
2696 5288 2813 5424 ba-

652 5419 851 5549 ſtant
909 5419 909 5549 à
968 5419 1283 5549 rompre
1412 5419 1424 5549 &
1517 5419 1810 5549 domter
1868 5419 2137 5549 toutes
2195 5419 2301 5549 les
2359 5419 2804 5549 entreprin-

653 5542 750 5647 ſes
822 5542 1293 5647 contraires.
1414 5542 1547 5647 Mais
1595 5542 1607 5647 à
1656 5542 1704 5647 la
1777 5542 2175 5647 Seconde,
2272 5542 2272 5647 &
2357 5542 2804 5647 Troiſieſme

669 5679 1033 5798 Inſtance
1093 5679 1154 5798 le
1239 5679 1457 5798 corps
1529 5679 1614 5798 eſt
1687 5679 1711 5798 ſi
1784 5679 2014 5798 pres,
2099 5679 2232 5798 que
2293 5679 2462 5798 tout
2535 5679 2802 5798 autant

685 5796 834 5927 qu’il
883 5796 933 5927 ſe
1007 5796 1478 5927 deſcouvre,
1577 5796 1577 5927 &
1639 5796 1911 5927 autant
1998 5796 2060 5927 de
2134 5796 2394 5927 temps
2481 5796 2642 5927 qu’il
2704 5796 2815 5927 ac-

670 5927 892 6044 corde
951 5927 962 6044 à
1033 5927 1126 6044 ſon
1267 5927 1653 6044 Contraire
1723 5927 1793 6044 de
1875 5927 2051 6044 faire
2133 5927 2472 6044 quelque
2554 5927 2800 6044 entre-

665 6050 932 6177 prinſe,
990 6050 1049 6177 ce
1107 6050 1269 6177 ſont
1339 6050 1502 6177 tout
1583 6050 1850 6177 autant
1931 6050 2001 6177 de
2082 6050 2408 6177 dangers
2466 6050 2803 6177 inevita-

661 6172 858 6303 bles,
920 6172 969 6303 où
1030 6172 1067 6303 il
1117 6172 1166 6303 ſe
1215 6172 1597 6303 hazarde.
1671 6172 1720 6303 Et
1769 6172 2114 6303 partant,
2175 6172 2225 6303 en
2286 6172 2483 6303 l’une
2532 6172 2569 6303 il
2619 6172 2803 6303 n’eſt

660 6300 957 6433 permis
1028 6300 1087 6433 de
1171 6300 1515 6433 mouvoir
1586 6300 1705 6433 que
1764 6300 1812 6433 le
1895 6300 2192 6433 coude,
2322 6300 2322 6433 &
2406 6300 2453 6433 en
2536 6300 2797 6433 l’autre

664 6435 790 6559 non
865 6435 1028 6559 plus
1091 6435 1229 6559 que
1279 6435 1330 6559 le
1392 6435 1769 6559 poignet.

878 6549 930 6678 La
1047 6549 1398 6678 diverſité
1463 6549 1814 6678 procede
1905 6549 1970 6678 de
2061 6549 2477 6678 l’inegalité
2568 6549 2633 6678 de
2698 6549 2814 6678 l’e-

666 6683 878 6810 ſpace
949 6683 1068 6810 qui
1150 6683 1517 6810 demeure
1600 6683 1801 6810 entre
1860 6683 1955 6810 les
2037 6683 2227 6810 deux
2321 6683 2794 6810 Contraires,

664 6805 964 6938 ſuivant
1011 6805 1358 6938 laquelle
1406 6805 1466 6938 on
1538 6805 1550 6938 a
1598 6805 1765 6938 plus
1825 6805 1885 6938 ou
1981 6805 2208 6938 moins
2268 6805 2328 6938 de
2376 6805 2567 6938 loiſir
2615 6805 2806 6938 pour

688 6930 1018 7062 changer
1081 6930 1132 7062 où
1247 6930 1590 7062 moderer
1640 6930 1742 7062 ſes
1818 6930 2403 7062 mouvements.
2555 6930 2669 7062 Qui
2733 6930 2809 7062 eſt

3133 6022 3258 6118 DE
3431 6022 4422 6118 L’EXCELLENCE
4580 6022 4690 6118 ET
4863 6022 5004 6118 DI-

3237 6158 3523 6234 GNITE
3660 6158 3735 6234 DE
3859 6158 3946 6234 CE
4045 6158 4493 6234 PRESENT
4617 6158 4990 6234 CERCLE

3237 6273 3325 6347 EN
3451 6273 3677 6347 CEST
3803 6273 4331 6347 EXERCICE.

4799 7068 5105 7127 mouve-

2989 389 3066 519 un
3130 389 3807 519 advertiſſement
3871 389 4177 519 general
4228 389 4279 519 au
4369 389 4714 519 diſciple,
4765 389 4880 519 afin
4969 389 5122 519 qu’il

2985 512 3616 641 n’entreprenne
3677 512 3956 641 jamais
4041 512 4102 641 de
4151 512 4381 641 faire,
4466 512 4515 641 ce
4600 512 4721 641 qui
4782 512 4867 641 ne
4940 512 5122 641 peut

2994 640 3247 771 reuſſir
3296 640 3308 771 à
3368 640 3597 771 bien,
3657 640 3778 771 que
3838 640 3947 771 par
4019 640 4357 771 hazard;
4465 640 4477 771 &
4550 640 4598 771 en
4694 640 4960 771 toutes
5020 640 5128 771 les

3026 755 3470 898 Diſtances,
3531 755 3581 898 où
3642 755 3679 898 il
3741 755 3790 898 ſe
3864 755 4185 898 trouve,
4259 755 4419 898 qu’il
4481 755 4530 898 ſe
4604 755 4876 898 tienne
4925 755 5134 898 touſ-

2978 897 3190 1023 iours
3249 897 3354 1023 ſur
3401 897 3507 1023 ſes
3566 897 3871 1023 gardes,
3930 897 4118 1023 pour
4165 897 4247 1023 ne
4306 897 4835 1023 commencer
4905 897 5117 1023 choſe

3003 1019 3114 1153 qui
3176 1019 3263 1153 ne
3325 1019 3461 1153 ſoit
3535 1019 3993 1153 conjoine
4068 1019 4241 1153 avec
4303 1019 4823 1153 aſſeurance.
4972 1019 5021 1153 Or
5083 1019 5120 1153 il

2985 1149 3164 1278 vaut
3211 1149 3247 1278 la
3307 1149 3533 1278 peine
3605 1149 3664 1278 de
3760 1149 4094 1278 declarer
4165 1149 4356 1278 ceſte
4463 1149 4761 1278 matiere
4821 1149 4881 1278 un
4976 1149 5095 1278 peu

2997 1276 3634 1397 diſtinement.

3157 1393 3328 1534 Nous
3389 1393 3632 1534 avons
3693 1393 3803 1534 dit,
3864 1393 3998 1534 que
4059 1393 4278 1534 celuy
4363 1393 4473 1534 qui
4522 1393 4717 1534 nous
4778 1393 4948 1534 veut
5022 1393 5119 1534 at-

2980 1529 3289 1662 teindre
3380 1529 3650 1662 depuis
3702 1529 3754 1662 la
3844 1529 4218 1662 Premiere
4296 1529 4708 1662 Inſtance,
4773 1529 4941 1662 qu’il
4992 1529 5121 1662 luy

2993 1659 3361 1788 convient
3420 1659 3752 1788 avancer
3811 1659 3847 1788 ſa
3918 1659 4238 1788 poine
4321 1659 4463 1788 dela
4523 1659 4938 1788 longueur
5021 1659 5127 1788 en-

2977 1783 3168 1916 tiere
3232 1783 3295 1916 de
3346 1783 3613 1916 noſtre
3664 1783 3855 1916 bras:
3919 1783 4021 1916 qui
4084 1783 4173 1916 eſt
4224 1783 4364 1916 une
4428 1783 4670 1916 eſpace
4721 1783 5128 1916 ſigrande,

2995 1911 3187 2038 qu’on
3271 1911 3283 2038 y
3331 1911 3343 2038 a
3391 1911 3596 2038 loiſir
3656 1911 3728 2038 de
3776 1911 4101 2038 tourner
4209 1911 4221 2038 &
4281 1911 4461 2038 virer
4509 1911 4557 2038 le
4617 1911 4774 2038 bras
4846 1911 5110 2038 entier,

3038 2033 3038 2165 &
3124 2033 3357 2165 mener
3443 2033 3701 2165 meſme
3738 2033 3787 2165 la
3873 2033 4021 2165 main
4095 2033 4205 2165 par
4279 2033 4513 2165 deſſus
4562 2033 4599 2165 la
4660 2033 4881 2165 teſte,
4967 2033 4967 2165 &
5041 2033 5115 2165 de

2991 2160 3321 2291 changer
3369 2160 3773 2291 touſiours
3834 2160 3834 2291 à
3895 2160 4151 2291 temps
4213 2160 4396 2291 pour
4457 2160 4921 2291 empeſcher
4970 2160 5117 2291 l’ef-

2977 2289 3075 2422 fet
3161 2289 3222 2422 de
3295 2289 3845 2422 l’entreprinſe
3918 2289 3967 2422 du
4077 2289 4517 2422 Contraire,
4590 2289 4810 2422 avant
4884 2289 5018 2422 que
5067 2289 5103 2422 ſa

2976 2415 3246 2551 pointe
3320 2415 3553 2551 puiſſe
3614 2415 3946 2551 achever
4019 2415 4154 2551 une
4204 2415 4240 2551 ſi
4277 2415 4572 2551 longue
4645 2415 4940 2551 courſe.

3122 2540 3147 2675 A
3196 2540 3232 2675 la
3318 2540 3673 2675 Seconde
3734 2540 4101 2675 Inſtance
4150 2540 4345 2675 pour
4394 2540 4737 2675 toucher
4785 2540 4847 2675 le
4908 2540 5128 2675 corps

2987 2665 3411 2799 contraire,
3459 2665 3495 2799 il
3532 2665 3616 2799 ne
3665 2665 3822 2799 faut
3895 2665 4342 2799 qu’environ
4427 2665 4487 2799 un
4572 2665 4741 2799 pied
4826 2665 4886 2799 de
4959 2665 5116 2799 lon-

2996 2790 3250 2934 gueur;
3300 2790 3364 2934 de
3415 2790 3631 2934 façon
3720 2790 3872 2934 qu’il
3923 2790 4101 2934 n’eſt
4151 2790 4266 2934 pas
4317 2790 4609 2934 loiſible
4685 2790 4736 2934 en
4799 2790 4876 2934 un
4952 2790 5117 2934 dan-

2990 2919 3101 3062 ger
3150 2919 3187 3062 ſi
3236 2919 3555 3062 evident
3628 2919 4021 3062 d’eſcarter
4070 2919 4107 3062 la
4205 2919 4340 3062 main
4426 2919 4610 3062 hors
4684 2919 4745 3062 de
4806 2919 5113 3062 preſen-

2985 3044 3079 3177 ce,
3149 3044 3442 3177 comme
3489 3044 3524 3177 il
3583 3044 3630 3177 en
3712 3044 4029 3177 advient
4111 3044 4357 3177 quand
4428 3044 4486 3177 on
4569 3044 4604 3177 la
4662 3044 5120 3177 tranſporte

2971 3172 3156 3300 avec
3213 3172 3271 3300 le
3364 3172 3884 3300 mouvement
3965 3172 4011 3300 du
4104 3172 4278 3300 bras
4347 3172 4624 3300 entier.
4763 3172 5110 3300 Parquoy

2987 3296 3170 3425 pour
3243 3296 3633 3425 s’aſſeurer
3719 3296 3975 3425 contre
4036 3296 4146 3425 les
4195 3296 4658 3425 ſurprinſes,
4707 3296 4744 3425 il
4805 3296 4903 3425 n’y
4951 3296 5110 3425 faut

2981 3421 3193 3549 point
3241 3421 3418 3549 faire
3489 3421 3559 3549 de
3607 3421 3772 3549 plus
3831 3421 4103 3549 grands
4174 3421 4788 3549 mouvements,
4847 3421 4977 3549 que
5024 3421 5107 3549 ne

2978 3545 3145 3673 ſont
3205 3545 3395 3673 ceux
3479 3545 3598 3673 qui
3646 3545 4100 3673 procedent
4171 3545 4219 3673 du
4302 3545 4577 3673 coude,
4637 3545 4684 3673 en
4768 3545 4780 3673 y
4839 3545 5114 3673 appor-

2966 3666 3124 3792 tant
3208 3666 3511 3792 meſmes
3559 3666 3595 3792 la
3668 3666 4285 3792 circonſpeion
4358 3666 4696 3792 requiſe;
4769 3666 4830 3792 de
4902 3666 5108 3792 quoy

2963 3789 3106 3914 ſera
3166 3789 3369 3914 parlé
3417 3789 3584 3914 plus
3643 3789 4157 3914 exaement
4228 3789 4276 3914 en
4336 3789 4384 3914 la
4467 3789 4849 3914 Pratique.

3112 3909 3124 4038 A
3185 3909 3222 4038 la
3296 3909 3749 4038 Troiſieſme
3810 3909 4165 4038 Inſtance
4227 3909 4276 4038 on
4361 3909 4447 4038 eſt
4496 3909 4778 4038 atteint
4839 3909 5011 4038 avec
5060 3909 5121 4038 le

2996 4033 3325 4163 moindre
3384 4033 3924 4163 avancement
3995 4033 4042 4163 du
4147 4033 4441 4163 monde.
4535 4033 4711 4163 Dont
4758 4033 4793 4163 il
4840 4033 5110 4163 appert

2972 4159 3470 4287 clairement,
3557 4159 3743 4287 qu’en
3818 4159 3967 4287 une
4029 4159 4067 4287 ſi
4116 4159 4365 4287 petite
4452 4159 4788 4287 diſtance
4850 4159 4887 4287 il
4949 4159 5123 4287 n’eſt

2958 4286 3523 4435 aucunement
3578 4286 3866 4435 permis
3932 4286 3999 4435 de
4043 4286 4220 4435 faire
4276 4286 4497 4435 autre
4597 4286 5106 4435 mouvement

2957 4413 3140 4536 avec
3201 4413 3530 4536 l’eſpee,
3616 4413 3750 4536 que
3835 4413 3884 4536 du
3981 4413 4311 4536 poignet
4384 4413 4542 4536 tant
4603 4413 5103 4536 ſeulement:

2969 4537 3067 4662 car
3117 4537 3153 4662 ſi
3215 4537 3264 4662 on
3338 4537 3387 4662 ſe
3448 4537 3817 4662 forligne,
3866 4537 4051 4662 pour
4112 4537 4235 4662 peu
4321 4537 4444 4662 que
4518 4537 4579 4662 ce
4628 4537 4813 4662 ſoit,
4899 4537 4960 4662 on
5034 4537 5108 4662 ne

2963 4662 3231 4787 pourra
3313 4662 3546 4787 eviter
3628 4662 3686 4787 de
3768 4662 4130 4787 recevoir
4188 4662 4632 4787 l’atteinte,
4702 4662 4737 4787 ſi
4795 4662 4842 4787 le
4947 4662 5122 4787 Con-

2963 4787 3185 4914 traire
3247 4787 3493 4914 prend
3542 4787 3801 4914 bonne
3863 4787 4084 4914 garde
4134 4787 4146 4914 à
4195 4787 4651 4914 l’occaſion,
4700 4787 4811 4914 qui
4860 4787 4984 4914 luy
5045 4787 5094 4914 en

2981 4912 3070 5031 eſt
3147 4912 3504 5031 donnée.

3127 5026 3191 5168 Ce
3269 5026 3397 5168 que
3449 5026 3655 5168 nous
3719 5026 3964 5168 diſons
4041 5026 4144 5168 des
4234 5026 4466 5168 coups
4556 5026 4621 5168 de
4672 5026 4917 5168 taille,
4994 5026 5123 5168 ſoit

2965 5163 3147 5292 auſsi
3219 5163 3559 5292 entendu
3632 5163 3632 5292 à
3692 5163 4141 5292 l’advenant
4226 5163 4347 5292 des
4420 5163 4881 5292 eſtocades.
5014 5163 5111 5292 Car

2967 5287 3129 5421 c’eſt
3191 5287 3800 5421 l’obſervation,
3862 5287 3973 5421 qui
4036 5287 4234 5421 nous
4321 5287 4570 5421 donne
4632 5287 4980 5421 l’adreſſe
5042 5287 5104 5421 de

2987 5416 3333 5545 moderer
3391 5416 3599 5545 touts
3645 5416 3749 5545 les
3830 5416 4395 5545 mouvements
4442 5416 4453 5545 à
4499 5416 4950 5545 l’advenant
5031 5416 5077 5545 du

2969 5544 3272 5666 temps.
