5719 7432
1016 3155 1136 3254 DE
1256 3155 1362 3254 LA
1467 3155 1828 3254 IVSTE
1948 3155 2671 3254 LONGVEVR
2806 3155 2911 3254 DE

1118 3291 1478 3374 L’ESPEE,
1563 3291 1719 3374 QVE
1815 3291 2308 3374 CHASCVN
2417 3291 2621 3374 DOIT
2705 3291 2898 3374 POR-

1117 3400 1282 3487 TER
1388 3400 1636 3487 POVR
1730 3400 1813 3487 SA
1943 3400 2426 3487 DEFENSE,
2532 3400 2626 3487 AC
2709 3400 2909 3487 COR-

1122 3508 1438 3593 DANTE
1578 3508 1812 3593 AVEC
1952 3508 2081 3593 LES
2233 3508 2677 3593 MEMBRES
2817 3508 2899 3593 DE

1094 3616 1279 3685 SON
1395 3616 1731 3685 CORPS.

3175 400 3530 528 diſtance,
3579 400 3713 528 que
3762 400 3873 528 par
3921 400 4227 528 aucune
4289 400 4509 528 vraye
4582 400 5133 528 demõſtration
5219 400 5292 528 de

3166 517 3518 649 Science.
3632 517 3682 649 Et
3732 517 3908 649 telle
3971 517 4059 649 eſt
4097 517 4462 649 l’opinion
4563 517 4625 649 de
4688 517 4877 649 ceux
4940 517 5053 649 qui
5116 517 5280 649 veu-

3150 649 3347 778 lent,
3409 649 3532 778 que
3581 649 3692 778 les
3729 649 3975 778 lames
4037 649 4357 778 doivent
4419 649 4603 778 eſtre
4690 649 4936 778 egales
4997 649 5010 778 à
5096 649 5281 778 deux

3150 774 3310 900 bras
3372 774 3716 900 entiers,
3778 774 3840 900 de
3889 774 4086 900 ſorte
4172 774 4283 900 que
4357 774 4394 900 la
4467 774 4738 900 pointe
4824 774 5058 900 eſtant
5144 774 5280 900 miſe

3149 897 3161 1028 à
3222 897 3417 1028 coſté
3490 897 3551 1028 de
3612 897 3990 1028 l’homme
4075 897 4124 1028 en
4209 897 4441 1028 terre,
4490 897 4539 1028 le
4599 897 5014 1028 pommeau
5124 897 5185 1028 de
5233 897 5270 1028 la

3167 1026 3382 1159 garde
3420 1026 3547 1159 luy
3610 1026 3876 1159 vienne
3940 1026 3940 1159 à
4003 1026 4345 1159 toucher
4383 1026 4763 1159 l’aixelle;
4851 1026 4965 1159 qui
5041 1026 5130 1159 eſt
5206 1026 5257 1159 en

3160 1155 3343 1280 effet
3408 1155 3736 1280 pluſtoſt
3801 1155 3841 1280 la
3919 1155 4325 1280 longueur
4404 1155 4535 1280 d’un
4653 1155 5072 1280 Eſpadon,
5150 1155 5281 1280 que

3165 1276 3361 1404 d’une
3471 1276 3740 1404 Eſpee:
3826 1276 4034 1404 outre
4119 1276 4181 1404 ce
4266 1276 4523 1404 qu’elle
4596 1276 4731 1404 ſera
4804 1276 5294 1404 neceſſaire-

3178 1401 3349 1527 ment
3429 1401 3624 1527 auſsi
3715 1401 4115 1527 malſeante
4252 1401 4252 1527 &
4332 1401 4938 1527 incommode,
5018 1401 5178 1527 tant
5258 1401 5269 1527 à

3153 1528 3413 1655 porter
3472 1528 3531 1655 au
3637 1528 3897 1655 coſté,
3968 1528 4098 1655 que
4180 1528 4358 1655 pour
4440 1528 4606 1655 tirer
4676 1528 4854 1655 hors
4936 1528 4984 1655 du
5066 1528 5279 1655 four-

3152 1654 3380 1783 reau,
3452 1654 3752 1783 comme
3836 1654 4316 1783 dangereuſe
4448 1654 4448 1783 &
4532 1654 4652 1783 peu
4760 1654 5121 1783 maniable
5205 1654 5253 1783 en

3141 1776 3452 1905 l’uſage.

3300 1894 3613 2032 Laiſſant
3700 1894 3875 2032 donc
3950 1894 4563 2032 preſentement
4638 1894 4638 2032 à
4725 1894 4925 2032 coſté
5000 1894 5275 2032 toutes

3138 2032 3397 2156 autres
3476 2032 4173 2156 conſiderations,
4252 2032 4454 2156 qu’on
4544 2032 4916 2156 pourroit
5017 2032 5276 2156 mettre

3161 2154 3198 2282 en
3271 2154 3491 2282 avant
3564 2154 3955 2282 touchant
4004 2154 4041 2282 la
4126 2154 4346 2282 vraye
4493 2154 4737 2282 Meſure
4810 2154 4884 2282 de
4945 2154 5287 2282 l’Eſpee,

3139 2277 3477 2405 horsmis
3540 2277 3715 2405 celle
3777 2277 3840 2405 de
3890 2277 4165 2405 l’uſage
4278 2277 4278 2405 &
4340 2277 4390 2405 du
4491 2277 4966 2405 maniement
5016 2277 5066 2405 le
5116 2277 5279 2405 plus

3162 2403 3571 2533 commode
3683 2403 3695 2533 &
3745 2403 3795 2533 le
3844 2403 4018 2533 plus
4067 2403 4613 2533 avantageux;
4663 2403 4712 2533 je
4787 2403 4874 2533 di,
4948 2403 5109 2533 qu’il
5184 2403 5196 2533 y
5271 2403 5271 2533 a

3155 2529 3273 2655 des
3343 2529 3741 2655 occaſions
3812 2529 3976 2655 plus
4046 2529 4503 2655 favorables
4573 2529 4761 2655 pour
4831 2529 4937 2655 les
5019 2529 5276 2655 eſpees

3136 2653 3518 2782 longues,
3616 2653 3628 2782 &
3702 2653 3813 2782 des
3862 2653 4120 2782 autres
4194 2653 4293 2782 qui
4342 2653 4391 2782 le
4465 2653 4625 2782 ſont
4698 2653 4858 2782 plus
4932 2653 5117 2782 pour
5178 2653 5277 2782 les

3162 2777 3521 2907 courtes.
3682 2777 3731 2907 Et
3806 2777 3917 2907 par
3991 2777 4140 2907 tant
4214 2777 4301 2907 s’il
4375 2777 4462 2907 eſt
4574 2777 4908 2907 queſtion
5019 2777 5081 2907 de
5156 2777 5267 2907 luy

3144 2901 3474 3031 aſsigner
3545 2901 3686 3031 une
3781 2901 4087 3031 meſure,
4146 2901 4311 3031 qu’il
4358 2901 4405 3031 la
4476 2901 4629 3031 faut
4724 2901 4983 3031 mettre
5065 2901 5277 3031 entre

3135 3026 3242 3154 les
3301 3026 3491 3154 deux
3551 3026 3979 3154 extremes,
4015 3026 4050 3154 ſi
4098 3026 4252 3154 bien
4348 3026 4597 3154 qu’elle
4645 3026 4776 3154 ſoit
4859 3026 5275 3154 mediocre;

3141 3152 3266 3284 non
3346 3152 3505 3284 trop
3585 3152 3847 3284 courte
3915 3152 4176 3284 contre
4233 3152 4336 3284 les
4415 3152 4666 3284 eſpees
4734 3152 5132 3284 longues,
5200 3152 5280 3284 ne

3149 3276 3649 3407 pareillemẽt
3697 3276 3864 3407 trop
3912 3276 4210 3407 longue
4281 3276 4544 3407 contre
4591 3276 4699 3407 les
4758 3276 5008 3407 eſpees
5080 3276 5295 3407 cour-

3146 3401 3306 3527 tes,
3432 3401 3432 3527 &
3500 3401 3763 3527 qu’elle
3832 3401 3969 3527 ſoit
4049 3401 4095 3527 en
4175 3401 4449 3527 toutes
4529 3401 4930 3527 occaſions
5021 3401 5284 3527 mania-

3144 3514 3254 3649 ble
3303 3514 3315 3649 à
3364 3514 3706 3649 ſouhait.
3828 3514 3877 3649 Et
3951 3514 4110 3649 puis
4195 3514 4342 3649 qu’il
4391 3514 4550 3649 faut
4599 3514 5283 3649 neceſſairement

3164 3649 3425 3773 qu’une
3496 3649 3673 3773 telle
3744 3649 4147 3773 longueur
4230 3649 4361 3773 ſoit
4432 3649 5083 3773 proportionnée
5154 3649 5166 3773 à
5237 3649 5285 3773 la

3148 3766 3458 3880 perſonn
3624 3766 3697 3880 mc
3738 3766 3914 3880 ſme,
3966 3766 4163 3880 nous
4205 3766 4495 3880 l’avons
4567 3766 4744 3880 tirée
4878 3766 4878 3880 &
4961 3766 5283 3880 demon-

3141 3880 3330 4017 ſtrée
3389 3880 3565 4017 hors
3624 3880 3695 4017 de
3742 3880 3777 4017 la
3872 3880 4142 4017 meſure
4213 3880 4272 4017 de
4319 3880 4425 4017 ſon
4507 3880 4778 4017 corps;
4884 3880 4884 4017 &
4955 3880 5285 4017 voulons

3154 4009 3284 4139 que
3355 4009 3661 4139 chaſcun
3732 4009 3814 4139 ait
3861 4009 3968 4139 ſes
4015 4009 4262 4139 armes
4309 4009 5016 4139 proportionnées
5064 4009 5075 4139 à
5122 4009 5287 4139 l’ad-

3157 4132 3431 4257 venant
3503 4132 3562 4257 de
3622 4132 3658 4257 ſa
3718 4132 4004 4257 propre
4052 4132 4505 4257 perſonne.
4648 4132 4827 4257 Dont
4875 4132 4911 4257 la
5006 4132 5281 4257 meſure

3162 4254 3226 4387 de
3277 4254 3568 4387 l’Eſpee
3619 4254 3759 4387 ſera
3822 4254 4025 4387 telle,
4089 4254 4228 4387 que
4279 4254 4317 4387 la
4381 4254 4787 4387 longueur
4875 4254 4939 4387 de
4990 4254 5028 4387 ſa
5091 4254 5281 4387 lame

3162 4380 3430 4521 depuis
3469 4380 3507 4521 la
3571 4380 3839 4521 pointe
3890 4380 4222 4521 juſques
4285 4380 4285 4521 à
4362 4380 4400 4521 la
4490 4380 4809 4521 croiſee,
4873 4380 5000 4521 ſoit
5077 4380 5281 4521 egale

3141 4505 3201 4641 au
3285 4505 3477 4641 demi
3561 4505 3994 4641 Diametre;
4054 4505 4210 4641 c’eſt
4258 4505 4630 4641 aſſavoir,
4715 4505 4847 4641 que
4895 4505 4931 4641 la
5015 4505 5279 4641 pointe

3148 4628 3388 4757 eſtant
3467 4628 3604 4757 miſe
3672 4628 3718 4757 en
3798 4628 3991 4757 terre
4071 4628 4276 4757 entre
4344 4628 4401 4757 le
4481 4628 4709 4757 creux
4777 4628 4834 4757 de
4903 4628 5005 4757 ſes
5085 4628 5278 4757 deux

3145 4757 3414 4888 pieds,
3451 4757 3561 4888 les
3610 4757 4001 4888 branches
4086 4757 4147 4888 de
4209 4757 4257 4888 la
4343 4757 4563 4888 garde
4624 4757 4746 4888 luy
4832 4757 5210 4888 viennent
5272 4757 5284 4888 à

3146 4882 3570 5006 reſpondre
3619 4882 4067 5006 juſtement
4115 4882 4224 5006 ſur
4260 4882 4309 5006 la
4369 4882 4708 5006 hauteur
4781 4882 4829 5006 du
4902 4882 5277 5006 nombril;

3166 5006 3369 5143 cõme
3420 5006 3458 5143 il
3497 5006 3548 5143 ſe
3611 5006 3751 5143 voit
3815 5006 4158 5143 exprimé
4209 5006 4273 5143 au
4387 5006 4616 5143 Cercle
4731 5006 4833 5143 N.1.
4922 5006 4960 5143 Et
5011 5006 5062 5143 le
5113 5006 5278 5143 plus

3161 5130 3663 5262 exaement
3723 5130 3926 5262 qu’on
3986 5130 4034 5262 le
4093 5130 4368 5262 pourra
4428 5130 4870 5262 pratiquer,
4918 5130 4978 5262 ce
5026 5130 5169 5262 ſera
5217 5130 5277 5262 le

3179 5255 3544 5381 meilleur,
3613 5255 3795 5381 pour
3887 5255 4207 5381 diverſes
4275 5255 4629 5381 raiſons;
4720 5255 4892 5381 dont
4960 5255 5154 5381 nous
5223 5255 5280 5381 a-

3151 5381 3332 5522 vons
3417 5381 3526 5522 mis
3562 5381 3672 5522 icy
3732 5381 3841 5522 par
3902 5381 4277 5522 proviſion
4374 5381 4483 5522 ces
4568 5381 4677 5522 dix
4750 5381 5041 5522 petites
5089 5381 5283 5522 figu-

3137 5504 3268 5642 res,
3339 5504 3732 5642 marquées
3803 5504 3863 5642 de
3911 5504 4196 5642 lettres
4244 5504 4542 5642 ſuivant
4589 5504 4863 5642 l’ordre
4911 5504 5292 5642 alphabe-

3143 5630 3358 5766 tique
3434 5630 3699 5766 depuis
3737 5630 3838 5766 l’A
3901 5630 4230 5766 juſques
4281 5630 4331 5766 au
4509 5630 4572 5766 au
4635 5630 4989 5766 longdes
5052 5630 5280 5766 bords

3163 5754 3213 5890 du
3324 5754 3695 5890 Tableau,
3757 5754 3868 5890 qui
3930 5754 3979 5890 en
4041 5754 4424 5890 ſerviront
4498 5754 4684 5890 pour
4733 5754 4783 5890 le
4844 5754 5154 5890 preſent
5215 5754 5290 5890 de

3149 5881 3509 6019 preuve:
3637 5881 3637 6019 &
3714 5881 3766 6019 en
3856 5881 3933 6019 eſt
3984 5881 4023 6019 la
4087 5881 4601 6019 ſignification
4678 5881 4858 6019 telle
4922 5881 5050 6019 que
5114 5881 5294 6019 s’en-

3144 6009 3326 6119 ſuit.

3301 6118 3743 6257 Toutesfois
3793 6118 3958 6257 avãt
3996 6118 4527 6257 l’explication
4590 6118 4640 6257 je
4716 6118 4893 6257 vous
4944 6118 5285 6257 adverti,

3150 6256 3282 6395 que
3342 6256 3438 6395 les
3486 6256 4014 6395 proportions
4086 6256 4194 6395 des
4242 6256 4541 6395 images
4613 6256 4673 6395 de
4745 6256 4853 6395 ces
4901 6256 5285 6395 perſõnes

3129 6379 3703 6513 repreſentées
3753 6379 3865 6513 par
3915 6379 4239 6513 leſdites
4289 6379 4638 6513 figures,
4701 6379 4851 6513 ſont
4913 6379 5137 6513 tirées
5275 6379 5275 6513 &

3126 6504 3526 6638 adjuſtées
3575 6504 3672 6638 ſur
3733 6504 3781 6638 la
3878 6504 4145 6638 meſure
4218 6504 4279 6638 de
4364 6504 4473 6638 ces
4558 6504 4740 6638 deux
4801 6504 5032 6638 petits
5129 6504 5274 6638 Cer-

3145 6627 3281 6764 cles
3343 6627 3343 6764 I
3468 6627 3468 6764 &
3629 6627 3629 6764 ,
3691 6627 4039 6764 couchez
4089 6627 4188 6764 ſur
4238 6627 4288 6764 le
4362 6627 4511 6764 plan
4611 6627 4660 6764 du
4747 6627 4934 6764 pavé
5008 6627 5058 6764 au
5145 6627 5269 6764 bas

3145 6754 3207 6888 de
3257 6754 3295 6888 la
3407 6754 3656 6888 Table.
3805 6754 4216 6888 Touchant
4291 6754 4565 6888 quoy,
4627 6754 4814 6888 pour
4914 6754 4964 6888 en
5063 6754 5275 6888 avoir

3138 6877 3386 7017 pleine
3465 6877 4052 7017 intelligence,
4196 6877 4196 7017 &
4275 6877 4457 7017 pour
4523 6877 5058 7017 l’explication
5163 6877 5280 7017 des

4962 7027 5263 7127 doutes,

1360 3749 1527 3842 Tant
1599 3749 1730 3842 ſoit
1802 3749 1993 3842 aſſez
2076 3749 2160 3842 dit
2231 3749 2291 3842 de
2363 3749 2398 3842 la
2494 3749 2959 3842 declaration

1327 3879 1374 3969 du
1514 3879 1808 3969 Cercle.
1960 3879 2254 3969 Parlons
2347 3879 2828 3969 maintenant
2911 3879 2981 3969 de

1311 4000 1662 4121 l’Eſpee,
1779 4000 1779 4121 &
1870 4000 1935 4121 de
1987 4000 2026 4121 ſa
2104 4000 2299 4121 juſte
2338 4000 2805 4121 longueur,
2883 4000 3000 4121 qui

1307 4124 1435 4243 ſoit
1528 4124 2168 4243 proportionnée
2296 4124 2307 4243 &
2400 4124 2901 4243 convenable
2970 4124 2982 4243 à

852 4248 1068 4370 touts
1113 4248 1204 4370 les
1295 4248 1853 4370 mouvements
1910 4248 1967 4370 du
2058 4248 2274 4370 corps
2319 4248 2695 4370 humain,
2809 4248 2809 4370 &
2866 4248 2979 4370 par

865 4375 1358 4492 conſequent
1415 4375 1598 4492 auſsi
1644 4375 1690 4492 la
1770 4375 2160 4492 meilleure
2240 4375 2298 4492 de
2355 4375 2664 4492 toutes.

1045 4496 1203 4617 C’eſt
1299 4496 1723 4617 merveille,
1783 4496 2134 4617 qu’entre
2207 4496 2437 4617 ceux,
2509 4496 2618 4617 qui
2679 4496 2787 4617 ont
2860 4496 2981 4617 fait

855 4626 1019 4743 tout
1066 4626 1113 4743 le
1171 4626 1429 4743 temps
1500 4626 1570 4743 de
1617 4626 1769 4743 leur
1828 4626 1933 4743 vie
1980 4626 2414 4743 profeſsion
2508 4626 2613 4743 des
2695 4626 2988 4743 Armes,

914 4751 914 4869 &
989 4751 1026 4869 en
1112 4751 1236 4869 ont
1286 4751 1546 4869 publié
1620 4751 1732 4869 des
1806 4751 2066 4869 eſcrits
2115 4751 2375 4869 parmy
2437 4751 2499 4869 le
2611 4751 2908 4869 Monde,
2957 4751 2995 4869 il

850 4873 977 4994 s’en
1046 4873 1323 4994 trouve
1381 4873 1404 4994 ſi
1462 4873 1577 4994 peu
1681 4873 1796 4994 qui
1842 4873 2235 4994 touchent
2292 4873 2292 4994 à
2373 4873 2558 4994 ceſte
2638 4873 2973 4994 matiere:

910 5000 910 5122 &
973 5000 1648 5122 principalement
1698 5000 1860 5122 puis
1923 5000 2085 5122 qu’il
2123 5000 2173 5122 ſe
2223 5000 2585 5122 preſente
2635 5000 2985 5122 journel-

849 5121 1086 5245 lemẽt
1133 5121 1145 5245 à
1216 5121 1572 5245 diſcourir
1619 5121 2022 5245 touchant
2058 5121 2496 5245 l’avantage
2567 5121 2674 5245 des
2733 5121 2993 5245 eſpees

840 5244 1190 5368 longues
1245 5244 1300 5368 ou
1388 5244 1705 5368 courtes
1749 5244 1848 5368 les
1924 5244 2110 5368 unes
2187 5244 2450 5368 contre
2516 5244 2614 5368 les
2680 5244 2976 5368 autres;

912 5371 912 5493 &
985 5371 1119 5493 que
1180 5371 1253 5493 de
1314 5371 1497 5493 ceſte
1558 5371 1753 5493 ſeule
1814 5371 2376 5493 cognoiſſance
2449 5371 2754 5493 depend
2815 5371 2986 5493 tou-

848 5497 907 5615 te
954 5497 1461 5615 l’aſſeurance
1532 5497 1650 5615 des
1697 5497 1957 5615 temps
2087 5497 2087 5615 &
2158 5497 2276 5615 des
2347 5497 2725 5615 meſures,
2795 5497 2984 5615 deux

851 5623 1149 5747 parties
1211 5623 1694 5747 principales
1781 5623 1843 5747 de
1905 5623 2401 5747 l’Exercice:
2525 5623 2537 5747 &
2611 5623 2772 5747 puis
2847 5623 2983 5747 que

865 5746 1017 5879 c’eſt
1068 5746 1373 5879 l’eſpee,
1423 5746 1525 5879 qui
1576 5746 1703 5879 fait
1766 5746 1957 5879 quaſi
1995 5746 2198 5879 ſeule
2249 5746 2515 5879 toutes
2553 5746 2655 5879 les
2718 5746 2998 5879 execu-

851 5870 1091 6002 tions,
1127 5870 1283 6002 tant
1343 5870 1391 6002 en
1463 5870 1703 6002 aſſaut
1763 5870 1955 6002 qu’en
2039 5870 2375 6002 defenſe,
2411 5870 2447 6002 il
2495 5870 2807 6002 s’enſuit
2867 5870 2987 6002 ne-

865 5996 1378 6127 ceſſairemẽt,
1437 5996 1568 6127 que
1616 5996 1652 6127 la
1747 5996 2010 6127 meſure
2117 5996 2129 6127 &
2176 5996 2212 6127 la
2272 5996 2546 6127 portee
2618 5996 2665 6127 en
2749 5996 2987 6127 eſtant

851 6124 1297 6272 incognue,
1344 6124 1614 6272 toutes
1673 6124 1766 6272 les
1825 6124 2283 6272 operations
2353 6124 2400 6272 en
2494 6124 2975 6272 deviennent

852 6247 1332 6338 incertaines
1447 6247 1447 6338 &
1504 6247 2076 6338 hazardeuſes.

1018 6359 1463 6499 Toutesfois
1513 6359 1537 6499 il
1612 6359 1723 6499 s’en
1834 6359 1921 6499 eſt
1982 6359 2254 6499 trouvé
2341 6359 2736 6499 quelques
2798 6359 2971 6499 uns,

868 6493 986 6623 qui
1045 6493 1092 6623 en
1163 6493 1281 6623 ont
1352 6493 1553 6623 voulu
1623 6493 1918 6623 parler,
2036 6493 2048 6623 &
2131 6493 2237 6623 ont
2343 6493 2638 6623 meſmes
2732 6493 2968 6623 deter-

883 6612 1049 6749 miné
1100 6612 1139 6749 la
1228 6612 1496 6749 meſure
1573 6612 1624 6749 de
1675 6612 1982 6749 l’eſpee;
2046 6612 2199 6749 mais
2238 6612 2570 6749 pluſtoſt
2634 6612 2647 6749 à
2698 6612 2979 6749 l’appe-

857 6737 932 6875 tit
1007 6737 1069 6875 de
1132 6737 1519 6875 quelques
1582 6737 1944 6875 couards,
1994 6737 2107 6875 qui
2144 6737 2194 6875 ſe
2257 6737 2569 6875 plaiſent
2619 6737 2631 6875 à
2706 6737 2819 6875 des
2869 6737 2969 6875 ar-

890 6862 1009 6983 mes
1068 6862 1210 6983 fort
1257 6862 1636 6983 longues,
1683 6862 1872 6983 pour
1944 6862 2358 6983 demeurer
2429 6862 2819 6983 touſiours
2902 6862 3032 6983 enl

895 405 1485 512 mouvements,
1531 405 1832 512 adreſſe
1901 405 2005 512 des
2051 405 2560 512 intentions,
2606 405 3000 512 aſſeuran-

877 531 938 662 ce
1000 531 1124 662 des
1173 531 1321 662 pas;
1370 531 1667 662 duquel
1704 531 1877 662 auſſi
1926 531 2087 662 tout
2136 531 2185 662 le
2247 531 2432 662 reſte
2506 531 2618 662 des
2679 531 3000 662 demon-

860 657 1235 786 ſtrations
1283 657 1683 786 ſuivantes
1731 657 2106 786 procede,
2215 657 2215 786 &
2287 657 2578 786 duquel
2638 657 2687 786 on
2759 657 2808 786 ſe
2856 657 2989 786 ſer-

872 785 1007 915 vira
1057 785 1327 915 parmy
1376 785 1474 915 les
1536 785 1991 915 perilleuſes
2052 785 2335 915 vagues
2421 785 2482 915 de
2556 785 2691 915 ceſt
2789 785 2986 915 Exer-

876 910 1055 1014 cice,
1102 910 1400 1014 comme
1448 910 1555 1014 les
1662 910 1996 1014 Matelots
2056 910 2127 1014 de
2175 910 2210 1014 la
2270 910 2604 1014 buſſole,
2711 910 2711 1014 &
2782 910 2985 1014 d’une

860 1035 1123 1157 bonne
1192 1035 1387 1157 carte
1490 1035 1764 1157 Marine,
1810 1035 1993 1157 pour
2062 1035 2291 1157 eviter
2348 1035 2451 1157 les
2531 1035 2852 1157 eſcueils
2966 1035 2978 1157 &

868 1155 1098 1283 bancs
1168 1155 1225 1283 de
1306 1155 1456 1283 mer,
1548 1155 1548 1283 &
1617 1155 1663 1283 en
1733 1155 1802 1283 fin
1871 1155 2229 1283 parvenir
2275 1155 2332 1283 au
2402 1155 2632 1283 repos
2690 1155 2748 1283 du
2817 1155 2978 1283 port

882 1281 1074 1405 qu’ils
1122 1281 1182 1405 ſe
1230 1281 1698 1405 propoſent.
1770 1281 1998 1405 Toute
2046 1281 2310 1405 bonne
2418 1281 2418 1405 &
2478 1281 2682 1405 ſeure
2742 1281 2982 1405 offen-

863 1407 986 1534 ſion
1121 1407 1134 1534 &
1195 1407 1502 1534 defenſe
1564 1407 1797 1534 prend
1871 1407 2043 1534 d’icy
2092 1407 2190 1534 ſon
2277 1407 2608 1534 origine,
2670 1407 2719 1534 en
2780 1407 2977 1534 ſorte

875 1533 1018 1657 qu’à
1096 1533 1226 1657 bon
1330 1533 1512 1657 droit
1603 1533 1784 1657 peut
1849 1533 1875 1657 il
1953 1533 2135 1657 eſtre
2213 1533 2512 1657 appellé
2564 1533 2603 1657 la
2706 1533 2836 1657 Clef
2914 1533 2979 1657 de

860 1660 1331 1783 l’Exercice.
1439 1660 1536 1783 Car
1596 1660 1753 1783 ainſi
1826 1660 2091 1783 qu’une
2151 1660 2284 1783 clef
2357 1660 2357 1783 a
2417 1660 2598 1783 trois
2670 1660 2972 1783 offices,

865 1781 1158 1901 ſçavoir
1260 1781 1540 1901 Ouvrir,
1603 1781 1934 1901 Fermer,
2036 1781 2049 1901 &
2164 1781 2469 1901 Garder,
2533 1781 2698 1901 auſſi
2775 1781 2864 1901 eſt
2928 1781 2978 1901 ce

871 1904 1060 2033 ceſte
1119 1904 1391 2033 figure,
1450 1904 1627 2033 dont
1663 1904 1946 2033 l’uſage
1994 1904 2194 2033 nous
2253 1904 2478 2033 ouvre
2525 1904 2572 2033 la
2655 1904 2974 2033 maniere

881 2028 1228 2153 d’aſſaillir
1340 2028 1352 2153 &
1414 2028 1476 2153 de
1551 2028 1960 2153 defendre,
2034 2028 2270 2153 ferme
2319 2028 2357 2153 la
2419 2028 2642 2153 porte
2704 2028 2828 2153 aux
2877 2028 2977 2153 in-

866 2161 1221 2283 tentions
1340 2161 1351 2283 &
1423 2161 1956 2283 entreprinſes
2027 2161 2074 2283 du
2181 2161 2631 2283 Contraire,
2726 2161 2738 2283 &
2797 2161 2987 2283 nous

889 2287 1134 2405 munit,
1179 2287 1480 2405 comme
1547 2287 1681 2405 d’un
1748 2287 1982 2405 ſolide
2038 2287 2406 2405 rempart,
2451 2287 2708 2405 contre
2763 2287 2975 2405 touts

850 2405 951 2534 ſes
1041 2405 1604 2534 mouvements
1672 2405 2257 2534 deſordonnez,
2302 2405 2347 2534 en
2437 2405 2640 2534 quoy
2696 2405 2820 2534 elle
2876 2405 2978 2534 ac-

870 2532 1182 2659 complit
1232 2532 1506 2659 l’office
1606 2532 1619 2659 &
1656 2532 1943 2659 l’effe
2018 2532 2068 2659 de
2118 2532 2318 2659 nous
2380 2532 2979 2659 contregarder;

854 2655 1026 2778 ainſi
1088 2655 1223 2778 que
1272 2655 1309 2778 la
1395 2655 1739 2778 Pratique
1813 2655 1862 2778 en
1936 2655 2071 2778 fera
2120 2655 2599 2778 l’eſpreuve.
