5719 7432
3014 459 3199 586 ment
3261 459 3631 586 attachée
3693 459 3755 586 au
3841 459 4027 586 flanc
4113 459 4175 586 de
4261 459 4471 586 celuy
4558 459 4669 586 qui
4731 459 4768 586 la
4842 459 5101 586 porte.

2987 586 3202 712 choſe
3297 586 3404 712 qui
3487 586 3570 712 eſt
3678 586 3737 712 de
3808 586 3951 712 tres
4070 586 4427 712 mauvaiſe
4510 586 4784 712 grace,
4879 586 5105 712 encor

2990 711 3255 857 qu’elle
3305 711 3443 857 ſoit
3494 711 3682 857 aſſez
3745 711 4198 857 commune.

3713 854 4178 966 FIGVRE
4387 854 4451 966 C.

3422 1001 3723 1146 ’Enſuit
3785 1001 4236 1146 l’operation
4336 1001 4587 1146 meſme
4662 1001 4712 1146 du
4825 1001 5100 1146 deſgai-

3424 1146 3827 1264 nement,
3928 1146 4051 1264 que
4129 1146 4331 1264 nous
4432 1146 4869 1264 deſcrirons
4947 1146 5104 1264 plus

3434 1267 4193 1386 particulierement
4242 1267 4303 1386 au
4413 1267 4719 1386 Tableau
4817 1267 4988 1386 III.
5049 1267 5111 1386 a-

3439 1394 3560 1500 vec
3616 1394 3881 1500 toutes
3925 1394 4025 1500 ſes
4091 1394 4699 1500 circonſtances,
4787 1394 4787 1500 &
4832 1394 4931 1500 les
4975 1394 5097 1500 rai-

2974 1484 3162 1641 ſons,
3212 1484 3401 1641 pour
3451 1484 3878 1641 leſquelles
3941 1484 3991 1641 en
4054 1484 4318 1641 faiſant
4368 1484 4418 1641 le
4494 1484 5097 1641 deſgainement

2979 1628 3039 1753 on
3122 1628 3206 1753 eſt
3266 1628 3660 1753 contraint
3732 1628 3791 1753 de
3851 1628 4150 1753 hauſſer
4198 1628 4245 1753 le
4305 1628 4508 1753 bras,
4580 1628 4974 1753 enſemble
5046 1628 5106 1753 a-

2982 1753 3104 1883 vec
3152 1753 3189 1883 la
3274 1753 3470 1883 main,
3519 1753 3677 1883 tant
3738 1753 3897 1883 qu’il
3958 1753 4043 1883 eſt
4092 1753 4446 1883 poſſible;
4519 1753 4824 1883 meſmes
4885 1753 4946 1883 de
4995 1753 5093 1883 le-

2978 1876 3096 2000 ver
3143 1876 3308 2000 auſſi
3356 1876 3391 2000 la
3450 1876 3698 2000 jambe
3781 1876 4052 2000 droite,
4159 1876 4159 2000 &
4230 1876 4867 2000 d’accommoder
4926 1876 5092 2000 tou-

2968 2000 3075 2141 tes
3123 2000 3218 2141 les
3266 2000 3576 2141 aions
3635 2000 3695 2141 du
3790 2000 4041 2141 corps,
4100 2000 4100 2141 à
4196 2000 4363 2141 celle
4410 2000 4482 2141 fin
4589 2000 4720 2141 que
4780 2000 4828 2141 la
4923 2000 5078 2141 main

2972 2127 3204 2269 puiſſe
3289 2127 3569 2269 monter
3618 2127 3630 2269 à
3691 2127 4118 2269 ſuffiſance;
4154 2127 4349 2269 pour
4398 2127 4739 2269 laquelle
4837 2127 5093 2269 meſme

2978 2255 3552 2389 conſideration
3611 2255 3646 2389 il
3704 2255 4079 2389 convient
4126 2255 4290 2389 auſſi
4349 2255 4595 2389 ouvrir
4642 2255 4748 2389 les
4818 2255 5088 2389 doigts.

2992 2375 3434 2517 Leſquelles
3494 2375 3757 2517 choſes
3805 2375 3972 2517 ſont
4020 2375 4295 2517 toutes
4342 2375 4820 2517 neceſſaires
4868 2375 4880 2517 à
4952 2375 5107 2517 cau-

2957 2503 3018 2644 ſe
3092 2503 3153 2644 de
3214 2503 3410 2644 ceſte
3459 2503 3850 2644 longueur
3923 2503 3984 2644 de
4033 2503 4070 2644 la
4131 2503 4351 2644 lame,
4424 2503 4534 2644 qui
4583 2503 4583 2644 a
4644 2503 4889 2644 beſoin
4975 2503 5109 2644 d’e-

2973 2632 3109 2763 ſtre
3158 2632 3442 2763 aſſiſtée
3529 2632 3590 2763 de
3652 2632 3912 2763 toutes
3998 2632 4097 2763 ces
4171 2632 4418 2763 aides.
4517 2632 4703 2763 Dont
4740 2632 4777 2763 il
4826 2632 5098 2763 appert

2984 2759 3107 2892 que
3169 2759 3428 2892 noſtre
3514 2759 3785 2892 meſure
3859 2759 3921 2892 de
3970 2759 4155 2892 lame
4229 2759 4315 2892 eſt
4364 2759 4389 2892 ſi
4451 2759 4771 2892 grande,
4833 2759 5104 2892 qu’elle

2969 2878 3041 3017 ne
3089 2878 3137 3017 le
3185 2878 3557 3017 pourroit
3617 2878 3798 3017 eſtre
3870 2878 3930 3017 de
3990 2878 4146 3017 plus
4194 2878 4350 3017 ſans
4422 2878 4530 3017 des
4578 2878 4951 3017 notables
4999 2878 5095 3017 in-

2979 3003 3567 3146 commoditez.

3686 3465 4169 3607 FIGVRE
4378 3465 4443 3607 D.

3460 3658 3472 3792 R
3546 3658 3706 3792 tout
3755 3658 3927 3792 ainſi
3989 3658 4124 3792 que
4186 3658 4370 3792 ceſte
4457 3658 4727 3792 meſure
4801 3658 4875 3792 eſt
4949 3658 5096 3792 ega-

3421 3782 3467 3909 le
3535 3782 3547 3909 à
3626 3782 3660 3909 la
3740 3782 3979 3909 partie
4059 3782 4491 3909 inferieure
4582 3782 4628 3909 du
4741 3782 4958 3909 corps
5049 3782 5105 3909 e-

3429 3898 3745 4032 ſtendu,
3796 3898 4061 4032 depuis
4112 3898 4150 4032 la
4213 3898 4466 4032 plante
4542 3898 4656 4032 des
4706 3898 4921 4032 pieds
4972 3898 5111 4032 juſ-

3440 4028 3575 4169 qu’à
3636 4028 3685 4169 la
3734 4028 4077 4169 hauteur
4151 4028 4212 4169 du
4298 4028 4678 4169 nombril,
4727 4028 4899 4169 auſſi
4948 4028 5095 4169 l’eſt

2984 4134 3105 4283 elle
3153 4134 3722 4283 pareillement
3770 4134 3782 4283 à
3831 4134 3879 4283 la
3940 4134 4182 4283 partie
4230 4134 4750 4283 ſuperieure,
4835 4134 5089 4283 depuis

2957 4272 3015 4407 le
3084 4272 3433 4407 nombril
3503 4272 3549 4407 en
3642 4272 3747 4407 ſus
3805 4272 4131 4407 juſques
4200 4272 4259 4407 au
4352 4272 4514 4407 plus
4572 4272 4758 4407 haut
4840 4272 4968 4407 que
5037 4272 5084 4407 la

2987 4385 3134 4537 main
3202 4385 3383 4537 peut
3440 4385 3859 4537 atteindre;
3915 4385 4209 4537 comme
4266 4385 4323 4537 on
4402 4385 4549 4537 voit
4606 4385 4662 4537 en
4719 4385 4764 4537 la
4821 4385 5104 4537 figure,

2980 4515 3108 4659 que
3190 4515 3306 4659 ces
3387 4515 3585 4659 deux
3655 4515 3935 4659 parties
4005 4515 4168 4659 ſont
4237 4515 4482 4659 egales
4540 4515 4598 4659 en
4657 4515 5099 4659 longueur;

2974 4633 3131 4792 auſſi
3180 4633 3216 4792 la
3277 4633 3580 4792 preuve
3640 4633 3689 4792 en
3774 4633 3859 4792 eſt
3907 4633 4162 4792 facile,
4235 4633 4538 4792 comme
4623 4633 4744 4792 elle
4829 4633 4913 4792 eſt
4974 4633 5083 4792 icy

2962 4757 3520 4912 repreſentée.
3593 4757 3702 4912 Car
3762 4757 3811 4912 en
3908 4757 4223 4912 mettant
4271 4757 4307 4912 la
4368 4757 4647 4912 pointe
4719 4757 4780 4912 de
4828 4757 5095 4912 l’eſpee

2978 4882 3024 5008 en
3104 4882 3287 5008 terre
3344 4882 3516 5008 avec
3573 4882 3757 5008 l’une
3825 4882 3940 5008 des
3986 4882 4375 5008 branches
4466 4882 4524 5008 de
4592 4882 4638 5008 la
4718 4882 4924 5008 croix
4993 4882 5096 5008 ſur

2957 5005 3016 5151 le
3063 5005 3439 5151 nombril,
3544 5005 3556 5151 &
3615 5005 3991 5151 tournant
4061 5005 4108 5151 en
4178 5005 4390 5151 apres
4437 5005 4484 5151 la
4554 5005 4824 5151 pointe
4918 5005 5106 5151 droi-

2969 5131 3262 5287 tement
3332 5131 3367 5287 en
3438 5131 3660 5287 haut,
3696 5131 3813 5287 l’on
3883 5131 4282 5287 trouvera,
4340 5131 4598 5287 qu’elle
4657 5131 4961 5287 viendra
5020 5131 5079 5287 au

2971 5256 3137 5388 plus
3220 5256 3397 5388 haut
3480 5256 3681 5388 qu’on
3776 5256 4048 5388 pourra
4131 5256 4462 5388 toucher
4545 5256 4604 5388 du
4711 5256 4900 5388 bout
4983 5256 5101 5388 des

2983 5383 3285 5502 doigts.

3124 5496 3173 5655 Et
3235 5496 3407 5655 voilà
3481 5496 3776 5655 comme
3825 5496 3862 5655 il
3899 5496 4169 5655 appert
4243 5496 4637 5655 derechef,
4686 5496 4809 5655 que
4858 5496 4895 5655 la
4981 5496 5092 5655 me-

2968 5630 3121 5767 ſure
3210 5630 3274 5767 de
3338 5630 3376 5767 la
3452 5630 3643 5767 lame
3720 5630 3809 5767 eſt
3885 5630 4089 5767 egale
4153 5630 4166 5767 à
4229 5630 4280 5767 la
4344 5630 4535 5767 juſte
4637 5630 4879 5767 moitié
4942 5630 5006 5767 de
5057 5630 5095 5767 la

2967 5756 3372 5909 longueur
3446 5756 3827 5909 eſtendue
3901 5756 3962 5909 de
4011 5756 4048 5909 la
4134 5756 4564 5909 perſonne,
4687 5756 4687 5909 &
4748 5756 5093 5909 pareille-

3001 5881 3181 6030 ment
3229 5881 3290 6030 au
3374 5881 4048 6030 demi-Diametre
4132 5881 4192 6030 de
4264 5881 4517 6030 noſtre
4613 5881 4890 6030 Cercle,
4938 5881 5106 6030 pre-

2965 6005 3143 6151 nant
3190 6005 3250 6151 le
3297 6005 3642 6151 nombril
3701 6005 3879 6151 pour
3927 6005 3986 6151 le
4081 6005 4366 6151 Centre,
4449 6005 4449 6151 &
4497 6005 4532 6151 la
4592 6005 4996 6151 longueur
5055 6005 5103 6151 e-

2971 6125 3301 6277 ſtendue
3364 6125 3555 6277 pour
3593 6125 3644 6277 le
3745 6125 4151 6277 Diametre.

3698 6320 4157 6425 FIGVRE
4378 6320 4425 6425 E.

3477 6480 3645 6610 Vant
3705 6480 3717 6610 à
3778 6480 3826 6610 la
3886 6480 4211 6610 hauteur
4283 6480 4668 6610 naturelle
4740 6480 4800 6610 de
4848 6480 4885 6610 la
4945 6480 5113 6610 per-

3446 6603 3681 6730 ſonne
3755 6603 4015 6730 depuis
4052 6603 4101 6730 la
4163 6603 4423 6730 plante
4522 6603 4621 6730 des
4695 6603 4905 6730 pieds
4967 6603 5103 6730 juſ-

3470 6725 3634 6854 ques
3693 6725 3739 6854 au
3810 6725 4150 6854 ſommet
4220 6725 4291 6854 de
4361 6725 4396 6854 la
4478 6725 4713 6854 teſte,
4760 6725 4983 6854 icelle
5053 6725 5100 6854 ſe

3446 6846 3630 6986 peut
3679 6846 3839 6986 auſſi
3925 6846 4256 6986 meſurer,
4354 6846 4354 6986 &
4416 6846 4649 6986 eſticy
4698 6846 5103 6986 repreſen-

2986 6974 3098 7108 tée
3160 6974 3173 7108 à
3272 6974 3583 7108 meſurer
3645 6974 3819 7108 avec
3881 6974 4204 7108 l’eſpee.
4341 6974 4440 7108 Car
4503 6974 4540 7108 ſi
4602 6974 4664 7108 on
4751 6974 4788 7108 la
4863 6974 5112 7108 prend

5020 7151 5040 7205 a

693 460 1019 592 doutes,
1089 460 1194 592 qui
1276 460 1323 592 en
1404 460 1918 592 pourroyent
1964 460 2338 592 ſourdre,
2396 460 2443 592 il
2501 460 2629 592 ſera
2711 460 2828 592 ex-

679 590 1021 717 pedient
1092 590 1151 717 de
1221 590 1316 717 les
1410 590 1729 717 meſurer
1776 590 1835 717 au
1918 590 2260 717 compas.
2390 590 2496 717 Car
2543 590 2579 717 la
2638 590 2815 717 hau-

683 715 844 842 teur
936 715 1316 842 naturelle
1420 715 1535 842 des
1616 715 1835 842 corps
1927 715 1996 842 de
2089 715 2457 842 chaſcune
2561 715 2630 842 de
2711 715 2815 842 ces

704 842 887 970 dites
936 842 1375 970 perſonnes
1424 842 1558 970 ſera
1643 842 1936 970 comme
1985 842 2034 970 la
2082 842 2290 970 ligne
2375 842 2387 970 C
2473 842 2522 970 V;
2570 842 2607 970 la
2692 842 2814 970 me-

675 968 840 1105 ſure
922 968 982 1105 de
1052 968 1265 1105 leurs
1359 968 1666 1105 Eſpees,
1725 968 2032 1105 comme
2091 968 2139 1105 le
2233 968 2422 1105 demi
2540 968 2812 1105 Diame-

678 1095 838 1215 tre;
937 1095 949 1215 &
999 1095 1036 1215 la
1085 1095 1492 1215 longueur
1566 1095 1615 1215 du
1689 1095 1874 1215 bras,
1936 1095 2231 1215 comme
2342 1095 2355 1215 C
2453 1095 2490 1215 H.

1384 1557 1861 1655 FIGVRE
2069 1557 2144 1655 A.

1195 1669 1310 1814 Our
1361 1669 1412 1814 le
1489 1669 1821 1814 premier
1885 1669 1924 1814 il
2000 1669 2090 1814 eſt
2167 1669 2627 1814 repreſenté
2691 1669 2806 1814 par

1154 1811 1347 1939 ceſte
1436 1811 1693 1939 Figure
1770 1811 1834 1939 A,
1898 1811 2026 1939 que
2077 1811 2116 1939 la
2167 1811 2616 1939 longueur,
2680 1811 2808 1939 que

1137 1940 1333 2064 nous
1414 1940 1749 2064 mettons
1806 1940 1991 2064 pour
2037 1940 2360 2064 l’Eſpee,
2418 1940 2487 2064 ne
2556 1940 2799 2064 donne

1140 2063 1355 2189 point
1430 2063 1494 2189 de
1544 2063 1923 2189 faſcherie
1974 2063 1987 2189 à
2037 2063 2075 2189 la
2138 2063 2568 2189 perſonne,
2631 2063 2821 2189 quãd

688 2179 745 2313 on
826 2179 919 2313 eſt
976 2179 1023 2313 en
1115 2179 1646 2313 converſation
1727 2179 1900 2313 avec
1969 2179 2085 2313 des
2154 2179 2373 2313 gens,
2454 2179 2500 2313 ou
2592 2179 2789 2313 qu’on

665 2311 722 2439 ſe
779 2311 1062 2439 trouve
1130 2311 1176 2439 en
1244 2311 1289 2439 la
1357 2311 1618 2439 foule,
1698 2311 1754 2439 ou
1856 2311 2310 2439 cheminant
2378 2311 2503 2439 par
2582 2311 2696 2439 des
2764 2311 2809 2439 e-

669 2431 935 2564 ſtroits
983 2431 1369 2564 paſſages,
1430 2431 1490 2564 ou
1575 2431 1623 2564 en
1695 2431 2179 2564 ſemblables
2239 2431 2674 2564 occaſions;
2734 2431 2819 2564 eſ-

689 2557 986 2688 quelles
1046 2557 1105 2688 on
1176 2557 1272 2688 eſt
1331 2557 1973 2688 ordinairement
2033 2557 2449 2688 embaraſſé
2532 2557 2639 2688 par
2711 2557 2806 2688 les

664 2687 916 2813 armes
985 2687 1180 2813 qu’on
1260 2687 1512 2813 porte.
1638 2687 1696 2813 Au
1776 2687 2166 2813 contraire
2235 2687 2475 2813 eſtant
2521 2687 2556 2813 la
2613 2687 2808 2813 lame

683 2802 742 2939 de
813 2802 1002 2939 ceſte
1049 2802 1485 2939 longueur,
1532 2802 1662 2939 que
1721 2802 1910 2939 nous
1957 2802 2075 2939 luy
2134 2802 2370 2939 avons
2417 2802 2806 2939 aſsignée,

720 2924 720 3063 &
778 2924 813 3063 la
872 2924 1186 3063 portant
1245 2924 1256 3063 à
1326 2924 1513 3063 coſté
1571 2924 1758 3063 avec
1804 2924 1874 3063 un
1944 2924 2037 3063 tel
2096 2924 2492 3063 ceinturon
2620 2924 2632 3063 &
2690 2924 2807 3063 pẽ-

681 3052 846 3188 dant
909 3052 1238 3188 d’eſpee,
1326 3052 1478 3188 qu’il
1542 3052 1681 3188 ſera
1782 3052 2225 3188 demonſtré
2314 3052 2364 3188 en
2453 3052 2491 3188 la
2592 3052 2807 3188 Table

665 3179 1055 3312 ſuivante,
1124 3179 1605 3312 moyennant
1674 3179 1869 3312 qu’on
1949 3179 2075 3312 tire
2121 3179 2167 3312 la
2236 3179 2454 3312 garde
2545 3179 2809 3312 devers

659 3304 784 3436 ſoy
830 3304 1012 3436 avec
1057 3304 1103 3436 la
1194 3304 1342 3436 main
1422 3304 1706 3436 droite,
1740 3304 1786 3436 la
1843 3304 2116 3436 pointe
2184 3304 2480 3436 viendra
2549 3304 2549 3436 à
2617 3304 2810 3436 tom-

666 3429 784 3562 ber
855 3429 1055 3562 d’elle
1138 3429 1397 3562 meſme
1444 3429 2410 3562 perpendiculairement
2481 3429 2528 3562 en
2611 3429 2811 3562 terre

664 3552 664 3679 à
735 3552 936 3679 coſté
1007 3552 1066 3679 de
1113 3552 1160 3679 la
1219 3552 1644 3679 perſonne,
1691 3552 1762 3679 un
1833 3552 1951 3679 peu
2045 3552 2352 3679 devant;
2411 3552 2800 3679 enſemble

664 3680 832 3800 auſſi
880 3680 916 3800 la
1000 3680 1217 3800 garde
1277 3680 1325 3800 en
1409 3680 1722 3800 viendra
1794 3680 1806 3800 à
1878 3680 1926 3800 ſe
2022 3680 2287 3800 mettre
2371 3680 2407 3800 en
2503 3680 2539 3800 ſa
2611 3680 2804 3800 juſte

667 3809 919 3926 place,
967 3809 1003 3926 ſi
1051 3809 1207 3926 bien
1279 3809 1279 3926 à
1351 3809 1603 3926 point,
1711 3809 1711 3926 &
1771 3809 1771 3926 à
1831 3809 2047 3926 l’egal
2119 3809 2179 3926 de
2227 3809 2263 3926 la
2335 3809 2671 3926 hauteur
2731 3809 2791 3926 du

661 3934 1045 4050 nombril,
1126 3934 1324 4050 qu’en
1418 3934 1814 4050 avançant
1860 3934 1907 4050 le
1977 3934 2151 4050 pied
2244 3934 2524 4050 gauche
2617 3934 2815 4050 envi-

655 4056 763 4172 ron
860 4056 1000 4172 d’un
1087 4056 1270 4172 demi
1324 4056 1497 4172 pas,
1573 4056 1627 4172 on
1692 4056 1854 4172 aura
1908 4056 1951 4172 la
2027 4056 2524 4172 commodité
2589 4056 2653 4172 de
2707 4056 2805 4172 re-

671 4180 878 4302 poſer
927 4180 975 4302 le
1049 4180 1317 4302 coude,
1414 4180 1414 4302 &
1463 4180 1865 4302 enſemble
1914 4180 2085 4302 tout
2133 4180 2182 4302 le
2255 4180 2438 4302 coſté
2511 4180 2804 4302 gauche

683 4301 731 4418 du
827 4301 1043 4418 corps
1115 4301 1379 4418 deſſus;
1439 4301 1487 4418 en
1559 4301 1763 4418 ſorte
1823 4301 2087 4418 qu’elle
2159 4301 2423 4418 ſervira
2495 4301 2627 4418 d’un
2711 4301 2819 4418 ap-

659 4426 839 4552 puy,
888 4426 1225 4552 pluſtoſt
1297 4426 1418 4552 que
1514 4426 1574 4552 de
1646 4426 1839 4552 nous
1923 4426 2429 4552 empeſcher,
2514 4426 2815 4552 comme

659 4552 832 4670 font
879 4552 1571 4670 neceſſairement
1617 4552 1894 4670 toutes
1941 4552 2045 4670 les
2102 4552 2391 4670 eſpees,
2449 4552 2553 4670 qui
2599 4552 2806 4670 nont

659 4679 788 4799 pas
835 4679 870 4799 la
928 4679 1350 4799 longueur
1397 4679 2088 4799 proportionnée.

1392 4832 1860 4931 FIGVRE
2071 4832 2132 4931 B.

1163 4966 1175 5084 A
1301 4966 1553 5084 meſme
1629 4966 2032 5084 longueur
2120 4966 2409 5084 d’eſpee
2485 4966 2573 5084 eſt
2649 4966 2812 5084 auſſi

1127 5094 1785 5210 tres-commode
1831 5094 2023 5210 pour
2069 5094 2126 5210 le
2194 5094 2818 5210 deſgainement.

1168 5221 1281 5334 Car
1337 5221 1382 5334 en
1450 5221 1495 5334 la
1552 5221 1868 5334 portant
1925 5221 2105 5334 avec
2151 5221 2196 5334 le
2275 5221 2670 5334 ceinturon
2794 5221 2806 5334 &

1135 5344 1184 5460 le
1245 5344 1597 5460 pendant
1670 5344 1731 5460 de
1779 5344 2034 5460 noſtre
2107 5344 2642 5460 deſcription,
2703 5344 2812 5460 qui

671 5467 815 5584 ſera
875 5467 1259 5584 propoſée
1331 5467 1391 5584 au
1487 5467 1847 5584 prochain
1967 5467 2267 5584 Tableau
2364 5467 2700 5584 ſuivant,
2808 5467 2808 5584 &

688 5590 820 5710 que
880 5590 928 5710 le
1036 5590 1288 5710 Cercle
1384 5590 1636 5710 meſme
1732 5590 2224 5710 demonſtre;
2308 5590 2344 5710 la
2440 5590 2656 5710 garde
2740 5590 2788 5710 en

685 5718 890 5834 vient
946 5718 1003 5834 un
1083 5718 1208 5834 peu
1288 5718 1333 5834 en
1413 5718 1640 5834 avant
1686 5718 1697 5834 à
1765 5718 1959 5834 coſté
2027 5718 2084 5834 du
2186 5718 2448 5834 corps,
2505 5718 2562 5834 le
2619 5718 2823 5834 four-

673 5841 831 5951 reau
910 5841 1137 5951 tirant
1193 5841 1351 5951 vers
1397 5841 1453 5951 le
1544 5841 1928 5951 derriere;
2007 5841 2312 5951 chaſcun
2391 5841 2437 5951 en
2516 5841 2550 5951 ſa
2618 5841 2821 5951 juſte

677 5969 1065 6086 hauteur,
1179 5969 1179 6086 &
1248 5969 1293 6086 en
1373 5969 1545 6086 telle
1590 5969 1796 6086 ſorte
1865 5969 2059 6086 qu’on
2127 5969 2310 6086 peut
2367 5969 2744 6086 travailler
2790 5969 2801 6086 à

675 6091 776 6211 ſon
855 6091 978 6211 aiſe
1056 6091 1101 6211 en
1179 6091 1235 6211 un
1347 6091 1604 6211 meſme
1660 6091 1918 6211 temps
1985 6091 2052 6211 de
2097 6091 2131 6211 la
2220 6091 2366 6211 main
2477 6091 2713 6211 droite
2813 6091 2813 6211 &

702 6217 761 6338 de
808 6217 856 6338 la
926 6217 1257 6338 gauche;
1316 6217 1363 6338 en
1434 6217 1753 6338 portant
1800 6217 1836 6338 la
1930 6217 2072 6338 main
2166 6217 2450 6338 gauche
2521 6217 2804 6338 embas,

694 6342 876 6466 pour
949 6342 1409 6466 empoigner
1470 6342 1518 6466 le
1579 6342 1930 6466 fourreau
2003 6342 2172 6466 pres
2233 6342 2306 6466 de
2342 6342 2390 6466 la
2463 6342 2717 6466 garde,
2814 6342 2814 6466 &

675 6462 719 6584 la
808 6462 1052 6584 droite
1129 6462 1772 6584 circulairement
1860 6462 1905 6584 en
1993 6462 2270 6584 avant,
2348 6462 2525 6584 pour
2603 6462 2813 6584 pren-

706 6593 809 6713 dre
855 6593 1187 6713 l’eſpee,
1233 6593 1382 6713 ſans
1439 6593 1749 6713 aucune
1818 6593 2035 6713 autre
2104 6593 2666 6713 preparation,
2735 6593 2815 6713 ne

680 6720 837 6843 ſans
904 6720 1229 6843 courber
1285 6720 1330 6843 le
1397 6720 1643 6843 corps,
1699 6720 2001 6843 comme
2069 6720 2125 6843 on
2203 6720 2348 6843 voit
2404 6720 2572 6843 faire
2640 6720 2830 6843 ordi-

682 6843 1133 6964 nairement
1179 6843 1318 6964 aux
1376 6843 1688 6964 autres,
1757 6843 1942 6964 quaſi
2000 6843 2300 6964 comme
2358 6843 2439 6964 s’il
2485 6843 2520 6964 la
2577 6843 2820 6964 falloit

700 6971 1071 7090 cercher,
1130 6971 1190 7090 ou
1298 6971 1549 7090 qu’elle
1608 6971 1692 7090 ne
1752 6971 1895 7090 fuſt
1967 6971 2158 7090 aſſez
2230 6971 2242 7090 à
2325 6971 2839 7090 commande-
