5719 7432
1158 3132 1965 3241 DEMONSTRE,
2085 3132 2175 3241 QV
2309 3132 2743 3241 ESTANT
2907 3132 2997 3241 LE

1227 3247 1508 3344 CORPS
1631 3247 2559 3344 PERPENDICVLAIRE
2681 3247 2754 3344 ET
2889 3247 2987 3344 EN

1204 3344 1629 3448 POVRFIL,
1690 3344 1763 3448 LE
1848 3344 2199 3448 BRASET
2297 3344 2612 3448 L’ESPEE
2697 3344 3013 3448 ESTEN-

1222 3459 1532 3550 DVSEN
1615 3459 1949 3550 DROITE
2032 3459 2997 3550 LIGNE,ATTEIGNENT

1215 3577 1431 3671 PLVS
1520 3577 1812 3671 LOING
1926 3577 2752 3671 QVAVTREMENT.

1708 2951 2180 3053 FIGVRE
2393 2951 2423 3053 F.

1457 3698 1880 3836 Aintenant
1933 3698 2123 3836 nous
2187 3698 2726 3836 prouverons,
2789 3698 2916 3836 que
3000 3698 3095 3836 ce-

1442 3836 1541 3960 ſte
1615 3836 1873 3960 meſme
1923 3836 2329 3960 longueur
2391 3836 2674 3960 d’eſpee
2748 3836 2822 3960 eſt
2909 3836 3118 3960 capa-

1446 3959 1553 4083 ble
1624 3959 1683 4083 de
1754 3959 2217 4083 s’allonger,
2323 3959 2323 4083 &
2394 3959 2454 4083 de
2513 3959 2560 4083 ſe
2620 3959 3106 4083 raccourcir,

1442 4083 1630 4205 ſelon
1700 4083 1747 4205 la
1852 4083 2122 4205 meſure
2216 4083 2321 4205 des
2392 4083 2825 4205 diſtances,
2896 4083 2943 4205 où
3036 4083 3083 4205 on

971 4205 1028 4326 ſe
1085 4205 1394 4326 trouve.
1520 4205 1588 4326 Ce
1657 4205 1783 4326 que
1840 4205 2034 4326 nous
2091 4205 2354 4326 ferons
2400 4205 2778 4326 paroiſtre
2835 4205 2949 4326 par
3006 4205 3109 4326 les

981 4323 1170 4460 trois
1246 4323 1535 4460 figures
1598 4323 2051 4460 ſuivantes,
2139 4323 2177 4460 F.
2278 4323 2316 4460 G.
2416 4323 2479 4460 H.
2618 4323 2781 4460 dont
2844 4323 2882 4460 la
2957 4323 3109 4460 pre-

1012 4446 1244 4585 miere,
1305 4446 1427 4585 qui
1488 4446 1707 4585 porte
1756 4446 1792 4585 la
1902 4446 2195 4585 marque
2280 4446 2414 4585 d’un
2524 4446 2561 4585 F.
2610 4446 3109 4585 repreſente,

994 4571 1132 4721 que
1183 4571 1221 4721 la
1296 4571 1535 4721 droite
1585 4571 1825 4721 ligne,
1887 4571 2076 4721 qu’on
2152 4571 2278 4721 fait
2353 4571 2529 4721 avec
2592 4571 2869 4721 l’eſpee
2995 4571 2995 4721 &
3058 4571 3121 4721 le

987 4701 1141 4823 bras
1200 4701 1556 4823 eſtendu,
1615 4701 1698 4823 eſt
1745 4701 1781 4823 la
1840 4701 2006 4823 plus
2042 4701 2338 4823 longue
2409 4701 2468 4823 de
2527 4701 2800 4823 toutes
2871 4701 3120 4823 celles,

1005 4819 1111 4959 qui
1158 4819 1510 4959 peuvent
1581 4819 1757 4959 eſtre
1804 4819 2028 4959 faites
2075 4819 2251 4959 avec
2298 4819 2533 4959 ladite
2604 4819 2839 4959 eſpee;
2874 4819 2886 4959 à
2956 4819 3121 4959 con-

1004 4944 1210 5084 dition
1290 4944 1760 5084 toutesfois,
1817 4944 1944 5084 que
1989 4944 2047 5084 le
2104 4944 2322 5084 corps
2390 4944 2757 5084 demeure
2837 4944 2883 5084 en
2975 4944 3112 5084 une

1019 5069 1276 5206 meſme
1325 5069 1680 5206 poſture.
1815 5069 1913 5206 Car
1962 5069 1999 5206 ſi
2060 5069 2109 5206 on
2182 5069 2231 5206 ſe
2305 5069 2501 5206 tient
2599 5069 2783 5206 droit
2844 5069 2954 5206 ſur
3015 5069 3113 5206 ſes

972 5191 1323 5331 jambes,
1370 5191 1522 5331 ſans
1581 5191 1710 5331 que
1757 5191 1803 5331 le
1874 5191 2096 5331 corps
2143 5191 2529 5331 s’avance,
2576 5191 2646 5331 ne
2705 5191 2752 5331 ſe
2810 5191 3103 5331 recule,

1044 5316 1056 5454 &
1116 5316 1310 5454 qu’on
1395 5316 1710 5454 eſtende
1759 5316 1807 5454 le
1892 5316 2061 5454 bras
2122 5316 2304 5454 avec
2364 5316 2643 5454 l’eſpee
2728 5316 2764 5454 en
2873 5316 3116 5454 droite

986 5439 1239 5578 ligne,
1303 5439 1455 5578 c’eſt
1505 5439 1505 5578 à
1594 5439 1797 5578 dire,
1885 5439 2202 5578 mettant
2240 5439 2278 5578 la
2354 5439 2570 5578 garde
2684 5439 2684 5578 &
2734 5439 2785 5578 la
2836 5439 3115 5578 pointe

979 5563 1421 5700 juſtement
1493 5563 1541 5700 en
1601 5563 1648 5700 la
1708 5563 2043 5700 hauteur
2114 5563 2174 5700 de
2222 5563 2628 5700 l’eſpaule;
2712 5563 2760 5700 on
2843 5563 3118 5700 attein-

1010 5685 1095 5824 dra
1156 5685 1325 5824 plus
1374 5685 1628 5824 avant,
1689 5685 1822 5824 que
1871 5685 1895 5824 ſi
1943 5685 1980 5824 la
2040 5685 2307 5824 pointe
2392 5685 2658 5824 monte,
2707 5685 2767 5824 ou
2852 5685 3119 5824 qu’elle

991 5809 1360 5949 s’abaiſſe.
1446 5809 1557 5949 Car
1618 5809 1729 5949 elle
1791 5809 1864 5949 ne
1914 5809 2098 5949 peut
2147 5809 2319 5949 faire
2369 5809 2455 5949 ne
2504 5809 2615 5949 l’un
2688 5809 2762 5949 ne
2824 5809 3119 5949 l’autre,

984 5934 1169 6073 ſinon
1250 5934 1296 6073 en
1365 5934 1584 6073 allant
1653 5934 1965 6073 courbe,
2000 5934 2011 6073 à
2057 5934 2103 6073 la
2184 5934 2496 6073 maniere
2565 5934 2761 6073 d’une
2830 5934 3119 6073 circon-

993 6058 1344 6187 ference,
1393 6058 1695 6187 comme
1744 6058 1780 6187 il
1841 6058 1925 6187 eſt
1974 6058 2131 6187 auſſi
2192 6058 2640 6187 repreſenté
2712 6058 2761 6187 en
2821 6058 2870 6187 la
2930 6058 3112 6187 figu-

1005 6187 1091 6313 re.
1178 6187 1277 6313 Par
1314 6187 1364 6313 la
1438 6187 1673 6313 quelle
1723 6187 1760 6313 il
1822 6187 1896 6313 eſt
1958 6187 2304 6313 evident,
2366 6187 2490 6313 que
2564 6187 2886 6313 d’autant
2948 6187 3097 6313 plus

1012 6304 1137 6430 que
1194 6304 1240 6430 la
1308 6304 1570 6430 pointe
1649 6304 2014 6430 continue
2093 6304 2093 6430 à
2207 6304 2480 6430 monter
2571 6304 2628 6430 ou
2708 6304 2708 6430 à
2810 6304 3106 6430 deſcen-

1015 6429 1149 6568 dre,
1197 6429 1525 6568 d’autant
1574 6429 1744 6568 plus
1804 6429 1926 6568 elle
1974 6429 2326 6568 s’eſcarte
2399 6429 2447 6568 du
2520 6429 2678 6568 plus
2726 6429 3078 6568 prochain

1002 6559 1303 6653 endroit
1369 6559 1436 6653 de
1481 6559 2192 6653 l’attouchement.

1138 6656 1309 6800 Pour
1370 6656 1419 6800 en
1492 6656 1724 6800 parler
1785 6656 1944 6800 plus
2005 6656 2530 6800 exaement,
2567 6656 2884 6800 ſachez,
2970 6656 3092 6800 que

996 6798 1185 6923 nous
1244 6798 1656 6923 partiſſons
1691 6798 1739 6923 la
1786 6798 1986 6923 lame
2045 6798 2092 6923 en
2174 6798 2257 6923 12.
2351 6798 2763 6923 Nombres,
2834 6798 2999 6923 dont
3046 6798 3093 6923 la

1028 6922 1295 7024 meſure
1364 6922 1411 7024 du
1480 6922 1643 7024 bras
1724 6922 1770 7024 en
1863 6922 2211 7024 contient
2280 6922 2442 7024 auſſi
2524 6922 2813 7024 environ
2929 6922 2964 7024 8.
3022 6922 3080 7024 en

3275 459 3466 590 ſorte
3530 459 3657 590 que
3721 459 3772 590 le
3835 459 4115 590 coude,
4166 459 4268 590 qui
4332 459 4383 590 en
4459 459 4548 590 eſt
4612 459 4803 590 quaſi
4841 459 4892 590 la
4956 459 5147 590 juſte
5236 459 5401 590 moi-

3269 585 3401 716 tié,
3461 585 3509 716 en
3581 585 3881 716 revient
3941 585 4241 716 comme
4289 585 4301 716 à
4373 585 4421 716 4.
4541 585 4937 716 Nombres.
5093 585 5141 716 Or
5201 585 5285 716 eſt
5345 585 5393 716 il

3282 711 3415 840 que
3463 711 3500 840 la
3560 711 3827 840 pointe
3900 711 3960 840 de
4009 711 4287 840 l’eſpee
4336 711 4517 840 peut
4590 711 4881 840 monter
4942 711 5002 840 ou
5087 711 5390 840 deſcen-

3288 835 3392 963 dre
3449 835 4096 963 circulairement
4154 835 4200 963 en
4293 835 4478 963 trois
4524 835 4824 963 ſortes;
4894 835 5205 963 aſſavoir
5275 835 5390 963 par

3259 958 3314 1087 le
3391 958 3896 1087 mouvement
3962 958 4017 1087 du
4094 958 4247 1087 bras
4313 958 4599 1087 entier,
4643 958 4763 1087 par
4807 958 4862 1087 le
4939 958 5389 1087 mouvemẽt

3287 1082 3334 1211 du
3438 1082 3726 1211 coude,
3807 1082 3865 1211 ou
3946 1082 4061 1211 par
4130 1082 4188 1211 le
4280 1082 4788 1211 mouvement
4881 1082 4927 1211 du
5019 1082 5169 1211 ſeul
5239 1082 5389 1211 poi-

3279 1210 3445 1344 gnet
3516 1210 3575 1344 de
3623 1210 3670 1344 la
3753 1210 3943 1344 main.
4038 1210 4216 1344 Dont
4263 1210 4299 1344 il
4358 1210 4654 1344 s’enſuit
4714 1210 4773 1344 au
4844 1210 5188 1344 premier
5235 1210 5401 1344 ſens

3284 1337 3530 1460 quand
3586 1337 3641 1460 on
3709 1337 3832 1460 fait
3876 1337 3932 1460 le
4011 1337 4525 1460 mouvement
4592 1337 4637 1460 du
4715 1337 4872 1460 bras
4939 1337 5207 1460 entier,
5263 1337 5386 1460 que

3263 1455 3314 1582 le
3377 1455 3633 1582 centre
3709 1455 4015 1582 d’iceluy
4105 1455 4220 1582 giſt
4283 1455 4334 1582 en
4411 1455 4819 1582 l’eſpaule,
4934 1455 4947 1582 &
5024 1455 5138 1582 par
5228 1455 5394 1582 con-

3272 1581 3654 1704 ſequent,
3716 1581 3765 1704 le
3876 1581 4604 1704 demi-Diametre,
4678 1581 4789 1704 qui
4875 1581 5024 1704 doit
5085 1581 5270 1704 faire
5344 1581 5394 1704 la

3261 1703 3542 1830 ſuſdite
3632 1703 4305 1830 circonference,
4417 1703 4810 1830 montante
4911 1703 4967 1830 ou
5079 1703 5393 1830 deſcen-

3286 1825 3549 1952 dante,
3637 1825 3787 1952 c’eſt
3850 1825 3887 1952 la
3950 1825 4150 1952 ligne
4213 1825 4276 1952 de
4326 1825 4589 1952 l’eſpee
4664 1825 5053 1952 enſemble
5103 1825 5291 1952 avec
5341 1825 5404 1952 le

3266 1951 3430 2073 bras
3512 1951 3770 2073 entier,
3864 1951 3969 2073 qui
4016 1951 4180 2073 font
4239 1951 4637 2073 enſemble
4696 1951 4848 2073 bien
4918 1951 5082 2073 pres
5153 1951 5223 2073 de
5293 1951 5399 2073 20.

3327 2061 3718 2199 Nombres.
3849 2061 3896 2199 Et
3967 2061 4027 2199 au
4098 2061 4418 2199 ſecond,
4478 2061 4525 2199 en
4620 2061 4881 2199 faiſant
4940 2061 4988 2199 le
5095 2061 5391 2199 mouve-

3298 2194 3481 2324 ment
3561 2194 3618 2324 du
3710 2194 4007 2324 coude,
4065 2194 4122 2324 le
4202 2194 4454 2324 centre
4534 2194 4774 2324 eſtant
4831 2194 4900 2324 au
4991 2194 5300 2324 coude,
5346 2194 5381 2324 la

3272 2323 3669 2446 longueur
3731 2323 3793 2446 de
3842 2323 3880 2446 la
3929 2323 4127 2446 ligne
4189 2323 4425 2446 totale
4487 2323 4846 2446 contient
4896 2323 4970 2446 12.
5070 2323 5070 2446 &
5156 2323 5194 2446 4.
5280 2323 5392 2446 qui

3269 2445 3438 2570 font
3498 2445 3884 2570 enſemble
3956 2445 4053 2570 16.
4149 2445 4197 2570 Et
4258 2445 4439 2570 pour
4499 2445 4547 2570 le
4632 2445 5078 2570 troiſieme,
5150 2445 5403 2570 quand

3277 2569 3336 2692 on
3406 2569 3523 2692 fait
3570 2569 3617 2692 le
3699 2569 4216 2692 mouvement
4286 2569 4333 2692 du
4404 2569 4556 2692 ſeul
4603 2569 4967 2692 poignet,
5014 2569 5061 2692 le
5131 2569 5390 2692 centre

3286 2690 3511 2820 eſtant
3562 2690 3612 2820 le
3674 2690 3900 2820 poing
3963 2690 4025 2820 de
4075 2690 4125 2820 la
4176 2690 4602 2820 perſonne,
4627 2690 4664 2820 il
4702 2690 4802 2820 n’y
4852 2690 4865 2820 a
4940 2690 5065 2820 que
5115 2690 5153 2820 la
5203 2690 5404 2820 lame

3262 2817 3491 2940 ſeule,
3542 2817 3656 2940 qui
3694 2817 3822 2940 fait
3872 2817 3949 2940 12.
4063 2817 4419 2940 Nombres
4470 2817 4660 2940 pour
4699 2817 4749 2940 la
4800 2817 4991 2940 ligne
5067 2817 5118 2940 du
5207 2817 5398 2940 demi

3306 2930 3719 3066 Diametre.
3876 2930 4325 3066 Maintenant
4398 2930 4750 3066 chaſcun,
4823 2930 4932 3066 qui
4980 2930 4992 3066 a
5053 2930 5393 3066 quelque

3258 3066 3783 3188 intelligence
3868 3066 3978 3188 des
4100 3066 4808 3188 Mathematiques,
4845 3066 5028 3188 ſçait
5101 3066 5223 3188 que
5296 3066 5394 3188 les

3275 3191 3928 3315 circonferences
4009 3191 4169 3315 ſont
4249 3191 5017 3315 proportionnelles
5097 3191 5109 3315 à
5189 3191 5395 3315 leurs

3278 3314 4042 3439 demi-Diametres:
4148 3314 4160 3439 &
4242 3314 4371 3439 que
4442 3314 4536 3439 les
4618 3314 5277 3439 circonferences
5347 3314 5394 3439 ſe

3260 3444 3895 3565 raccourciſſent
3942 3444 3953 3565 à
4000 3444 4505 3565 l’advenant:
4611 3444 4623 3565 &
4670 3444 4975 3565 partant
5046 3444 5210 3565 puis
5269 3444 5398 3565 que

3257 3568 3306 3691 le
3379 3568 4057 3691 demi-Diametre
4118 3568 4227 3691 20.
4311 3568 4408 3691 eſt
4457 3568 4614 3691 plus
4687 3568 4905 3691 grand
4966 3568 5099 3691 que
5184 3568 5402 3691 celuy

3281 3688 3341 3808 de
3401 3688 3498 3808 16.
3606 3688 3618 3808 &
3691 3688 3907 3808 celuy
3980 3688 4040 3808 de
4112 3688 4221 3808 16.
4293 3688 4450 3808 plus
4522 3688 4739 3808 grand
4811 3688 4931 3808 que
5004 3688 5052 3808 le
5112 3688 5413 3808 troiſie-

3293 3808 3377 3929 me
3437 3808 3509 3929 de
3569 3808 3665 3929 12.
3725 3808 3749 3929 il
3797 3808 4133 3929 s’enſuit,
4193 3808 4386 3929 qu’en
4458 3808 4746 3929 hauſſãt
4806 3808 4866 3929 ou
4938 3808 5310 3929 abaiſſant
5358 3808 5394 3929 la

3267 3924 3562 4052 pointe,
3621 3924 3668 4052 du
3739 3924 4070 4052 poignet
4141 3924 4200 4052 de
4247 3924 4295 4052 la
4377 3924 4531 4052 main
4602 3924 4755 4052 tant
4803 3924 5275 4052 ſeulement,
5322 3924 5381 4052 on

3266 4054 3712 4177 raccourcit
3759 4054 3806 4177 le
3877 4054 4159 4177 chemin
4241 4054 4299 4177 de
4358 4054 4393 4177 la
4452 4054 4769 4177 pointe,
4839 4054 4945 4177 qui
5027 4054 5110 4177 eſt
5168 4054 5215 4177 la
5297 4054 5415 4177 cir-

3273 4176 3754 4296 conference
3810 4176 4001 4296 plus,
4057 4176 4247 4296 qu’en
4314 4176 4371 4296 le
4415 4176 4684 4296 faiſant
4751 4176 4807 4296 du
4886 4176 5188 4296 coude:
5300 4176 5300 4296 &
5356 4176 5412 4296 a-

3272 4296 3393 4423 vec
3441 4296 3490 4423 le
3562 4296 3804 4423 coude
3876 4296 4432 4423 pareillement
4493 4296 4698 4423 plus,
4758 4296 4952 4423 qu’en
5024 4296 5278 4423 faiſant
5350 4296 5399 4423 le

3289 4416 3799 4530 mouvement
3852 4416 4033 4530 avec
4075 4416 4128 4530 le
4181 4416 4351 4530 bras
4415 4416 4681 4530 entier.

3393 4529 3442 4668 Il
3491 4529 3710 4668 ſeroit
3771 4529 3917 4668 bien
4003 4529 4125 4668 aiſé
4222 4529 4283 4668 de
4356 4529 4685 4668 calculer
4759 4529 4868 4668 par
4941 4529 5161 4668 raiſon
5307 4529 5405 4668 Ma-

3268 4664 3813 4795 thematique,
3871 4664 4219 4795 combien
4301 4664 4405 4795 ces
4486 4664 4962 4795 differences
5020 4664 5391 4795 portent:

3296 4790 3452 4913 mais
3500 4790 3536 4913 il
3572 4790 3764 4913 nous
3812 4790 4053 4913 ſuffira
4137 4790 4257 4913 d’en
4353 4790 4725 4913 propoſer
4785 4790 5242 4913 ſeulement
5314 4790 5374 4913 un

3276 4913 3461 5039 petit
3535 4913 3918 5039 exemple,
3979 4913 4091 5039 par
4128 4913 4177 5039 le
4251 4913 4412 5039 quel
4461 4913 4498 5039 il
4560 4913 4696 5039 ſera
4770 4913 4992 5039 facile
5078 4913 5412 5039 d’enten-

3289 5037 3388 5152 dre
3449 5037 3609 5152 auſſi
3658 5037 3671 5152 à
3720 5037 4175 5152 l’advenant
4212 5037 4273 5152 le
4322 5037 4544 5152 reſte.

3426 5151 3683 5293 Poſons
3756 5151 3940 5293 donc
3989 5151 4037 5293 le
4111 5151 4246 5293 cas,
4307 5151 4503 5293 qu’on
4576 5151 4833 5293 hauſſe
4882 5151 4919 5293 la
4992 5151 5261 5293 pointe
5335 5151 5396 5293 de

3266 5284 3536 5415 l’eſpee
3609 5284 3658 5415 du
3744 5284 3890 5415 ſeul
3939 5284 4319 5415 poignet;
4404 5284 4453 5415 en
4527 5284 4723 5415 ſorte
4808 5284 4931 5415 que
5004 5284 5053 5415 le
5139 5284 5396 5415 centre

3290 5411 3350 5543 de
3398 5411 3819 5543 l’aſcenſion
3891 5411 4024 5543 ſoit
4084 5411 4132 5543 en
4204 5411 4240 5543 la
4324 5411 4541 5543 main,
4649 5411 4661 5543 &
4721 5411 4830 5543 par
4902 5411 5395 5543 conſequent

3268 5534 3317 5665 le
3390 5534 4064 5665 demi-Diametre
4113 5534 4248 5665 ſoit
4285 5534 4334 5665 la
4383 5534 4591 5665 ſeule
4640 5534 5045 5665 longueur
5106 5534 5167 5665 de
5217 5534 5266 5665 la
5315 5534 5413 5665 la-

3303 5658 3422 5789 me,
3458 5658 3708 5789 faiſant
3767 5658 3863 5789 12.
3994 5658 3994 5789 &
4077 5658 4208 5789 que
4280 5658 4316 5789 la
4375 5658 4649 5789 pointe
4733 5658 4971 5789 monte
5043 5658 5400 5789 pareille-

3303 5781 3480 5906 ment
3546 5781 3590 5906 en
3690 5781 4286 5906 circonference
4341 5781 4353 5906 à
4408 5781 4507 5906 12.
4629 5781 4993 5906 Nombres
5060 5781 5104 5906 en
5181 5781 5391 5906 haut;

3275 5904 3471 6039 alors
3532 5904 3568 6039 en
3641 5904 3934 6039 laiſſant
4020 5904 4447 6039 deſcendre
4508 5904 4654 6039 une
4703 5904 4898 6039 ligne
4971 5904 5411 6039 perpendi-

3292 6028 3559 6151 culaire
3641 6028 3687 6151 du
3769 6028 3896 6151 lieu
4001 6028 4071 6151 de
4129 6028 4175 6151 la
4256 6028 4524 6151 pointe
4605 6028 4756 6151 vers
4814 6028 4860 6151 la
4953 6028 5209 6151 terre,
5314 6028 5372 6151 on

3275 6150 3676 6274 trouvera,
3722 6150 3848 6274 que
3917 6150 3962 6274 la
4031 6150 4226 6274 ligne
4306 6150 4398 6274 12.
4455 6150 4593 6274 ſera
4650 6150 5120 6274 raccourcie
5200 6150 5269 6274 de
5360 6150 5395 6274 6.

3324 6262 3715 6400 Nombres;
3765 6262 3916 6400 c’eſt
3967 6262 3979 6400 à
4055 6262 4218 6400 dire,
4269 6262 4332 6400 de
4382 6262 4420 6400 la
4470 6262 4659 6400 juſte
4747 6262 5024 6400 moitié.

3380 6388 3417 6530 Si
3466 6388 3503 6530 la
3564 6388 3820 6530 pointe
3881 6388 3955 6530 ne
4040 6388 4309 6530 monte,
4370 6388 4492 6530 que
4566 6388 4602 6530 6.
4700 6388 5091 6530 Nombres,
5140 6388 5250 6530 qui
5311 6388 5396 6530 eſt

3258 6527 3303 6646 la
3393 6527 3629 6646 moitié
3697 6527 3764 6646 de
3798 6527 4226 6646 l’aſcenſion
4305 6527 4834 6646 precedente,
4890 6527 4946 6646 on
5014 6527 5385 6646 trouvera

3277 6651 3389 6779 par
3451 6651 3488 6779 la
3575 6651 3774 6779 ligne
3848 6651 4619 6779 perpendiculaire,
4718 6651 4979 6779 qu’elle
5041 6651 5178 6779 ſera
5252 6651 5414 6779 rac-

3277 6779 3584 6902 courcie
3670 6779 3732 6902 de
3806 6779 3904 6902 1,
3990 6779 4101 6902 qui
4137 6779 4346 6902 n’eſt,
4408 6779 4543 6902 que
4580 6779 4641 6902 le
4715 6779 4924 6902 quart
4985 6779 5047 6902 du
5133 6779 5391 6902 prece-

3285 6895 3449 6993 dent
3496 6895 4302 6993 raccourciſſement.

5365 7016 5408 7134 Si

994 465 1046 596 au
1150 465 1384 596 poing
1423 465 1723 596 ſuivant
1788 465 1840 596 le
1892 465 2048 596 ſtile
2113 465 2178 596 de
2257 465 2517 596 ceſtuy
2569 465 2829 596 noſtre
2908 465 3103 596 Exer-

1002 591 1179 721 cice,
1254 591 1418 721 dont
1469 591 1494 721 il
1544 591 1683 721 ſera
1746 591 1935 721 parlé
1998 591 2061 721 cy
2112 591 2364 721 apres,
2452 591 2465 721 &
2528 591 2717 721 qu’on
2780 591 3096 721 l’eſtẽde

1005 720 1389 842 enſemble
1437 720 1617 842 avec
1665 720 1713 842 le
1761 720 1929 842 bras
1989 720 2038 842 en
2122 720 2362 842 droite
2422 720 2674 842 ligne,
2722 720 2890 842 ainſi
2950 720 3106 842 qu’il

987 840 1033 965 ſe
1124 840 1262 965 voit
1330 840 1376 965 en
1445 840 1640 965 l’une
1720 840 1789 965 de
1869 840 1972 965 ces
2052 840 2247 965 deux
2293 840 2774 965 perſonnes;
2843 840 3106 965 tenant

983 965 1034 1090 la
1097 965 1400 1090 pointe,
1501 965 1501 1090 &
1552 965 1589 1090 la
1665 965 1930 1090 garde,
2031 965 2044 1090 &
2082 965 2448 1090 l’eſpaule
2524 965 2574 1090 en
2676 965 2865 1090 egale
2928 965 3118 1090 hau-

993 1087 1213 1212 teur;
1262 1087 1310 1212 la
1359 1087 1555 1212 ligne
1652 1087 1713 1212 de
1774 1087 2043 1212 l’eſpee
2116 1087 2287 1212 avec
2348 1087 2409 1212 le
2458 1087 2653 1212 bras,
2727 1087 2995 1212 depuis
3056 1087 3093 1212 la

999 1208 1259 1336 pointe
1334 1208 1396 1336 de
1445 1208 1483 1336 la
1557 1208 1743 1336 lame
1792 1208 2115 1336 juſques
2164 1208 2164 1336 à
2226 1208 2585 1336 l’eſpaule
2647 1208 2697 1336 ou
2771 1208 2784 1336 à
2833 1208 3106 1336 l’aixel-

983 1334 1067 1458 le,
1126 1334 1257 1458 ſera
1317 1334 1651 1458 trouvée
1722 1334 1913 1458 egale
1972 1334 1972 1458 à
2032 1334 2068 1458 la
2127 1334 2414 1458 ſtature
2485 1334 2545 1458 de
2592 1334 2628 1458 la
2700 1334 3105 1458 perſonne.

1005 1458 1051 1589 Si
1109 1458 1284 1589 vous
1353 1458 1400 1589 en
1481 1458 1923 1589 demandez
1969 1458 2016 1589 la
2074 1458 2411 1589 preuve,
2457 1458 2747 1589 prenez
2806 1458 2864 1589 un
2933 1458 3108 1589 long

993 1581 1289 1707 baſton,
1357 1581 1414 1707 ou
1482 1581 1630 1707 une
1698 1581 1926 1707 demie
1994 1581 2256 1707 lance,
2381 1581 2392 1707 &
2472 1581 2517 1707 en
2631 1581 2961 1707 meſurez
3041 1581 3109 1707 de

982 1703 1385 1829 longueur
1458 1703 1714 1829 depuis
1763 1703 2130 1829 lapointe
2215 1703 2276 1829 de
2337 1703 2386 1829 la
2447 1703 2643 1829 lame
2704 1703 3034 1829 juſques
3095 1703 3107 1829 à

980 1828 1363 1953 l’aixelle:
1412 1828 1573 1953 puis
1622 1828 2054 1953 appliquez
2129 1828 2314 1953 ceſte
2388 1828 2647 1953 meſme
2721 1828 2919 1953 ligne
2993 1828 2993 1953 à
3067 1828 3104 1953 la

977 1950 1324 2071 hauteur
1383 1950 1455 2071 de
1503 1950 1539 2071 la
1599 1950 2017 2071 perſonne,
2100 1950 2411 2071 mettant
2459 1950 2507 2071 le
2555 1950 2782 2071 ſuſdit
2841 1950 3092 2071 baſton

998 2076 1200 2196 entre
1248 2076 1308 2196 le
1367 2076 1594 2196 creux
1665 2076 1725 2196 de
1772 2076 1868 2196 ſes
1951 2076 2130 2196 deux
2189 2076 2463 2196 pieds,
2582 2076 2582 2196 &
2654 2076 2702 2196 le
2785 2076 3107 2196 dreſſant

984 2192 1159 2324 tout
1218 2192 1405 2324 droit
1498 2192 1755 2324 contre
1825 2192 1871 2324 le
1965 2192 2175 2324 corps
2245 2192 2432 2324 pour
2490 2192 2537 2324 le
2619 2192 2957 2324 meſurer.
3062 2192 3109 2324 Et

993 2324 1051 2465 ce
1120 2324 1384 2465 faiſant
1430 2324 1568 2465 ſera
1626 2324 1936 2465 trouvé,
1994 2324 2120 2465 que
2166 2324 2201 2465 la
2293 2324 2557 2465 meſure
2626 2324 2672 2465 en
2741 2324 3121 2465 accorde-

990 2446 1036 2568 ra
1083 2446 1528 2568 juſtement
1587 2446 1599 2568 à
1669 2446 1704 2568 la
1774 2446 2114 2568 hauteur
2196 2446 2266 2568 de
2325 2446 2360 2568 la
2430 2446 2840 2568 perſonne.
