5719 7432
2953 387 3068 526 gne
3137 387 3379 526 droite
3447 387 3804 526 demeure
3884 387 3930 526 en
4022 387 4114 526 ſon
4217 387 4459 526 entier
4528 387 4677 526 ſans
4746 387 5045 526 aucune

2939 515 3365 642 courbure,
3414 515 3901 642 nonobſtant
3974 515 4230 642 qu’elle
4291 515 4620 642 forligne
4705 515 5046 642 quelque

2930 638 3045 766 peu
3137 638 3206 766 de
3252 638 3286 766 la
3367 638 3597 766 droite
3666 638 3884 766 voye:
3953 638 4103 766 mais
4172 638 4414 766 quand
4471 638 4529 766 on
4598 638 4644 766 le
4701 638 4816 766 fait
4874 638 5046 766 avec

2921 762 2970 890 le
3043 762 3324 890 coude,
3372 762 3433 890 on
3494 762 3616 890 fait
3677 762 3738 890 un
3811 762 4067 890 angle,
4128 762 4238 890 qui
4299 762 4385 890 eſt
4433 762 5043 890 neceſſairemẽt

2934 890 3067 1017 une
3128 890 3650 1017 encogneure
3698 890 3795 1017 ſur
3844 890 3880 1017 la
3929 890 4183 1017 ligne:
4281 890 4450 1017 dont
4523 890 4814 1017 s’enſuit
4887 890 5057 1017 auſſi

2918 1013 3629 1142 neceſſairement,
3702 1013 3955 1142 qu’elle
4027 1013 4498 1142 s’accourcit
4570 1013 5052 1142 d’avantage,

2929 1137 3194 1261 entant
3278 1137 3543 1261 qu’elle
3627 1137 4024 1261 s’eſloigne
4097 1137 4265 1261 plus
4361 1137 4422 1261 de
4494 1137 4542 1261 la
4650 1137 5047 1261 droiture.

2975 1258 3105 1405 Que
3170 1258 3196 1405 ſi
3274 1258 3469 1405 ceſte
3547 1258 4092 1405 encoigneure
4183 1258 4248 1405 de
4313 1258 4573 1405 l’angle
4638 1258 5040 1405 approche

2940 1389 3153 1518 encor
3215 1389 3378 1518 plus
3440 1389 3490 1518 du
3603 1389 3828 1518 milieu
3928 1389 3991 1518 de
4053 1389 4103 1518 la
4166 1389 4429 1518 ligne,
4491 1389 4666 1518 ainſi
4741 1389 4904 1518 qu’il
4979 1389 5017 1518 en

2918 1518 3242 1644 advient
3331 1518 3576 1644 quand
3654 1518 3710 1644 on
3799 1518 3922 1644 fait
3989 1518 4045 1644 le
4156 1518 4669 1644 mouvement
4747 1518 4926 1644 avec
4993 1518 5037 1644 la

2950 1638 3142 1769 main,
3178 1638 3214 1769 il
3274 1638 3286 1769 y
3346 1638 3358 1769 a
3418 1638 3826 1769 touſiours
3898 1638 4126 1769 encor
4198 1638 4366 1769 plus
4450 1638 5038 1769 d’accourciſſe-

2948 1766 3161 1893 ment;
3209 1766 3304 1893 car
3375 1766 3624 1893 quand
3672 1766 3933 1893 l’angle
4004 1766 4087 1893 eſt
4146 1766 4455 1893 environ
4514 1766 4621 1893 les
4680 1766 5048 1893 extremi-

2921 1889 3038 2023 tez
3104 1889 3169 2023 de
3208 1889 3260 2023 la
3312 1889 3534 2023 ligne,
3573 1889 3599 2023 il
3652 1889 3756 2023 n’y
3821 1889 3860 2023 en
3939 1889 3939 2023 a
4017 1889 4278 2023 qu’une
4330 1889 4578 2023 petite
4630 1889 4865 2023 partie
4930 1889 5048 2023 qui

2914 2021 3334 2139 s’esloigne
3406 2021 3466 2139 de
3514 2021 3562 2139 la
3634 2021 4018 2139 droiture.

3076 2132 3249 2272 Dont
3299 2132 3336 2272 il
3385 2132 3744 2272 s’entend
3794 2132 3979 2272 auſſi,
4029 2132 4289 2272 qu’elle
4351 2132 4858 2272 s’accourcira
4932 2132 5044 2272 en-

2918 2268 3033 2393 cor
3102 2268 3595 2393 d’avantage,
3664 2268 3710 2393 en
3790 2268 3894 2393 cas
3963 2268 4158 2393 qu’on
4238 2268 4249 2393 y
4307 2268 4467 2393 face
4559 2268 4743 2393 deux
4823 2268 5041 2393 cour-

2916 2388 3168 2518 bures,
3205 2388 3394 2518 l’une
3445 2388 3545 2518 ſur
3596 2388 3646 2518 le
3709 2388 3986 2518 coude,
4074 2388 4087 2518 &
4125 2388 4389 2518 l’autre
4439 2388 4553 2518 ſur
4590 2388 4641 2518 le
4704 2388 5031 2518 poignet

2931 2517 2990 2632 de
3037 2517 3072 2632 la
3166 2517 3365 2632 main.

3074 2627 3268 2767 Ceſte
3346 2627 3579 2767 droite
3631 2627 3825 2767 ligne
3877 2627 4045 2767 aura
4123 2627 4187 2767 un
4278 2627 4420 2767 fort
4498 2627 4731 2767 grand
4795 2627 5028 2767 uſage

2925 2763 2961 2889 en
3059 2763 3315 2889 noſtre
3401 2763 3828 2889 Pratique,
3974 2763 3974 2889 &
4048 2763 4194 2889 ſera
4255 2763 4316 2889 le
4389 2763 4878 2889 fondement
4963 2763 5024 2889 de

2900 2885 3288 3016 pluſieurs
3349 2885 3968 3016 obſervations,
4029 2885 4101 3016 de
4150 2885 4344 3016 ſorte
4417 2885 4684 3016 qu’elle
4781 2885 5036 3016 merite

2918 3011 3171 3141 d’eſtre
3255 3011 3858 3141 curieuſement
3942 3011 4340 3141 declarée,
4460 3011 4460 3141 &
4520 3011 4665 3141 bien
4773 3011 5039 3141 enten-

2926 3140 3080 3264 due.
3195 3140 3349 3264 C’eſt
3400 3140 3439 3264 la
3490 3140 3656 3264 plus
3695 3140 4003 3264 longue
4105 3140 4105 3264 &
4169 3140 4208 3264 la
4259 3140 4426 3264 plus
4477 3140 4682 3264 ſeure
4759 3140 4823 3264 de
4874 3140 5041 3264 tou-

2909 3264 3058 3387 tes,
3108 3264 3157 3387 la
3219 3264 3381 3387 plus
3443 3264 3740 3387 capable
3815 3264 3852 3387 en
3951 3264 4249 3387 defenſe
4311 3264 4324 3387 à
4386 3264 4584 3387 tenir
4634 3264 5031 3387 l’Ennemi

2924 3383 3302 3513 eſloigné,
3402 3383 3402 3513 &
3453 3383 3491 3513 la
3554 3383 3717 3513 plus
3780 3383 4158 3513 puiſſante
4247 3383 4297 3513 en
4385 3383 4751 3513 offenſion
4839 3383 5028 3513 pour

2895 3508 3380 3637 l’atteindre.
3477 3508 3525 3637 En
3598 3508 3925 3637 ſomme,
3962 3508 4095 3637 ſoit
4143 3508 4337 3637 pour
4398 3508 4580 3637 faire
4641 3508 5029 3637 invaſion,

2903 3637 3031 3758 ſoit
3078 3637 3276 3758 pour
3323 3637 3754 3758 atteindre,
3813 3637 3964 3758 c’eſt
4011 3637 4046 3758 la
4139 3637 4524 3758 meilleure
4583 3637 4653 3758 de
4723 3637 5026 3758 toutes.

2932 3750 2977 3877 Et
3044 3750 3101 3877 ce
3157 3750 3347 3877 pour
3392 3750 3695 3877 autant,
3763 3750 3886 3877 que
3953 3750 4167 3877 celuy
4234 3750 4346 3877 qui
4425 3750 4470 3877 en
4571 3750 4818 3877 donne
4885 3750 5031 3877 l’at-

2901 3879 3144 3997 teinte
3201 3879 3247 3997 au
3328 3879 3490 3997 plus
3536 3879 3824 3997 proche
3893 3879 4193 3997 endroit
4286 3879 5024 3997 d’attouchement,

2891 3995 2926 4124 il
2973 3995 3019 4124 le
3078 3995 3194 4124 fait
3253 3995 3253 4124 à
3311 3995 3510 4124 ſeur,
3556 3995 3708 4124 ſans
3755 3995 3988 4124 aucun
4070 3995 4350 4124 danger
4420 3995 4479 4124 de
4525 3995 4887 4124 recevoir
4946 3995 4992 4124 au

2931 4120 3187 4248 meſme
3248 4120 3503 4248 temps
3540 4120 3588 4248 la
3649 4120 3990 4248 pareille.
4087 4120 4136 4248 Et
4185 4120 4379 4248 pour
4440 4120 4623 4248 ceſte
4720 4120 4927 4248 cauſe
4988 4120 5024 4248 il

2894 4242 3160 4372 faudra
3221 4242 3619 4372 touſiours
3668 4242 3970 4372 taſcher
4030 4242 4091 4372 de
4163 4242 4284 4372 s’en
4369 4242 4768 4372 prevaloir
4840 4242 4889 4372 en
4973 4242 5022 4372 la

2932 4357 3324 4505 Pratique.

3614 4855 4076 4946 FIGVRE
4351 4855 4351 4946 .

3380 4994 3826 5123 Eantmoins
3884 4994 4130 5123 quand
4189 4994 4341 5123 c’eſt
4412 4994 4599 5123 qu’on
4681 4994 4892 5123 entre
4951 4994 4998 5123 en

3373 5119 3648 5252 meſure
3707 5119 4077 5252 eſtroite,
4149 5119 4197 5252 où
4292 5119 4567 5252 toutes
4626 5119 4734 5252 les
4781 5119 5032 5252 lignes

3351 5246 3694 5378 longues
3741 5246 3894 5378 ſont
3941 5246 4319 5378 inutiles,
4437 5246 4437 5378 &
4531 5246 5026 5378 dommagea-

3354 5369 3561 5502 bles,
3610 5369 3622 5502 à
3683 5369 3890 5502 cauſe
3963 5369 4085 5502 que
4134 5369 4244 5502 les
4317 5369 4707 5502 diſtances
4792 5369 4804 5502 y
4865 5369 5023 5502 ſont

2898 5387 3382 5618 aucunefois
3445 5387 3611 5618 plus
3687 5387 4031 5618 courtes,
4132 5387 4260 5618 que
4323 5387 4425 5618 les
4489 5387 4730 5618 lames
4807 5387 5036 5618 eſten-

2905 5615 3083 5753 dues
3155 5615 3333 5753 avec
3392 5615 3451 5753 le
3523 5615 3677 5753 bras
3760 5615 3808 5753 en
3914 5615 4152 5753 droite
4223 5615 4425 5753 ligne
4484 5615 4710 5753 (dont
4793 5615 4840 5753 on
4947 5615 5030 5753 eſt

2908 5739 3296 5875 contraint
3352 5739 3418 5875 de
3474 5739 3928 5875 raccourcir
3973 5739 4028 5875 le
4084 5739 4283 5875 bras,
4328 5739 4383 5875 ou
4483 5739 4782 5875 meſmes
4849 5739 4915 5875 de
4971 5739 5015 5875 le

2902 5864 3170 5993 retirer
3240 5864 3590 5993 arriere,
3648 5864 3764 5993 afin
3869 5864 3939 5993 de
3997 5864 4056 5993 ſe
4125 5864 4463 5993 pouvoir
4533 5864 4754 5993 ſervir
4836 5864 4906 5993 de
4976 5864 5011 5993 la

2901 5989 3239 6116 pointe.)
3355 5989 3402 6116 En
3507 5989 3611 6116 ces
3716 5989 4030 6116 meſures
4112 5989 4473 6116 eſtroites
4554 5989 4810 6116 noſtre
4869 5989 5032 6116 lon-

2919 6115 3143 6249 gueur
3230 6115 3516 6249 d’eſpee
3590 6115 3677 6249 ne
3739 6115 3938 6249 laiſſe
4013 6115 4125 6249 pas
4212 6115 4299 6249 d’y
4373 6115 4548 6249 eſtre
4622 6115 5020 6249 touſiours

2915 6244 3339 6366 commode
3460 6244 3460 6366 &
3557 6244 3920 6366 maniable
3981 6244 3981 6366 à
4041 6244 4502 6366 ſuffiſance:
4574 6244 4671 6366 car
4732 6244 4853 6366 elle
4938 6244 5022 6366 eſt

2899 6366 3169 6497 autant
3215 6366 3497 6497 propre
3555 6366 3743 6497 pour
3790 6366 4247 6497 raccourcir
4294 6366 4329 6497 ſa
4387 6366 4587 6497 ligne
4669 6366 4716 6497 en
4786 6366 5020 6497 ladite

2931 6492 3198 6621 meſure
3261 6492 3617 6621 eſtroite,
3680 6492 3934 6621 qu’elle
3998 6492 4086 6621 eſt
4150 6492 4455 6621 capable
4518 6492 4582 6621 de
4632 6492 5026 6621 l’allonger

2915 6619 2965 6744 en
3028 6619 3066 6744 la
3142 6619 3457 6744 grande.
3545 6619 3709 6744 C’eſt
3772 6619 3822 6744 ce
3911 6619 4024 6744 qui
4100 6619 4176 6744 eſt
4239 6619 4693 6744 repreſenté
4756 6619 4869 6744 par
4932 6619 5020 6744 les

2919 6744 3097 6875 deux
3169 6744 3454 6875 figures
3501 6744 3953 6875 ſuivantes;
4024 6744 4190 6875 dont
4261 6744 4428 6875 celle
4499 6744 4606 6875 qui
4689 6744 4772 6875 eſt
4867 6744 5022 6875 mar-

2918 6870 3096 6992 quée
3166 6870 3226 6992 de
3273 6870 3320 6992 la
3367 6870 3604 6992 lettre
3733 6870 3757 6992 G.
3852 6870 4300 6992 demonſtre
4383 6870 4785 6992 comment
4856 6870 4903 6992 on
4974 6870 5009 6992 la

4847 7020 5027 7113 peut

764 386 800 520 Si
873 386 982 520 elle
1043 386 1115 520 ne
1200 386 1443 520 monte
1516 386 1649 520 qu’à
1722 386 1758 520 3.
1855 386 2219 520 Nombres
2292 386 2353 520 de
2401 386 2765 520 hauteur,

623 511 659 663 la
731 511 948 663 ligne
1032 511 1080 663 du
1188 511 1971 663 raccourciſſement
2043 511 2176 663 ſera
2272 511 2645 663 derechef
2717 511 2765 663 le

622 638 819 767 juſte
881 638 1091 767 quart
1165 638 1215 767 du
1289 638 1783 767 precedent,
1832 638 2153 767 aſſavoir
2252 638 2252 767 .

776 751 955 897 Ainſi
1014 751 1062 897 en
1145 751 1229 897 eſt
1276 751 1312 897 il
1360 751 1932 897 pareillement
2015 751 2122 897 des
2194 751 2456 897 autres
2515 751 2777 897 aſcen-

623 891 853 1018 ſions,
945 891 1256 1018 mettant
1325 891 1371 1018 le
1463 891 1716 1018 centre
1785 891 1889 1018 ſur
1958 891 2004 1018 le
2085 891 2361 1018 coude.
2464 891 2557 1018 car
2626 891 2649 1018 ſi
2706 891 2752 1018 la

631 1018 892 1143 pointe
960 1018 1005 1143 en
1107 1018 1356 1143 monte
1402 1018 1413 1143 à
1470 1018 1572 1143 16.
1674 1018 2071 1143 Nombres,
2116 1018 2241 1143 elle
2286 1018 2343 1143 ſe
2388 1018 2762 1143 raccour-

643 1142 763 1271 cira
835 1142 895 1271 de
967 1142 1015 1271 8.
1111 1142 1159 1271 Si
1195 1142 1532 1271 juſques
1580 1142 1592 1271 à
1652 1142 1700 1271 8.
1808 1142 2205 1271 Nombres,
2253 1142 2373 1271 elle
2433 1142 2542 1271 s’en
2614 1142 2770 1271 rac-

640 1267 977 1395 courcira
1047 1267 1117 1395 de
1175 1267 1222 1395 2.
1362 1267 1408 1395 Et
1467 1267 1490 1395 ſi
1560 1267 1676 1395 elle
1723 1267 1804 1395 ne
1886 1267 2130 1395 monte
2200 1267 2340 1395 qu’à
2410 1267 2445 1395 4.
2515 1267 2631 1395 elle
2701 1267 2748 1395 en

618 1391 766 1538 ſera
827 1391 1283 1538 raccourcie
1381 1391 1541 1538 de..
1627 1391 1738 1538 qui
1799 1391 1971 1538 n’eſt
2058 1391 2193 1538 que
2254 1391 2316 1538 le
2390 1391 2599 1538 quart
2685 1391 2734 1538 du

619 1518 1095 1635 precedent.

748 1629 798 1787 Il
835 1629 997 1787 faut
1059 1629 1433 1787 entendre
1496 1629 1658 1787 auſſi
1720 1629 1770 1787 le
1845 1629 2281 1787 ſemblable
2368 1629 2468 1787 des
2567 1629 2754 1787 mou-

626 1765 986 1886 vements
1054 1765 1166 1886 qui
1211 1765 1256 1886 ſe
1313 1765 1470 1886 font
1538 1765 1718 1886 avec
1774 1765 1819 1886 le
1898 1765 2055 1886 bras
2123 1765 2382 1886 entier.

778 1876 954 2022 Voilà
1029 1876 1444 2022 doncques
1494 1876 1532 2022 la
1620 1876 2060 2022 difference
2123 1876 2186 2022 de
2261 1876 2299 2022 la
2387 1876 2626 2022 droite
2688 1876 2764 2022 li-

645 2021 758 2146 gne
826 2021 1087 2146 contre
1132 2021 1235 2146 les
1291 2021 1598 2146 autres,
1677 2021 1779 2146 qui
1824 2021 1904 2146 ne
1972 2021 2448 2146 demeurent
2505 2021 2619 2146 pas
2687 2021 2732 2146 en

639 2145 827 2271 egale
886 2145 1273 2271 hauteur;
1320 2145 1473 2271 ſans
1531 2145 1977 2271 toutesfois
2048 2145 2494 2271 conſiderer
2564 2145 2752 2271 pour

614 2264 660 2396 le
719 2264 1023 2396 preſent
1070 2264 1128 2396 le
1187 2264 1935 2396 raccourciſſemẽt,
1970 2264 2052 2396 ne
2099 2264 2145 2396 la
2216 2264 2601 2396 courbure
2683 2264 2730 2396 du

618 2393 832 2521 bras,
892 2393 975 2521 ne
1023 2393 1070 2521 le
1142 2393 1678 2521 changement
1761 2393 1833 2521 de
1881 2393 1916 2521 la
1976 2393 2298 2521 poſture
2369 2393 2417 2521 du
2500 2393 2750 2521 corps,

636 2517 864 2643 moins
922 2517 1207 2643 encore
1264 2517 1790 2643 l’avancemẽt
1859 2517 2018 2643 qu’il
2076 2517 2258 2643 peut
2304 2517 2487 2643 faire
2556 2517 2750 2643 moy-

619 2640 903 2770 ennant
951 2640 998 2770 la
1069 2640 1483 2770 demarche
1554 2640 1672 2770 des
1731 2640 1980 2770 pieds.
2075 2640 2169 2770 Car
2217 2640 2252 2770 il
2299 2640 2382 2770 ne
2429 2640 2583 2770 faut
2631 2640 2749 2770 pas

624 2764 928 2894 douter,
988 2764 1183 2894 qu’on
1255 2764 1340 2894 ne
1389 2764 1631 2894 puiſſe
1680 2764 2080 2894 atteindre
2141 2764 2299 2894 plus
2347 2764 2554 2894 loing
2626 2764 2748 2894 que

601 2889 638 3020 la
723 2889 955 3020 droite
1003 2889 1272 3020 ligne,
1345 2889 1381 3020 ſi
1454 2889 1503 3020 on
1588 2889 1881 3020 panche
1954 2889 2003 3020 le
2088 2889 2307 3020 corps
2368 2889 2478 3020 ſur
2526 2889 2575 3020 le
2648 2889 2758 3020 de-

615 3017 806 3144 vant,
862 3017 907 3144 ou
1008 3017 1199 3144 qu’on
1266 3017 1603 3144 l’avance
1659 3017 1838 3144 avec
1883 3017 1928 3144 la
1995 3017 2444 3144 demarche:
2512 3017 2568 3144 ce
2635 3017 2747 3144 qui

615 3136 698 3267 eſt
769 3136 948 3267 hors
1031 3136 1091 3267 de
1162 3136 1460 3267 propos
1590 3136 1590 3267 &
1662 3136 1840 3267 hors
1924 3136 1983 3267 de
2078 3136 2376 3267 doute,
2447 3136 2447 3267 à
2542 3136 2744 3267 cauſe

623 3265 811 3391 qu’en
893 3265 987 3391 tel
1069 3265 1222 3391 cas,
1280 3265 1315 3391 il
1386 3265 1433 3391 ſe
1503 3265 1785 3391 trouve
1878 3265 2066 3391 deux
2136 3265 2383 3391 lignes
2477 3265 2746 3391 contre

605 3390 812 3517 une;
893 3390 985 3517 car
1054 3390 1515 3517 l’extenſion
1618 3390 1676 3517 du
1780 3390 1941 3517 bras
2010 3390 2194 3517 avec
2240 3390 2505 3517 l’eſpee
2586 3390 2747 3517 font

606 3518 745 3642 une
791 3518 1034 3642 ligne,
1081 3518 1671 3642 l’avancement
1741 3518 1787 3642 du
1891 3518 2111 3642 corps
2180 3518 2227 3642 en
2319 3518 2435 3642 fait
2516 3518 2748 3642 encor

598 3642 742 3768 une
802 3642 1042 3768 autre.
1198 3642 1330 3768 Que
1402 3642 1498 3768 ces
1570 3642 1762 3768 deux
1810 3642 2099 3768 lignes,
2159 3642 2399 3768 eſtans
2447 3642 2735 3768 jointes

606 3767 711 3877 par
784 3767 1215 3877 enſemble,
1246 3767 1530 3877 ſoyent
1582 3767 1740 3877 plus
1792 3767 2128 3877 longues
2201 3767 2327 3877 quo
2380 3767 2422 3877 la
2495 3767 2726 3877 droite

596 3873 807 4003 ligne
856 3873 1092 4003 ſeule,
1154 3873 1278 4003 celà
1340 3873 1427 4003 ne
1477 3873 1775 4003 touche
1824 3873 1949 4003 pas
1998 3873 2011 4003 à
2073 3873 2271 4003 ceſte
2358 3873 2743 4003 queſtion.

639 3996 747 4125 Car
807 3996 988 4125 pour
1060 3996 1361 4125 ſçavoir
1421 3996 1469 4125 la
1541 3996 1818 4125 portee
1902 3996 1975 4125 de
2047 3996 2396 4125 chacune
2468 3996 2672 4125 ligne
2733 3996 2733 4125 à

606 4121 807 4251 part,
854 4121 890 4251 il
925 4121 1032 4251 les
1079 4121 1232 4251 faut
1303 4121 1752 4251 conſiderer
1859 4121 1870 4251 &
1929 4121 2331 4251 comparer
2378 4121 2485 4251 les
2544 4121 2744 4251 unes

597 4242 740 4370 aux
812 4242 1074 4370 autres
1158 4242 1814 4370 diſtinement.
1945 4242 1993 4370 Et
2076 4242 2267 4370 pour
2339 4242 2398 4370 ce
2470 4242 2649 4370 faire
2709 4242 2744 4370 il

613 4370 1011 4496 convient,
1070 4370 1269 4496 qu’on
1328 4370 1527 4496 laiſſe
1574 4370 1632 4496 le
1703 4370 1914 4496 corps
1996 4370 2043 4496 en
2113 4370 2207 4496 ſon
2289 4370 2464 4496 eſtat
2523 4370 2746 4496 natu-

598 4494 728 4625 rel,
788 4494 895 4625 qui
942 4494 1025 4625 ne
1073 4494 1405 4625 favoriſe
1452 4494 1583 4625 non
1654 4494 1820 4625 plus
1856 4494 2093 4625 l’une,
2141 4494 2271 4625 que
2319 4494 2616 4625 l’autre.

753 4616 1094 4749 Parquoy
1176 4616 1199 4749 ſi
1258 4616 1446 4749 vous
1516 4616 1704 4749 avez
1786 4616 1998 4749 envie
2080 4616 2138 4749 de
2209 4616 2385 4749 faire
2444 4616 2737 4749 preuve

612 4744 681 4874 de
762 4744 819 4874 ce
923 4744 1049 4874 que
1129 4744 1463 4874 deſſus,
1566 4744 1853 4874 mettez
1922 4744 2118 4874 vous
2187 4744 2370 4874 droit
2439 4744 2543 4874 ſur
2623 4744 2738 4874 vos

611 4866 885 5001 pieds,
1005 4866 1017 5001 &
1088 4866 1327 5001 tenez
1399 4866 2043 5001 premierement
2102 4866 2377 5001 l’eſpee
2448 4866 2627 5001 avec
2687 4866 2747 5001 le

600 4992 770 5116 bras
830 4992 1206 5116 eſtendus
1266 4992 1315 5116 en
1400 4992 1642 5116 droite
1691 4992 1921 5116 ligne,
1969 4992 2018 5116 en
2078 4992 2127 5116 la
2212 4992 2527 5116 maniere
2587 4992 2745 5116 qu’il

614 5116 699 5253 eſt
747 5116 856 5253 icy
929 5116 1388 5253 repreſenté
1437 5116 1558 5253 par
1606 5116 1642 5253 la
1703 5116 1993 5253 figure,
2078 5116 2126 5253 en
2211 5116 2598 5253 touchant
2670 5116 2731 5253 de

601 5241 647 5375 la
728 5241 993 5375 pointe
1086 5241 1143 5375 un
1247 5241 1512 5375 certain
1616 5241 1927 5375 endroit
2008 5241 2135 5375 d’un
2262 5241 2435 5375 mur,
2516 5241 2562 5375 ou
2677 5241 2735 5375 de

631 5365 963 5499 quelque
1023 5365 1237 5499 autre
1320 5365 1534 5499 corps
1617 5365 1748 5499 que
1843 5365 1902 5499 ce
1961 5365 2092 5499 ſoit
2140 5365 2247 5499 ſur
2294 5365 2330 5499 la
2413 5365 2746 5499 hauteur

635 5491 697 5623 de
734 5491 1163 5623 l’eſpaule;
1261 5491 1273 5623 &
1322 5491 1494 5623 puis
1556 5491 1850 5623 eſſayez
1936 5491 2010 5623 de
2108 5491 2390 5623 monter
2464 5491 2513 5623 ou
2623 5491 2746 5623 d’a-

605 5616 872 5747 baiſſer
941 5616 1185 5747 voſtre
1243 5616 1544 5747 pointe,
1590 5616 1775 5747 avec
1822 5616 1880 5747 le
1949 5616 2111 5747 bras
2192 5616 2482 5747 entier,
2551 5616 2609 5747 ou
2702 5616 2748 5747 a-

617 5738 742 5866 vec
787 5738 844 5866 le
923 5738 1218 5866 coude,
1298 5738 1343 5866 ou
1445 5738 1616 5866 avec
1684 5738 1729 5866 la
1809 5738 1956 5866 main
2047 5738 2206 5866 tant
2263 5738 2751 5866 ſeulement;

610 5866 646 5998 il
682 5866 790 5998 n’y
861 5866 861 5998 a
945 5866 1160 5998 point
1244 5866 1304 5998 de
1376 5866 1639 5998 faute,
1699 5866 1746 5998 le
1830 5866 2057 5998 moins
2129 5866 2177 5998 du
2285 5866 2548 5998 monde
2619 5866 2739 5998 que

618 5991 805 6115 vous
882 5991 926 6115 la
1036 5991 1366 6115 montiez
1454 5991 1509 6115 ou
1608 5991 2135 6115 deſcendiez,
2190 5991 2377 6115 vous
2432 5991 2751 6115 trouve-

622 6115 726 6245 rez
795 6115 1047 6245 voſtre
1093 6115 1288 6245 ligne
1357 6115 1874 6245 raccourcie,
1943 6115 2104 6245 plus
2161 6115 2219 6245 ou
2334 6115 2598 6245 moins,
2667 6115 2724 6245 au

615 6241 952 6369 rebours
1022 6241 1150 6369 que
1220 6241 1267 6369 le
1348 6241 1605 6369 centre
1675 6241 1733 6369 du
1838 6241 2338 6369 mouvement
2385 6241 2525 6369 ſera
2583 6241 2746 6369 plus

636 6366 686 6510 ou
813 6366 1042 6510 moins
1118 6366 1448 6510 eſloigné
1537 6366 1601 6510 de
1664 6366 1702 6510 la
1779 6366 2109 6510 pointe,
2185 6366 2299 6510 qui
2337 6366 2464 6510 fait
2515 6366 2553 6510 la
2629 6366 2744 6510 cir-

626 6507 1159 6593 conference.

770 6597 823 6746 La
889 6597 1099 6746 cauſe
1178 6597 1230 6746 de
1296 6597 1493 6746 ceſte
1558 6597 1979 6746 difference
2044 6597 2162 6746 giſt
2215 6597 2386 6746 auſſi
2451 6597 2504 6746 en
2596 6597 2740 6746 par-

626 6741 764 6874 tie,
821 6741 867 6874 en
959 6741 1005 6874 ce
1085 6741 1212 6874 que
1281 6741 1533 6874 quand
1579 6741 1625 6874 le
1705 6741 2222 6874 mouvement
2268 6741 2325 6874 ſe
2382 6741 2509 6874 fait
2566 6741 2738 6874 avec

620 6869 668 6990 le
717 6869 886 6990 bras
947 6869 1213 6990 entier,
1274 6869 1516 6990 eſtant
1564 6869 1613 6990 le
1673 6869 1939 6990 centre
1988 6869 2036 6990 en
2109 6869 2520 6990 l’eſpaule;
2557 6869 2605 6990 la
2678 6869 2799 6990 li-)
