5719 7432
3223 408 3272 533 en
3370 408 3578 533 choſe
3651 408 3713 533 de
3762 408 3798 533 ſi
3859 408 4129 533 grande
4202 408 4704 533 conſequẽce
4765 408 4839 533 de
4888 408 5133 533 ſuivre
5169 408 5341 533 l’or-

3231 529 3327 658 dre
3399 529 3532 658 que
3592 529 3785 658 nous
3845 529 3893 658 en
3965 529 4218 658 avons
4266 529 4483 658 baillé
4543 529 4603 658 cy
4675 529 4952 658 deſſus;
5000 529 5337 658 d’autant

3235 656 3385 781 qu’il
3460 656 3548 781 eſt
3623 656 3823 781 quaſi
3873 656 4373 781 impoſſible,
4435 656 4485 781 en
4573 656 4948 781 tournant
4998 656 5048 781 le
5110 656 5323 781 corps

3217 780 3406 904 pour
3465 780 3784 904 deſcrire
3832 780 3867 904 la
3950 780 4080 904 dite
4139 780 4802 904 circonference,
4884 780 4944 904 de
5015 780 5062 904 le
5156 780 5322 904 gou-

3215 905 3488 1027 verner
3590 905 3590 1027 &
3670 905 4010 1027 moderer
4056 905 4090 1027 ſi
4124 905 4567 1027 juſtement
4612 905 4772 1027 ſans
4828 905 5090 1027 varier,
5146 905 5328 1027 com-

3245 1026 3317 1151 me
3388 1026 3424 1151 il
3484 1026 3711 1151 ſeroit
3770 1026 3782 1151 à
3842 1026 4272 1151 ſouhaiter.
4356 1026 4655 1151 Partant
4702 1026 4798 1151 n’y
4870 1026 4882 1151 a
4953 1026 5085 1151 rion
5168 1026 5335 1151 plus

3209 1150 3396 1275 ſeur,
3454 1150 3582 1275 que
3652 1150 3710 1275 de
3756 1150 3803 1275 le
3861 1150 4036 1275 faire
4094 1150 4269 1275 avec
4315 1150 4583 1275 l’eſpee
4664 1150 4955 1275 meſme,
5013 1150 5060 1275 en
5165 1150 5328 1275 met-

3211 1281 3361 1399 tant
3407 1281 3604 1399 l’une
3673 1281 3789 1399 des
3835 1281 4228 1399 branches
4297 1281 4355 1399 de
4424 1281 4459 1399 la
4552 1281 4748 1399 croix
4818 1281 4922 1399 ſur
4991 1281 5037 1399 le
5107 1281 5326 1399 point

3227 1399 3288 1523 du
3409 1399 3736 1523 Centre,
3858 1399 3870 1523 &
3943 1399 4113 1523 tirer
4198 1399 4234 1523 la
4343 1399 4962 1523 Circonference
5035 1399 5217 1523 avec
5278 1399 5314 1523 la

3207 1523 3544 1648 pointe,
3614 1523 3800 1648 pour
3882 1523 4079 1648 venir
4149 1523 4300 1648 tant
4370 1523 4533 1648 plus
4580 1523 5033 1648 ſeurement
5091 1523 5091 1648 à
5161 1523 5324 1648 l’ac-

3222 1647 3867 1768 compliſſement
3929 1647 3979 1768 du
4053 1647 4276 1768 reſte.

3378 1762 3425 1892 On
3508 1762 3873 1892 pourroit
3932 1762 4309 1892 propoſer
4392 1762 4616 1892 encor
4698 1762 5028 1892 d’autres
5087 1762 5323 1892 conſi-

3225 1891 3618 2016 derations
3665 1891 4058 2016 touchant
4118 1891 4308 2016 ceſte
4356 1891 4547 2016 juſte
4618 1891 5011 2016 longueur
5107 1891 5166 2016 de
5214 1891 5321 2016 l’e-

3204 2017 3399 2142 ſpee:
3485 2017 3643 2142 mais
3680 2017 3716 2142 il
3790 2017 3875 2142 me
3924 2017 4204 2142 ſemble
4302 2017 4424 2142 que
4509 2017 4631 2142 c’en
4729 2017 4814 2142 eſt
4887 2017 5070 2142 aſſez
5155 2017 5241 2142 dit
5314 2017 5314 2142 à

3212 2142 3401 2266 ceux
3460 2142 3578 2266 qui
3625 2142 3908 2266 aiment
3956 2142 3991 2266 la
4050 2142 4558 2266 bien-ſeance
4617 2142 4688 2266 de
4735 2142 5007 2266 porter
5042 2142 5314 2266 l’eſpee

3201 2266 3213 2389 à
3273 2266 3514 2389 coſté,
3550 2266 3598 2389 la
3671 2266 4165 2389 commodité
4237 2266 4297 2389 de
4345 2266 4394 2389 la
4454 2266 4683 2389 tirer,
4743 2266 5189 2389 l’avantage
5261 2266 5321 2389 de

3194 2389 3239 2513 la
3329 2389 3588 2513 manier
3656 2389 3701 2513 en
3780 2389 4051 2513 toutes
4107 2389 4682 2513 occurrences,
4795 2389 4795 2513 &
4851 2389 5324 2513 principale-

3237 2513 3416 2638 ment
3463 2513 3499 2638 la
3559 2513 3929 2638 neceſſité
4000 2513 4286 2638 meſme,
4322 2513 4513 2638 pour
4561 2513 4609 2638 le
4668 2513 4943 2638 regard
5002 2513 5074 2638 de
5133 2513 5324 2638 ceux

3221 2638 3325 2762 qui
3383 2638 3788 2762 voudront
3834 2638 4170 2762 prendre
4239 2638 4274 2762 la
4355 2638 4575 2762 peine
4644 2638 4713 2762 de
4771 2638 4956 2762 faire
5037 2638 5338 2762 exerci-

3215 2762 3276 2886 ce
3324 2762 3336 2886 à
3385 2762 3639 2886 noſtre
3724 2762 3953 2886 mode,
4050 2762 4050 2886 &
4099 2762 4207 2886 ſur
4256 2762 4304 2886 le
4353 2762 4498 2886 plan
4583 2762 4643 2886 de
4703 2762 4958 2886 noſtre
5042 2762 5320 2886 Cercle:

3224 2885 3318 3008 car
3353 2885 3635 3008 l’uſage
3682 2885 3847 3008 leur
3906 2885 3953 3008 en
4047 2885 4188 3008 fera
4235 2885 4387 3008 bien
4481 2885 4869 3008 entendre
4916 2885 4952 3008 la
5010 2885 5339 3008 neceſſi-

3209 3006 3298 3133 té,
3400 3006 3413 3133 &
3477 3006 3604 3133 que
3668 3006 3821 3133 ſans
3859 3006 4088 3133 icelle
4127 3006 4165 3133 il
4203 3006 4369 3133 leur
4432 3006 4662 3133 ſeroit
4726 3006 5172 3133 impoſſible
5261 3006 5324 3133 de

3211 3134 3742 3258 comprendre
3835 3134 3927 3258 les
4031 3134 4713 3258 demonſtrations
4805 3134 4863 3258 de
4956 3134 5083 3258 nos
5164 3134 5337 3258 pre-

3227 3257 3536 3379 ceptes.

3349 3373 3498 3506 Puis
3566 3373 3692 3506 que
3749 3373 3943 3506 nous
3989 3373 4229 3506 avons
4298 3373 4480 3506 donc
4549 3373 4812 3506 traitté
4880 3373 4949 3506 de
4995 3373 5029 3506 la
5098 3373 5326 3506 vraye

3200 3507 3598 3631 longueur
3697 3507 3747 3631 de
3822 3507 4158 3631 l’eſpee,
4220 3507 4257 3631 il
4319 3507 4543 3631 ſeroit
4618 3507 5115 3631 raiſonnable
5202 3507 5339 3631 que

3212 3631 3404 3755 nous
3482 3631 3528 3755 en
3629 3631 3989 3755 vinſſions
4057 3631 4057 3755 à
4136 3631 4384 3755 parler
4485 3631 5059 3755 doreſenavant
5150 3631 5206 3755 de
5273 3631 5318 3755 la

3205 3754 3469 3873 ſaçi,
3522 3754 3680 3873 tant
3733 3754 3786 3873 au
3860 3754 4134 3873 regard
4208 3754 4261 3873 de
4303 3754 4345 3873 la
4398 3754 4599 3873 lame
4673 3754 4852 3873 qu’au
4926 3754 5201 3873 regard
5264 3754 5327 3873 de

3204 3864 3251 3985 la
3343 3864 3551 3985 garde
3631 3864 3678 3985 en
3770 3864 3874 3985 ſon
3966 3864 4266 3985 entier,
4370 3864 4428 3985 ou
4520 3864 4566 3985 en
4670 3864 5051 3985 chaſcune
5121 3864 5178 3985 de
5236 3864 5340 3985 ſes

3208 3986 3535 4111 parties;
3593 3986 3767 4111 eſtãt
3826 3986 4350 4111 raiſonnable,
4408 3986 4536 4111 que
4583 3986 4688 4111 les
4746 3986 5340 4111 obſervations,

3221 4110 3349 4238 que
3403 4110 3596 4238 nous
3661 4110 3897 4238 avons
3950 4110 4348 4238 touchant
4390 4110 4498 4238 les
4541 4110 4831 4238 armes,
4873 4110 5153 4238 ſoyent
5228 4110 5335 4238 de-

3216 4233 3501 4352 clarées
3569 4233 3785 4352 avant
3876 4233 4001 4352 que
4092 4233 4399 4352 devenir
4456 4233 4467 4352 à
4513 4233 4934 4352 l’exercice
5036 4233 5332 4352 meſme.

3232 4344 3683 4483 Toutesfois
3738 4344 3926 4483 nous
3981 4344 4223 4483 avons
4278 4344 4554 4483 trouvé
4609 4344 4741 4483 bon
4829 4344 4884 4483 de
4939 4344 5336 4483 remettre

3219 4483 3267 4612 ce
3339 4483 3447 4612 qui
3495 4483 3795 4612 touche
3843 4483 3879 4612 la
3963 4483 4203 4612 garde,
4239 4483 4299 4612 au
4407 4483 4707 4612 Tableau
4779 4483 5102 4612 ſuivant;
5138 4483 5330 4612 pour

3215 4608 3273 4732 ce
3342 4608 3481 4732 que
3527 4608 3562 4732 la
3654 4608 3943 4732 matiere
4001 4608 4140 4732 n’en
4209 4608 4568 4732 pourroit
4637 4608 4810 4732 eſtre
4880 4608 5192 4732 deduite
5261 4608 5307 4732 en

3221 4731 3281 4857 ce
3354 4731 3655 4857 Tableau
3727 4731 4101 4857 premier,
4137 4731 4317 4857 ſinon
4390 4731 4510 4857 par
4546 4731 4908 4857 loppins,
4956 4731 5257 4857 comme
5305 4731 5342 4857 il

3213 4858 3567 4983 paroiſtra
3641 4858 3751 4983 par
3787 4858 3898 4983 les
3934 4858 4228 4983 figures
4301 4858 4362 4983 de
4411 4858 4705 4983 l’autre.
4754 4858 4790 4983 Il
4839 4858 5035 4983 nous
5084 4858 5316 4983 ſuffira

3219 4982 3405 5107 donc
3475 4982 3650 5107 pour
3708 4982 3754 5107 le
3824 4982 4162 5107 preſent,
4220 4982 4278 5107 de
4348 4982 4534 5107 vous
4581 4982 4930 5107 advertir
4988 4982 5058 5107 de
5105 4982 5326 5107 pren-

3233 5104 3335 5241 dre
3386 5104 3513 5241 bon
3590 5104 3845 5241 eſgard
3896 5104 3896 5241 à
3947 5104 3998 5241 la
4049 5104 4291 5241 figure
4368 5104 4431 5241 de
4495 5104 4597 5241 ces
4661 5104 4954 5241 gardes,
5005 5104 5120 5241 qui
5171 5104 5324 5241 ſont

3204 5226 3313 5363 icy
3374 5226 3931 5363 repreſentées
3980 5226 4028 5363 au
4101 5226 4222 5363 bas
4283 5226 4331 5363 du
4452 5226 4840 5363 Tableau,
4961 5226 4961 5363 &
5010 5226 5070 5363 au
5167 5226 5312 5363 plan

3236 5353 3274 5477 du
3389 5353 3630 5477 Cercle
3732 5353 3783 5477 N.
3834 5353 3872 5477 1.
3923 5353 4203 5477 juſqu’à
4279 5353 4330 5477 ce
4407 5353 4560 5477 qu’il
4636 5353 4687 5477 en
4776 5353 4903 5477 ſoit
4967 5353 5310 5477 diſcouru

3204 5478 3370 5605 plus
3441 5478 3926 5605 amplement
3997 5478 4175 5605 avec
4258 5478 4684 5605 diſtinion
4803 5478 4862 5605 de
4945 5478 5324 5605 chaſcune

3238 5605 3340 5744 des
3390 5605 3706 5744 parties;
3769 5605 3832 5744 ce
3895 5605 4009 5744 qui
4047 5605 4186 5744 ſera
4249 5605 4375 5744 fait
4426 5605 4476 5744 au
4578 5605 4893 5744 Tableau
4982 5605 5096 5744 II.

5065 6999 5326 7091 gueur,

948 403 1132 536 peut
1178 403 1649 536 raccourcir,
1694 403 1740 536 en
1832 403 1924 536 cas
1993 403 2119 536 que
2165 403 2555 536 l’Ennemi
2590 403 2785 536 nous
2842 403 3072 536 veuil-

931 534 989 658 le
1059 534 1336 658 courrir
1382 534 1521 658 ſus,
1556 534 1741 658 pour
1799 534 2007 658 venir
2053 534 2111 658 au
2204 534 2481 658 dedans
2551 534 2609 658 de
2655 534 2701 658 la
2759 534 3060 658 pointe.

953 658 1047 782 car
1118 658 1166 782 en
1225 658 1343 782 luy
1426 658 1745 782 mettant
1781 658 1840 782 le
1899 658 2065 782 pied
2124 658 2396 782 contre
2444 658 2491 782 le
2550 658 2799 782 corps,
2917 658 2917 782 &
2976 658 3059 782 af-

942 780 1385 906 fermiſſant
1422 780 1471 906 la
1533 780 1754 906 garde
1804 780 1902 906 ſur
1951 780 1988 906 la
2050 780 2345 906 hanche
2419 780 2702 906 droite,
2751 780 2788 906 la
2850 780 3059 906 poin-

958 904 1017 1027 te
1075 904 1193 1027 luy
1263 904 1310 1027 en
1392 904 1686 1027 viendra
1745 904 2179 1027 juſtement
2250 904 2520 1027 devant
2567 904 2602 1027 la
2661 904 3060 1027 poitrine,

966 1027 1066 1173 qui
1116 1027 1229 1173 lny
1292 1027 1642 1173 paſſeroit
1718 1027 2169 1173 autrement
2219 1027 2332 1173 par
2407 1027 2632 1173 deſſus
2682 1027 3058 1173 l’eſpaule,

954 1155 1004 1279 en
1091 1155 1190 1279 cas
1252 1155 1389 1279 que
1426 1155 1699 1279 l’eſpee
1749 1155 1886 1279 fuſt
1935 1155 2097 1279 plus
2146 1155 2469 1279 longue.

1657 1339 2127 1435 FIGVRE
2362 1339 2409 1435 H.

1441 1270 1441 1605 E
1573 1270 1823 1605 meſme
1911 1270 2647 1605 accourciſſement
2736 1270 2794 1605 de
2868 1270 3059 1605 ligne

1394 1609 1449 1730 ſe
1504 1609 1767 1730 pourra
1833 1609 2238 1730 pratiquer
2304 1609 2523 1730 encor
2600 1609 2644 1730 en
2743 1609 2885 1730 une
2929 1609 3050 1730 au-

1392 1726 1492 1855 tre
1548 1726 1781 1855 ſorte,
1837 1726 1882 1855 en
1959 1726 2082 1855 luy
2160 1726 2471 1855 mettant
2516 1726 2560 1855 la
2660 1726 2805 1855 main
2894 1726 3050 1855 con-

1400 1853 1506 1973 tre
1553 1853 1588 1973 la
1647 1853 2023 1973 poitrine,
2082 1853 2141 1973 au
2211 1853 2341 1973 lieu
2435 1853 2505 1973 de
2564 1853 2623 1973 ſe
2693 1853 2916 1973 ſervir
2975 1853 3034 1973 du

947 1974 1149 2100 pied;
1225 1974 1275 2100 en
1364 1974 1881 2100 affermiſſant
1957 1974 2323 2100 derechef
2386 1974 2424 2100 la
2512 1974 2727 2100 garde
2815 1974 2878 2100 de
2941 1974 3055 2100 l’e-

937 2100 1100 2219 ſpee
1158 2100 1263 2219 ſur
1298 2100 1344 2219 la
1403 2100 1705 2219 hanche
1775 2100 2042 2219 droite.
2147 2100 2240 2219 car
2298 2100 2508 2219 entre
2554 2100 2589 2219 la
2671 2100 2799 2219 dite
2868 2100 3043 2219 han-

949 2218 1099 2346 che,
1212 2218 1212 2346 &
1262 2218 1300 2346 la
1387 2218 1525 2346 main
1613 2218 1901 2346 gauche
1964 2218 2377 2346 eſtendue,
2415 2218 2453 2346 il
2503 2218 2778 2346 reſtera
2829 2218 3054 2346 juſte-

968 2345 1150 2469 ment
1186 2345 1501 2469 l’eſpace
1574 2345 1635 2469 de
1696 2345 1732 2469 la
1781 2345 2181 2469 longueur
2254 2345 2314 2469 de
2363 2345 2691 2469 l’eſpee,
2751 2345 2933 2469 pour
2994 2345 3043 2469 la

948 2469 1438 2611 commodité
1560 2469 1622 2611 de
1695 2469 1732 2611 la
1854 2469 2124 2611 manier
2259 2469 2259 2611 &
2357 2469 2761 2611 appliquer
2847 2469 3030 2611 ſelon

928 2597 1420 2715 l’exigence.

1660 3067 2133 3166 FIGVRE
2322 3067 2385 3166 I.

1429 3198 1564 3337 Eſte
1619 3198 2013 3337 longueur
2094 3198 2379 3337 d’eſpee
2461 3198 2542 3337 eſt
2624 3198 2787 3337 auſſi
2855 3198 3058 3337 egale

1392 3336 1404 3463 à
1466 3336 1516 3463 la
1578 3336 1977 3463 longueur
2051 3336 2101 3463 du
2188 3336 2300 3463 pas
2375 3336 2698 3463 double,
2786 3336 2898 3463 qui
2972 3336 3059 3463 eſt

1390 3459 1440 3580 le
1516 3459 1668 3580 plus
1744 3459 1972 3580 grand
2048 3459 2174 3580 que
2237 3459 2288 3580 la
2351 3459 2743 3580 perſonne
2819 3459 3047 3580 puiſſe

1401 3575 1573 3710 faire
1647 3575 1696 3710 de
1757 3575 1978 3710 toute
2027 3575 2064 3710 ſa
2126 3575 2371 3710 force,
2420 3575 2580 3710 ainſi
2641 3575 2776 3710 que
2838 3575 2887 3710 la
2985 3575 3059 3710 Fi-

944 3702 1101 3819 gure
1179 3702 1179 3819 I
1235 3702 1291 3819 le
1358 3702 1840 3819 demonſtre.
1952 3702 2052 3819 Car
2097 3702 2265 3819 puis
2332 3702 2455 3819 que
2522 3702 2713 3819 nous
2769 3702 3060 3819 ordon-

923 3820 1109 3944 nons
1159 3820 1196 3944 la
1246 3820 1656 3944 longueur
1718 3820 1780 3944 de
1830 3820 1880 3944 la
1929 3820 2116 3944 lame
2166 3820 2178 3944 à
2228 3820 2439 3944 l’egal
2501 3820 2563 3944 du
2650 3820 2837 3944 demi
2923 3820 3060 3944 Dia-

952 3949 1216 4066 metre:
1276 3949 1312 4066 il
1360 3949 1515 4066 faut
1587 3949 1887 4066 eſtimer
1971 3949 2090 4066 que
2138 3949 2198 4066 le
2246 3949 2402 4066 pas,
2450 3949 2570 4066 qui
2641 3949 2725 4066 eſt
2797 3949 3049 4066 repre-

916 4065 1131 4190 ſenté
1178 4065 1285 4190 ſur
1333 4065 1369 4190 la
1440 4065 1643 4190 ligne
1726 4065 1774 4190 du
1881 4065 2620 4190 demi-Diametre,
2691 4065 3049 4190 s’entend

931 4187 1093 4314 auſſi
1155 4187 1330 4314 eſtre
1392 4187 1516 4314 fait
1566 4187 1666 4314 ſur
1715 4187 1753 4314 la
1802 4187 2213 4314 longueur
2288 4187 2362 4314 de
2425 4187 2462 4314 la
2537 4187 2761 4314 lame.
2910 4187 3059 4314 Met-

922 4313 1077 4438 tant
1149 4313 1328 4438 donc
1376 4313 1471 4438 les
1543 4313 1806 4438 orteils
1865 4313 1925 4438 du
1997 4313 2164 4438 pied
2236 4313 2522 4438 gauche
2570 4313 2677 4438 ſur
2725 4313 2761 4438 la
2821 4313 3047 4438 lettre

968 4439 1007 4562 X,
1060 4439 1112 4562 je
1178 4439 1270 4562 di,
1336 4439 1494 4562 qu’il
1560 4439 1639 4562 eſt
1691 4439 2125 4562 impoſſible
2178 4439 2191 4562 à
2244 4439 2612 4562 l’homme
2678 4439 2744 4562 de
2809 4439 3046 4562 paſſer

939 4562 989 4685 en
1063 4562 1124 4685 un
1198 4562 1346 4685 ſeul
1396 4562 1519 4685 pas
1580 4562 1790 4685 outre
1839 4562 1889 4685 le
1962 4562 2271 4685 centre,
2320 4562 2357 4685 ſi
2431 4562 2492 4685 ce
2554 4562 2727 4685 n’eſt
2801 4562 2961 4685 qu’il
3035 4562 3047 4685 y

925 4685 1465 4811 accommode
1512 4685 1688 4811 auſſi
1734 4685 1993 4811 l’autre
2051 4685 2262 4811 pied,
2321 4685 2368 4811 en
2450 4685 2778 4811 eſlevant
2849 4685 2896 4811 le
2966 4685 3048 4811 ta-

924 4810 1080 4933 lon,
1176 4810 1176 4933 &
1260 4810 1260 4933 y
1320 4810 1764 4933 ſouſlevant
1812 4810 1872 4933 le
1932 4810 2148 4933 corps
2196 4810 2304 4933 ſur
2340 4810 2448 4933 les
2508 4810 2796 4933 orteils;
2856 4810 3048 4933 com-

963 4931 1037 5060 me
1111 4931 1160 5060 on
1222 4931 1271 5060 le
1345 4931 1481 5060 voit
1530 4931 1641 5060 icy
1715 4931 2085 5060 exprimé.
2183 4931 2381 5060 Quoy
2430 4931 2726 5060 faiſant,
2775 4931 2824 5060 ce
2886 4931 3059 5060 n’eſt

928 5060 1146 5187 point
1195 5060 1243 5187 le
1304 5060 1413 5187 pas
1485 5060 1606 5187 d’un
1679 5060 1849 5187 pied
1897 5060 2079 5187 ſeul,
2139 5060 2297 5187 mais
2370 5060 2430 5187 de
2503 5060 2721 5187 deux:
2769 5060 2781 5187 à
2854 5060 3048 5187 cauſe

949 5182 1077 5325 que
1124 5182 1299 5325 tous
1346 5182 1451 5325 les
1509 5182 1695 5325 deux
1754 5182 2232 5325 s’avancent,
2279 5182 2383 5325 l’un
2465 5182 2628 5325 plus
2733 5182 2733 5325 &
2792 5182 3060 5325 l’autre

952 5315 1224 5396 moins.

1655 5438 2126 5548 FIGVRE
2330 5438 2377 5548 X.

1412 5581 1861 5722 Inalement
1922 5581 1958 5722 ſi
2019 5581 2067 5722 on
2152 5581 2394 5722 prend
2467 5581 2649 5722 ceſte
2722 5581 2928 5722 eſpee
2976 5581 3037 5722 au

1500 5722 1741 5973 'oi
1822 5722 1862 5973 W
1943 5722 2547 5973 q''''
2628 5722 3152 5973 p'e'p'en'iie

1398 5973 1446 6093 le
1506 5973 1663 6093 bras
1771 5973 1783 6093 &
1831 5973 1867 6093 la
1964 5973 2217 6093 meſme
2301 5973 2518 6093 eſpee
2602 5973 2975 6093 eſtendus
3036 5973 3048 6093 à

946 6092 1137 6220 coſté
1197 6092 1245 6220 en
1340 6092 1579 6220 droite
1627 6092 1865 6220 ligne,
1901 6092 1949 6220 la
2009 6092 2271 6220 pointe
2331 6092 2498 6220 tirãt
2558 6092 2713 6220 vers
2749 6092 2797 6220 la
2856 6092 3047 6220 terre

944 6214 991 6348 en
1062 6214 1276 6348 angle
1323 6214 1525 6348 aigu,
1596 6214 1905 6348 comme
1941 6214 1976 6348 il
2036 6214 2131 6348 eſt
2190 6214 2641 6348 repreſenté
2712 6214 2760 6348 en
2854 6214 3044 6348 ceſte

931 6340 1174 6467 figure
1319 6340 1319 6467 ;
1380 6340 1429 6467 on
1513 6340 1708 6467 verra
1780 6340 1914 6467 que
1950 6340 1999 6467 la
2071 6340 2338 6467 pointe
2411 6340 2472 6467 de
2520 6340 2787 6467 l’eſpee
2860 6340 3054 6467 vien-

957 6463 1039 6585 dra
1120 6463 1563 6585 juſtement
1609 6463 1714 6585 ſur
1784 6463 1831 6585 la
1959 6463 2635 6585 Circonference:
2716 6463 2751 6585 en
2844 6463 3043 6585 ſorte

956 6586 1143 6709 qu’on
1214 6586 1249 6709 la
1307 6586 1659 6709 pourroit
1729 6586 2046 6709 deſcrire
2093 6586 2199 6709 ſur
2234 6586 2292 6709 le
2339 6586 2515 6709 pavé
2574 6586 2750 6709 avec
2797 6586 2832 6709 la
2890 6586 3043 6709 ſeu-

931 6709 978 6832 le
1060 6709 1271 6832 eſpee
1342 6709 1342 6832 à
1412 6709 1600 6832 tenir
1682 6709 1729 6832 en
1811 6709 1846 6832 la
1952 6709 2163 6832 main,
2222 6709 2375 6832 ſans
2421 6709 2656 6832 aucun
2727 6709 3043 6832 abaiſſe-

972 6832 1083 6961 mẽt
1157 6832 1206 6961 du
1293 6832 1539 6961 corps.
1613 6832 2069 6961 Toutesfois
2106 6832 2143 6961 il
2180 6832 2316 6961 ſera
2377 6832 2537 6961 plus
2611 6832 3104 6961 expedientl

3693 6464 3942 6588 Arlons
4016 6464 4377 6588 derechef
4452 6464 4514 6588 de
4564 6464 4601 6588 la
4651 6464 4900 6588 lame,
5024 6464 5024 6588 &
5099 6464 5336 6588 expli-

3669 6588 3908 6711 quons
3958 6588 3996 6711 la
4046 6588 4613 6711 ſignification,
4701 6588 4701 6711 &
4751 6588 5015 6711 l’uſage
5091 6588 5154 6711 de
5216 6588 5317 6711 ces

3671 6711 3770 6832 12.
3869 6711 4267 6832 Nombres,
4317 6711 4428 6832 par
4478 6711 4813 6832 leſquels
4888 6711 5012 6832 elle
5099 6711 5186 6832 eſt
5248 6711 5335 6832 di-

3670 6834 3852 6961 viſée
3949 6834 3997 6961 en
4094 6834 4228 6961 12.
4324 6834 4603 6961 parties
4688 6834 4930 6961 egales
5027 6834 5088 6961 de
5161 6834 5318 6961 lon-

3327 6076 4057 6187 TOVCHANT
4174 6076 4349 6187 LES
4437 6076 4539 6187 12.
4685 6076 5240 6187 NOMBRES

3455 6208 3525 6296 DE
3629 6208 3722 6296 LA
3815 6208 4139 6296 LAME,
4232 6208 4498 6296 ETDE
4614 6208 4695 6296 LA
4811 6208 5240 6296 GRADVA-

3439 6312 3668 6400 TION
3789 6312 3874 6400 ET
3994 6312 4912 6400 DESGRADVATION.
