5719 7432
2935 447 2996 571 de
3057 447 3252 571 deux
3314 447 3692 571 coudees,
3790 447 3790 571 &
3827 447 4095 571 l’eſpee
4169 447 4230 571 de
4279 447 4486 571 trois.
4523 447 4694 571 auſſi
4743 447 4743 571 a
4792 447 4828 571 il
4889 447 5024 571 eſté

2930 568 3019 705 dit
3121 568 3133 705 &
3197 568 3641 705 demonſtré
3730 568 3793 705 cy
3856 568 4135 705 deſſus,
4199 568 4326 705 que
4376 568 4415 705 la
4465 568 4656 705 lame
4732 568 4808 705 eſt
4871 568 5023 705 ega-

2910 695 2958 820 le
3020 695 3020 820 à
3068 695 3117 820 la
3203 695 3435 820 moitié
3508 695 3557 820 du
3680 695 4083 820 Diametre,
4193 695 4193 820 &
4242 695 4291 820 le
4364 695 4523 820 bras
4596 695 4731 820 n’en
4816 695 4902 820 eſt
4975 695 5024 820 e-

2932 820 3055 950 gal,
3116 820 3250 950 qu’à
3312 820 3385 950 un
3471 820 3679 950 tiers.
3765 820 3826 950 de
3887 820 4083 950 ſorte
4169 820 4291 950 que
4365 820 4414 950 le
4524 820 4903 950 Diametre
4989 820 5038 950 e-

2908 946 3102 1070 ſtant
3187 946 3297 1070 24.
3370 946 3418 1070 le
3491 946 3649 1070 bras
3710 946 3844 1070 ſera
3941 946 3989 1070 8.
4111 946 4123 1070 &
4196 946 4245 1070 la
4305 946 4500 1070 lame
4573 946 4682 1070 par
4779 946 5035 1070 conſe-

2920 1070 3158 1199 quent
3232 1070 3332 1199 12.

3039 1197 3224 1323 Ceux
3297 1197 3408 1323 qui
3445 1197 3617 1323 l’ont
3678 1197 3912 1323 partie
3973 1197 4022 1323 en
4108 1197 4293 1323 deux
4379 1197 4674 1323 moitiez
4747 1197 5018 1323 egales,

2907 1318 3223 1444 aſſavoir
3293 1318 3352 1444 au
3457 1318 3598 1444 fort
3726 1318 3738 1444 &
3797 1318 3855 1444 au
3949 1318 4242 1444 foible:
4324 1318 4898 1444 commençant
4956 1318 5015 1444 le

2910 1444 3138 1571 foible
3214 1444 3481 1571 depuis
3519 1444 3557 1571 la
3620 1444 3887 1571 pointe
3950 1444 4280 1571 juſques
4343 1444 4394 1571 au
4521 1444 4787 1571 milieu,
4889 1444 4902 1571 &
4965 1444 5016 1571 le

2903 1567 3050 1692 fort
3111 1567 3184 1692 de
3220 1567 3269 1692 là
3342 1567 3379 1692 en
3452 1567 3671 1692 avant
3720 1567 4049 1692 juſques
4098 1567 4098 1692 à
4159 1567 4196 1692 la
4269 1567 4525 1692 garde,
4598 1567 4610 1692 y
4671 1567 4793 1692 ont
4842 1567 4988 1692 bien

2902 1692 3319 1817 remarqué
3402 1692 3748 1817 quelque
3820 1692 4249 1817 difference
4320 1692 4380 1817 de
4439 1692 4773 1817 parties;
4869 1692 5012 1817 mais

2901 1817 3597 1933 inſuffiſamment.

3030 1931 3081 2070 Il
3144 1931 3156 2070 y
3219 1931 3269 2070 en
3357 1931 3370 2070 a
3458 1931 3508 2070 eu
3609 1931 3936 2070 d’autres
4024 1931 4124 2070 qui
4187 1931 4363 2070 lont
4451 1931 4879 2070 diſtinguée
4954 1931 5005 2070 en

2910 2065 3083 2188 trois
3141 2065 3430 2188 parties
3499 2065 3788 2188 egales,
3857 2065 4169 2188 mettant
4238 2065 4435 2188 entre
4492 2065 4539 2188 le
4608 2065 4758 2188 fort
4885 2065 4885 2188 &
4955 2065 5012 2188 le

2901 2188 3137 2313 foible
3184 2188 3243 2313 le
3326 2188 3739 2313 mediocre:
3810 2188 3916 2313 par
3987 2188 4046 2313 ce
4117 2188 4317 2313 qu’ils
4365 2188 5014 2313 remarquoyent

2918 2311 3043 2438 que
3093 2311 3143 2438 le
3231 2311 3443 2438 milieu
3543 2311 3605 2438 de
3668 2311 3943 2438 l’eſpee
4018 2311 4392 2438 participe
4480 2311 4542 2438 de
4605 2311 4717 2438 l’un
4867 2311 4867 2438 &
4954 2311 5017 2438 de

2901 2433 3189 2559 l’autre,
3297 2433 3297 2559 &
3369 2433 3561 2559 qu’on
3633 2433 3753 2559 s’en
3825 2433 3957 2559 ſert
4017 2433 4306 2559 tantoſt
4366 2433 4666 2559 comme
4738 2433 5014 2559 dufort,

2958 2551 2958 2696 &
3017 2551 3441 2696 autresfois
3512 2551 3806 2696 comme
3877 2551 3924 2696 du
3995 2551 4278 2696 foible.

3062 2680 3389 2806 D’autres
3424 2680 3775 2806 ſuivants
3822 2680 3857 2806 la
3951 2680 4208 2806 meſme
4267 2680 4501 2806 trace,
4547 2680 4711 2806 ſont
4781 2680 5015 2806 venus

2903 2804 2964 2927 un
3036 2804 3158 2927 peu
3231 2804 3389 2927 plus
3450 2804 3717 2927 avant,
3826 2804 3826 2927 &
3875 2804 4057 2927 l’ont
4118 2804 4555 2927 diſtinguée
4616 2804 4665 2927 en
4750 2804 5017 2927 quatre

2901 2927 3235 3052 parties,
3295 2927 3725 3052 leſquelles
3784 2927 3856 3052 ils
3940 2927 4047 3052 ont
4119 2927 4536 3052 nommées
4608 2927 4656 3052 le
4727 2927 4918 3052 fort,
4966 2927 5014 3052 le

2918 3052 3365 3175 demi-fort,
3427 3052 3961 3175 demi-foible,
4073 3052 4073 3175 &
4123 3052 4396 3175 foible.
4533 3052 4670 3175 Mais
4719 3052 4769 3175 le
4856 3052 5018 3175 tout

2894 3175 3052 3290 ſans
3108 3175 3153 3290 en
3265 3175 3624 3290 monſtrer
3680 3175 3725 3290 en
3803 3175 4028 3290 toute
4084 3175 4252 3290 leur
4342 3175 4690 3290 Pratique
4757 3175 4993 3290 aucun

2916 3297 3219 3418 evident
3268 3297 3547 3418 uſage,
3620 3297 3668 3418 ou
3753 3297 4190 3418 difference
4263 3297 4821 3418 remarquable
4906 3297 5027 3418 d’a-

2911 3424 3261 3542 vantage,
3319 3424 3377 3542 ou
3459 3424 4018 3542 deſavantage.

3046 3542 3328 3663 Toutes
3386 3542 3504 3663 ces
3562 3542 3926 3663 diviſions
3985 3542 4055 3663 de
4137 3542 4184 3663 2.
4243 3542 4278 3663 3.
4348 3542 4395 3663 ou
4489 3542 4524 3663 4.
4583 3542 4864 3663 parties
4911 3542 5017 3663 ſur

2886 3662 2922 3791 la
2983 3662 3213 3791 lame,
3249 3662 3418 3791 ſont
3479 3662 4047 3791 inſuffiſantes:
4180 3662 4180 3791 &
4253 3662 4930 3791 principalement
4991 3662 5003 3791 à

2911 3789 3110 3915 cauſe
3173 3789 3335 3915 qu’il
3385 3789 3547 3915 faut
3584 3789 3696 3915 icy
3771 3789 4220 3915 conſiderer
4283 3789 4470 3915 deux
4545 3789 4844 3915 eſpees,
4906 3789 5018 3915 qui

2893 3915 3335 4033 travaillent
3381 3915 3392 4033 à
3483 3915 3733 4033 meſme
3790 3915 4039 4033 temps
4107 3915 4528 4033 enſemble,
4573 3915 4766 4033 l’une
4845 3915 5016 4033 con-

2898 4033 2997 4152 tre
3034 4033 3354 4152 l’autre:
3428 4033 3588 4152 dont
3637 4033 3674 4152 il
3723 4033 3945 4152 ſeroit
3994 4033 4437 4152 impoſſible
4511 4033 4634 4152 d’en
4695 4033 5015 4152 aſſigner

2885 4153 3186 4270 aucune
3256 4153 3592 4270 certaine
3662 4153 4161 4270 diſtinion,
4253 4153 4300 4270 du
4381 4153 4520 4270 fort
4590 4153 4671 4270 ne
4752 4153 4810 4270 du
4903 4153 5031 4270 foi-

2888 4278 3031 4403 ble,
3091 4278 3281 4403 pour
3317 4278 3365 4403 la
3436 4278 3711 4403 grande
3794 4278 4068 4403 meſure
4152 4278 4211 4403 de
4295 4278 4664 4403 chaſcune
4759 4278 4819 4403 de
4914 4278 5010 4403 ces

2895 4404 2940 4520 2.
2997 4404 3042 4520 3.
3121 4404 3178 4520 ou
3269 4404 3303 4520 4.
3360 4404 3689 4520 parties,
3768 4404 3814 4520 en
3916 4404 4120 4520 quoy
4177 4404 4222 4520 la
4290 4404 4483 4520 lame
4551 4404 4778 4520 ſeroit
4846 4404 5016 4520 divi-

2891 4522 3034 4647 ſée.
3112 4522 3216 4647 Car
3268 4522 3423 4647 poſé
3501 4522 3631 4647 que
3696 4522 4008 4647 qu’elles
4059 4522 4345 4647 fuſſent
4410 4522 4890 4647 diſtinguées
4955 4522 5007 4647 en

2889 4648 3074 4769 trois
3135 4648 3455 4769 parties;
3553 4648 3553 4769 &
3627 4648 3775 4769 qu’il
3824 4648 3959 4769 fuſt
4045 4648 4390 4769 queſtion
4476 4648 4537 4769 de
4587 4648 4685 4769 les
4734 4648 5017 4769 accou-

2891 4769 3079 4891 pler,
3129 4769 3179 4891 le
3254 4769 3642 4891 mediocre
3692 4769 3867 4891 avec
3917 4769 3967 4891 le
4017 4769 4305 4891 foible,
4368 4769 4430 4891 je
4505 4769 4631 4891 dis,
4718 4769 4868 4891 qu’il
4931 4769 5019 4891 ſe-

2901 4893 3033 5019 roit
3105 4893 3547 5019 impoſſible
3643 4893 3702 5019 de
3762 4893 3822 5019 le
3894 4893 4300 5019 pratiquer
4384 4893 4552 5019 avec
4635 4893 5030 5019 aſſeuran-

2905 5020 3014 5143 ce:
3099 5020 3329 5143 eſtant
3366 5020 3414 5143 la
3523 5020 3790 5143 meſure
3887 5020 3936 5143 du
4021 5020 4312 5143 foible,
4397 5020 4664 5143 depuis
4712 5020 4749 5143 la
4809 5020 5028 5143 poin-

2895 5143 2945 5266 te
2995 5143 3321 5266 juſques
3371 5143 3384 5266 à
3447 5143 3497 5266 4.
3610 5143 3622 5266 &
3685 5143 3735 5266 du
3860 5143 4237 5266 mediocre
4324 5143 4588 5266 depuis
4650 5143 4701 5266 le
4788 5143 4826 5266 4.
4889 5143 5027 5266 juſ-

2899 5265 3085 5391 ques
3132 5265 3190 5391 au
3329 5265 3364 5391 N.
3422 5265 3469 5391 8.
3527 5265 3573 5391 en
3655 5265 3852 5391 ſorte
3945 5265 4143 5391 qu’on
4224 5265 4306 5391 ne
4364 5265 4422 5391 ſe
4492 5265 4852 5391 pourroit
4922 5265 5015 5391 re-

2891 5387 3171 5517 ſoudre
3232 5387 3793 5517 d’accouppler
3829 5387 3890 5517 le
4000 5387 4305 5517 Nombre
4366 5387 4402 5517 1.
4463 5387 4512 5517 au
4646 5387 4683 5517 N.
4731 5387 4780 5517 7.
4865 5387 4926 5517 de
4975 5387 5012 5517 la

2885 5514 3079 5643 lame
3136 5514 3559 5643 contraire;
3616 5514 3674 5643 ou
3742 5514 3799 5643 le
3902 5514 4222 5643 Nombre
4279 5514 4325 5643 3.
4394 5514 4577 5643 avec
4634 5514 4679 5643 le
4771 5514 4805 5643 4.
4908 5514 5011 5643 car

2901 5633 2948 5767 en
3020 5633 3139 5767 l’un
3270 5633 3270 5767 &
3341 5633 3389 5767 en
3448 5633 3710 5767 l’autre
3758 5633 3794 5767 il
3841 5633 3889 5767 ſe
3949 5633 4234 5767 trouve
4294 5633 4342 5767 le
4413 5633 4651 5767 foible
4723 5633 4901 5767 avec
4961 5633 5020 5767 le

2920 5755 3336 5892 mediocre.
3440 5755 3717 5892 Eſtants
3775 5755 4213 5892 toutesfois
4259 5755 4536 5892 lesdits
4583 5755 5010 5892 accouple-

2928 5875 3147 6016 ments
3256 5875 3256 6016 &
3305 5875 3840 6016 aſſemblages
3901 5875 4010 6016 des
4071 5875 4326 6016 eſpees
4399 5875 4460 6016 de
4509 5875 4533 6016 ſi
4594 5875 5007 6016 differente

2892 6004 3171 6131 nature
3280 6004 3280 6131 &
3353 6004 3789 6131 condition,
3837 6004 3995 6131 qu’il
4055 6004 4140 6131 eſt
4189 6004 4685 6131 abſolument
4734 6004 5024 6131 impoſ-

2895 6121 3070 6266 ſible
3144 6121 3269 6266 d’en
3344 6121 3518 6266 tirer
3555 6121 3655 6266 les
3730 6121 4041 6266 meſmes
4103 6121 4340 6266 effets,
4390 6121 4464 6266 ne
4539 6121 4614 6266 d’y
4676 6121 4851 6266 faire
4900 6121 5012 6266 pa-

2900 6253 3164 6382 roiſtre
3221 6253 3313 6382 les
3393 6253 3703 6382 meſmes
3772 6253 4472 6382 demonſtrations.
4610 6253 4782 6382 Dont
4840 6253 5023 6382 s’en-

2904 6371 3222 6512 ſuitque
3293 6371 3541 6512 quand
3600 6371 3659 6512 on
3729 6371 3800 6512 ne
3883 6371 4001 6512 met
4060 6371 4249 6512 aſſez
4331 6371 4390 6512 de
4449 6371 4732 6512 parties
4791 6371 4897 6512 ſur
4968 6371 5004 6512 la

2896 6497 3121 6635 lame,
3180 6497 3381 6635 qu’on
3464 6497 3511 6635 en
3594 6497 3736 6635 oſte
3783 6497 3949 6635 auſſi
3996 6497 4115 6635 par
4197 6497 4458 6635 meſme
4529 6497 4718 6635 voye
4801 6497 5026 6635 toute

2895 6623 2941 6733 la
3022 6623 3415 6733 certitude
3496 6623 3612 6733 des
3693 6623 4409 6733 demonſtrations:
4548 6623 4559 6733 &
4629 6623 4744 6733 par
4813 6623 5021 6733 tant,

2915 6740 3077 6885 qu’il
3153 6740 3228 6885 eſt
3303 6740 3716 6885 neceſſaire
3804 6740 3929 6885 d’en
4029 6740 4217 6885 venir
4292 6740 4292 6885 à
4380 6740 4443 6885 un
4530 6740 4693 6885 plus
4793 6740 5019 6885 grand

2960 6866 3305 6993 Nombre.
3440 6866 3612 6993 Dont
3662 6866 3711 6993 le
3760 6866 3920 6993 plus
3981 6866 4473 6993 convenable
4559 6866 4719 6993 c’eſt
4793 6866 5015 6993 celuy

4951 6990 5025 7073 de

642 440 908 573 gueur,
969 440 1271 573 comme
1307 440 1344 573 il
1392 440 1441 573 ſe
1513 440 1658 573 voit
1707 440 1767 573 au
1852 440 1973 573 bas
2057 440 2106 573 du
2227 440 2529 573 Tableau
2626 440 2638 573 à
2698 440 2747 573 la

658 560 807 698 main
881 560 1214 698 gauche;
1264 560 1313 698 le
1363 560 1795 698 ſemblable
1857 560 2091 698 eſtant
2141 560 2301 698 auſſi
2351 560 2759 698 repreſen-

619 689 678 823 té
750 689 797 823 au
904 689 1095 823 coſté
1178 689 1570 823 oppoſite,
1630 689 1737 823 ſur
1808 689 1939 823 une
2010 689 2224 823 autre
2296 689 2486 823 lame
2569 689 2629 823 de
2700 689 2736 823 la

647 814 908 946 meſme
957 814 1417 946 longueur,
1504 814 1938 946 diſtinguée
2000 814 2559 946 pareillement
2633 814 2745 946 par

615 937 993 1062 nombres
1059 937 1104 1062 en
1193 937 1448 1062 douze
1493 937 1793 1062 points,
1904 937 1904 1062 &
1959 937 2081 1062 par
2148 937 2259 1062 des
2315 937 2559 1062 noms,
2615 937 2748 1062 em-

620 1062 957 1188 pruntez
1027 1062 1073 1188 du
1178 1062 1398 1188 Latin,
1456 1062 1503 1188 en
1584 1062 1840 1188 douze
1886 1062 2211 1188 parties,
2258 1062 2746 1188 reſpondan-

616 1185 721 1324 tes
780 1185 826 1324 au
920 1185 1165 1324 douze
1223 1185 1514 1324 parties
1584 1185 1643 1324 de
1689 1185 1736 1324 la
1783 1185 1969 1324 livre
2074 1185 2436 1324 Romaine
2494 1185 2506 1324 à
2576 1185 2739 1324 l’an-

628 1318 924 1399 cienne.

757 1434 805 1564 Il
865 1434 962 1564 n’y
1034 1434 1046 1564 a
1118 1434 1250 1564 rien
1335 1434 1503 1564 plus
1551 1434 2021 1564 neceſſaire,
2069 1434 2262 1564 pour
2346 1434 2743 1564 examiner

609 1556 831 1690 toute
890 1556 1077 1690 ſorte
1148 1556 1218 1690 de
1276 1556 1932 1690 demõſtrations,
2003 1556 2132 1690 que
2190 1556 2296 1690 ces
2354 1556 2448 1690 12.
2542 1556 2741 1690 Nom-

615 1682 814 1811 bres,
851 1682 963 1811 par
1012 1682 1360 1811 leſquels
1397 1682 1434 1811 la
1484 1682 1683 1811 lame
1745 1682 1832 1811 eſt
1894 1682 2353 1811 deſtinguée
2415 1682 2465 1811 en
2539 1682 2738 1811 autãt

624 1808 697 1934 de
771 1808 1039 1934 degrez
1113 1808 1174 1934 de
1247 1808 1516 1934 force,
1589 1808 1638 1934 en
1724 1808 1944 1934 allant
2029 1808 2298 1934 depuis
2359 1808 2396 1934 la
2469 1808 2750 1934 pointe

604 1934 887 2061 juſqu’à
948 1934 985 2061 la
1058 1934 1378 2061 croiſee:
1488 1934 1488 2061 &
1537 1934 1697 2061 ſont
1770 1934 1832 2061 de
1881 1934 1918 2061 ſi
1979 1934 2249 2061 grande
2298 1934 2740 2061 importan-

624 2057 718 2185 ce,
788 2057 917 2185 que
964 2057 1235 2185 jamais
1293 2057 1352 2185 on
1422 2057 1552 2185 n’en
1634 2057 1904 2185 pourra
1963 2057 2116 2185 tant
2198 2057 2503 2185 eſcrire,
2585 2057 2750 2185 qu’il

611 2177 740 2307 n’en
822 2177 1010 2307 reſte
1068 2177 1303 2307 encor
1350 2177 1350 2307 à
1432 2177 1561 2307 dire
1631 2177 2112 2307 d’avantage.
2241 2177 2522 2307 Purce
2604 2177 2733 2307 que

608 2305 704 2431 les
753 2305 1223 2431 principaux
1271 2305 1706 2431 avantages
1766 2305 1826 2431 de
1875 2305 1923 2431 la
1995 2305 2381 2431 Pratique,
2418 2305 2466 2431 la
2538 2305 2743 2431 certi-

611 2429 790 2552 tude
879 2429 991 2552 des
1069 2429 1807 2552 demonſtrations,
1863 2429 1964 2552 les
2020 2429 2545 2552 proportions
2634 2429 2746 2552 des

605 2551 864 2676 poids,
899 2551 934 2676 la
1029 2551 1487 2676 moderation
1581 2551 1629 2676 du
1699 2551 2158 2676 ſentiment,
2193 2551 2299 2676 les
2346 2551 2746 2676 addreſſes

622 2670 727 2795 des
785 2670 1066 2795 temps,
1159 2670 1171 2795 &
1241 2670 1346 2795 des
1392 2670 1871 2795 approches,
1906 2670 1953 2795 ſe
2011 2670 2397 2795 trouvent
2443 2670 2747 2795 toutes,

609 2801 667 2923 ou
759 2801 805 2923 en
875 2801 1025 2923 leur
1082 2801 1302 2923 total,
1360 2801 1417 2923 ou
1521 2801 1568 2923 en
1660 2801 1856 2923 leurs
1926 2801 2411 2923 principales
2457 2801 2746 2923 parties

609 2924 658 3047 en
719 2924 997 3047 l’uſage
1070 2924 1131 3047 de
1191 2924 1301 3047 ces
1410 2924 1798 3047 Nombres.

720 3036 1132 3169 Touchant
1193 3036 1387 3169 quoy
1448 3036 1472 3169 il
1521 3036 1678 3169 faut
1739 3036 2370 3169 premierement
2419 3036 2746 3169 ſçavoir,

613 3174 737 3299 que
827 3174 928 3299 ces
1041 3174 1278 3299 douze
1368 3174 1650 3299 degrez
1740 3174 1796 3299 de
1875 3174 2078 3299 force
2157 3174 2732 3299 commencent

617 3295 883 3424 depuis
932 3295 968 3424 la
1029 3295 1295 3424 pointe
1367 3295 1428 3424 de
1476 3295 1525 3424 la
1573 3295 1767 3424 lame
1815 3295 2093 3424 juſqu’à
2166 3295 2214 3424 la
2299 3295 2505 3424 croix
2565 3295 2626 3424 de
2686 3295 2722 3424 la

611 3420 862 3548 garde:
976 3420 976 3548 &
1051 3420 1177 3548 que
1228 3420 1278 3548 la
1328 3420 1605 3548 pointe
1668 3420 1819 3548 c’eſt
1870 3420 1920 3548 le
1970 3420 2210 3548 foible
2298 3420 2361 3548 de
2411 3420 2738 3548 l’eſpee;

583 3543 631 3672 la
704 3543 922 3672 garde
995 3543 1116 3672 c’en
1213 3543 1297 3672 eſt
1346 3543 1394 3672 le
1443 3543 1648 3672 fort;
1721 3543 1782 3672 ce
1866 3543 1975 3672 qui
2048 3543 2133 3672 eſt
2218 3543 2423 3672 entre
2508 3543 2726 3672 deux,

596 3668 824 3799 tirant
885 3668 957 3799 de
1005 3668 1053 3799 la
1113 3668 1378 3799 pointe
1450 3668 1595 3799 vers
1643 3668 1691 3799 la
1763 3668 2004 3799 garde,
2040 3668 2088 3799 ſe
2148 3668 2509 3799 renforce
2558 3668 2726 3799 tout

625 3793 676 3920 de
739 3793 927 3920 ſuite
990 3793 1053 3920 de
1128 3793 1342 3920 degré
1417 3793 1455 3920 en
1556 3793 1807 3920 degré.

757 3915 866 4050 Car
902 3915 1182 4050 l’eſpee
1230 3915 1558 4050 n’eſtant
1631 3915 1899 4050 qu’une
1984 3915 2190 4050 choſe
2287 3915 2737 4050 materielle,

608 4042 699 4165 eſt
767 4042 960 4165 d’elle
1028 4042 1289 4165 meſme
1334 4042 1493 4165 ſans
1539 4042 1845 4165 aucune
1913 4042 2277 4165 vigueur,
2379 4042 2379 4165 &
2447 4042 2731 4165 immo-

598 4157 768 4284 bile,
836 4157 1222 4284 recevant
1290 4157 1505 4284 toute
1573 4157 1619 4284 ſa
1698 4157 1903 4284 force
1993 4157 2050 4284 de
2095 4157 2141 4284 la
2243 4157 2447 4284 main,
2527 4157 2640 4284 qui
2674 4157 2720 4284 la

610 4288 1077 4423 gouverne;
1136 4288 1196 4423 de
1244 4288 1292 4423 la
1364 4288 1603 4423 quelle
1674 4288 1842 4423 auſſi
1926 4288 2392 4423 dependent
2464 4288 2727 4423 toutes

589 4417 694 4552 les
753 4417 1093 4552 aions,
1163 4417 1268 4552 qui
1327 4417 1491 4552 ſont
1561 4417 2018 4552 attribuées
2076 4417 2732 4552 improprement

594 4538 606 4674 à
655 4538 975 4674 l’eſpee.
1098 4538 1147 4674 Et
1196 4538 1541 4674 partant,
1602 4538 1762 4674 puis
1848 4538 1971 4674 que
2033 4538 2254 4674 toute
2303 4538 2340 4674 ſa
2414 4538 2733 4674 vigueur

613 4653 923 4802 depend
1009 4653 1071 4802 de
1170 4653 1356 4802 ceſte
1455 4653 1604 4802 main
1666 4653 1902 4802 ſeule,
1951 4653 1976 4802 il
2050 4653 2199 4802 faut
2261 4653 2732 4802 neceſſaire-

628 4779 789 4928 mẽt,
851 4779 987 4928 que
1037 4779 1074 4928 la
1136 4779 1408 4928 partie,
1470 4779 1581 4928 qui
1643 4779 1693 4928 en
1767 4779 1854 4928 eſt
1903 4779 2064 4928 plus
2126 4779 2411 4928 proche
2510 4779 2522 4928 &
2572 4779 2733 4928 plus

608 4904 887 5053 propre
948 4904 948 5053 à
1008 4904 1372 5053 recevoir
1421 4904 1518 5053 ſon
1579 4904 2027 5053 influence,
2064 4904 2197 5053 ſoit
2246 4904 2415 5053 auſſi
2464 4904 2500 5053 la
2573 4904 2731 5053 plus

604 5030 841 5169 forte;
903 5030 1065 5169 celle
1140 5030 1252 5169 qui
1302 5030 1414 5169 s’en
1501 5030 1862 5169 eſloigne,
1900 5030 2024 5169 ſoit
2074 5030 2249 5169 auſſi
2298 5030 2735 5169 conſequẽ-

644 5154 821 5306 ment
872 5154 1036 5306 plus
1087 5154 1378 5306 foible.
1530 5154 1707 5306 Celle
1796 5154 1910 5306 qui
1973 5154 2226 5306 reçoit
2289 5154 2733 5306 l’influence

628 5279 686 5403 de
743 5279 948 5403 force
1006 5279 1725 5403 immediatement
1828 5279 1840 5403 &
1885 5279 1931 5403 la
1988 5279 2377 5403 premiere
2445 5279 2502 5403 de
2559 5279 2731 5403 tou-

622 5409 755 5532 tes,
804 5409 937 5532 ſoit
997 5409 1143 5532 dite
1191 5409 1239 5532 le
1300 5409 1445 5532 fort
1506 5409 1566 5532 de
1615 5409 1929 5532 l’eſpee,
1990 5409 2196 5532 cõme
2244 5409 2292 5532 le
2365 5409 2583 5532 point
2643 5409 2740 5532 12.

656 5526 889 5670 Celles
983 5526 1099 5670 qui
1157 5526 1204 5670 la
1274 5526 1693 5670 recoivent
1786 5526 2357 5670 mediatement
2415 5526 2532 5670 par
2613 5526 2730 5670 des

609 5650 871 5796 autres
928 5650 1508 5796 precedentes,
1610 5650 1621 5796 &
1667 5650 1701 5796 la
1792 5650 2474 5796 communiquent
2542 5650 2736 5796 dere-

627 5781 779 5916 chef
826 5781 838 5916 à
908 5781 1236 5916 d’autres
1294 5781 1575 5916 parties
1645 5781 2043 5916 ſuivantes
2172 5781 2172 5916 &
2218 5781 2733 5916 inferieures,

614 5902 900 6049 ſoyent
960 5902 1139 6049 dites
1198 5902 1353 6049 plus
1425 5902 1484 6049 ou
1580 5902 1806 6049 moins
1854 5902 2104 6049 fortes
2164 5902 2224 6049 ou
2295 5902 2605 6049 foibles,
2653 5902 2748 6049 ſe-

613 6027 711 6165 lon
784 6027 833 6165 le
882 6027 1127 6165 nõbre
1200 6027 1311 6165 des
1384 6027 1666 6165 degrez
1727 6027 1923 6165 qu’ils
1984 6027 2327 6165 portent.
2400 6027 2571 6165 Celle
2645 6027 2755 6165 qui

613 6156 649 6293 la
719 6156 966 6293 reçoit
1013 6156 1048 6293 la
1130 6156 1471 6293 derniere
1542 6156 1612 6293 de
1683 6156 1989 6293 toutes,
2094 6156 2106 6293 &
2165 6156 2271 6293 par
2330 6156 2388 6293 le
2482 6156 2729 6293 moyen

638 6273 696 6421 de
766 6273 1035 6421 toutes
1105 6273 1210 6421 les
1268 6273 1536 6421 autres
1606 6273 2201 6421 precedentes,
2283 6273 2411 6421 ſoit
2492 6273 2621 6421 dite
2679 6273 2737 6421 le

624 6429 899 6518 foible.

776 6525 834 6663 Au
904 6525 1102 6663 reſte
1149 6525 1184 6663 la
1265 6525 1463 6663 cauſe
1510 6525 1953 6663 pourquoy
2011 6525 2198 6663 nous
2244 6525 2489 6663 avons
2536 6525 2746 6663 plus-

634 6655 776 6784 toſt
848 6655 1073 6784 choiſi
1133 6655 1192 6784 ce
1252 6655 1584 6784 nombre
1656 6655 1715 6784 de
1774 6655 1870 6784 12.
1965 6655 2095 6784 que
2155 6655 2273 6784 nul
2345 6655 2594 6784 autre,
2677 6655 2737 6784 c’a

640 6773 772 6919 eſté
857 6773 1037 6919 pour
1146 6773 1399 6919 garder
1483 6773 1519 6919 la
1603 6773 2073 6919 proportion
2194 6773 2254 6919 de
2338 6773 2519 6919 ceſte
2591 6773 2748 6919 lon-

650 6895 869 7045 gueur
942 6895 1003 7045 de
1052 6895 1088 7045 la
1149 6895 1344 7045 lame
1393 6895 1454 7045 au
1527 6895 1685 7045 bras
1758 6895 1819 7045 de
1868 6895 1917 7045 la
1977 6895 2404 7045 perſonne:
2489 6895 2599 7045 qui
2660 6895 2745 7045 eſt
