5719 7432
3235 449 3379 593 fort
3445 449 3563 593 que
3655 449 3695 593 4,
3826 449 3826 593 &
3905 449 3905 593 6
3984 449 4036 593 en
4141 449 4220 593 eſt
4273 449 4430 593 plus
4496 449 4640 593 fort
4719 449 4772 593 de
4837 449 4877 593 2.
4982 449 4982 593 &
5035 449 5205 593 ainſi
5284 449 5337 593 du

3236 590 3417 706 reſte
3466 590 3478 706 à
3526 590 4011 706 l’advenant.

3371 706 3433 842 Le
3482 706 3779 842 ſecond
3828 706 4038 842 point
4087 706 4236 842 ſera
4285 706 4507 842 facile
4557 706 4569 842 à
4631 706 5162 842 comprendre
5236 706 5347 842 par

3226 839 3276 963 le
3339 839 3714 963 premier.
3839 839 3939 963 Car
4002 839 4089 963 s’il
4139 839 4227 963 eſt
4289 839 4627 963 queſtion
4727 839 5265 963 d’augmenter
5303 839 5340 963 ſa

3223 961 3462 1086 force,
3498 961 3533 1086 il
3569 961 3724 1086 faut
3784 961 4106 1086 graduer
4214 961 4214 1086 &
4274 961 4751 1086 augmenter
4799 961 4894 1086 ſes
4942 961 5360 1086 nombres.

3225 1086 3345 1210 par
3405 1086 3789 1210 exemple:
3861 1086 3897 1210 Si
3945 1086 4041 1210 les
4077 1086 4317 1210 lames
4365 1086 4533 1210 ſont
4581 1086 5049 1210 aſſemblées
5109 1086 5145 1210 6.
5193 1086 5349 1210 con-

3225 1210 3331 1333 tre
3389 1210 3436 1333 6.
3553 1210 3565 1333 &
3636 1210 3765 1333 que
3823 1210 3882 1333 je
3964 1210 4234 1333 veuille
4281 1210 4761 1333 augmenter
4843 1210 4902 1333 ma
4984 1210 5230 1333 force,
5289 1210 5348 1333 je

3220 1324 3325 1455 les
3372 1324 3783 1455 reculeray
3853 1324 3900 1455 en
3970 1324 4135 1455 telle
4193 1324 4428 1455 ſorte,
4487 1324 4616 1455 que
4662 1324 4721 1455 le
4792 1324 4838 1455 7.
4897 1324 4944 1455 8.
5014 1324 5061 1455 ou
5155 1324 5190 1455 9.
5272 1324 5343 1455 de

3225 1451 3270 1575 la
3370 1451 3684 1575 mienne,
3751 1451 3807 1575 ſe
3886 1451 4255 1575 viennent
4322 1451 4759 1575 accoupler
4826 1451 5005 1575 avec
5061 1451 5117 1575 le
5196 1451 5196 1575 6
5285 1451 5353 1575 de

3225 1564 3495 1699 l’eſpee
3581 1564 3998 1699 contraire;
4096 1564 4109 1699 &
4170 1564 4280 1699 par
4354 1564 4415 1699 ce
4513 1564 4759 1699 moyen
4832 1564 5115 1699 j’auray
5176 1564 5348 1699 aug-

3255 1699 3486 1823 menté
3574 1699 3640 1823 ma
3706 1699 3948 1823 force,
4036 1699 4102 1823 de
4156 1699 4200 1823 1,
4266 1699 4310 1823 2,
4376 1699 4420 1823 Ou
4508 1699 4552 1823 3,
4618 1699 4662 1823 ou
4739 1699 5003 1823 autant
5102 1699 5157 1823 de
5244 1699 5354 1823 de-

3244 1822 3448 1957 grez,
3511 1822 3639 1957 que
3677 1822 3741 1957 je
3817 1822 4200 1957 voudray.
4302 1822 4391 1957 S’il
4468 1822 4557 1957 eſt
4621 1822 4952 1957 queſtion
5042 1822 5105 1957 de
5156 1822 5195 1957 la
5271 1822 5348 1957 di-

3256 1947 3559 2068 minuer,
3606 1947 3641 2068 il
3700 1947 3746 2068 la
3805 1947 4062 2068 faudra
4120 1947 4412 2068 reculer
4482 1947 4751 2068 devers
4797 1947 4833 2068 la
4891 1947 5183 2068 pointe,
5241 1947 5346 2068 qui

3250 2059 3286 2190 en
3372 2059 3457 2190 eſt
3506 2059 3555 2190 le
3603 2059 3872 2190 foible,
3957 2059 4006 2190 en
4091 2059 4286 2190 ſorte
4360 2059 4482 2190 que
4530 2059 5201 2190 l’aſſemblement
5274 2059 5323 2190 en

3234 2183 3504 2312 vienne
3562 2183 3562 2312 à
3644 2183 3867 2312 moins
3937 2183 3996 2312 de
4055 2183 4453 2312 nombres.
4594 2183 4747 2312 C’eſt
4829 2183 4876 2312 ce
4969 2183 5098 2312 que
5145 2183 5345 2312 nous

3235 2312 3640 2436 appellons
3727 2312 4243 2436 deſgraduer.
4378 2312 4870 2436 Aucunefois
4944 2312 4993 2436 on
5080 2312 5227 2436 fera
5301 2312 5338 2436 la

3245 2433 3692 2566 graduation
3789 2433 3850 2566 de
3922 2433 3958 2566 ſa
4043 2433 4321 2566 propre
4381 2433 4574 2566 lame
4635 2433 4816 2566 avec
4889 2433 5348 2566 deſgradua-

3227 2559 3355 2678 tion
3447 2559 3505 2678 de
3551 2559 3598 2678 la
3644 2559 3841 2678 lame
3910 2559 4327 2678 contraire:
4397 2559 4512 2678 par
4582 2559 4975 2678 exemple.
5056 2559 5357 2678 Soyent

3228 2678 3705 2800 accouplées
3786 2678 3891 2800 les
3995 2678 4181 2800 deux
4239 2678 4472 2800 lames
4553 2678 4925 2800 chaſcune
5007 2678 5065 2800 au
5146 2678 5344 2800 juſte

3246 2800 3513 2922 milieu,
3586 2800 3695 2922 qui
3756 2800 3841 2922 eſt
3890 2800 3950 2922 au
4072 2800 4387 2922 Nombre
4460 2800 4497 2922 6.
4606 2800 4606 2922 &
4679 2800 4800 2922 que
4849 2800 4909 2922 je
4958 2800 5347 2922 tranſmue

3231 2922 3645 3046 tellement
3704 2922 3763 3046 le
3846 2922 4059 3046 point
4154 2922 4213 3046 de
4284 2922 5029 3046 l’attouchement,
5112 2922 5230 3046 que
5301 2922 5349 3046 la

3249 3046 3532 3171 mienne
3600 3046 3873 3171 vienne
3930 3046 3975 3171 au
4066 3046 4406 3171 nombre
4474 3046 4508 3171 8.
4610 3046 4622 3171 &
4690 3046 4860 3171 celle
4928 3046 4985 3171 de
5076 3046 5144 3171 ma
5200 3046 5359 3171 par-

3228 3168 3310 3292 tie
3368 3168 3683 3292 adverſe
3729 3168 3788 3292 au
3881 3168 4207 3292 nombre
4277 3168 4312 3292 4;
4371 3168 4557 3292 alors
4615 3168 4755 3292 ſera
4837 3168 5012 3292 faite
5070 3168 5117 3292 la
5210 3168 5350 3292 gra-

3244 3292 3539 3418 duation
3622 3292 3800 3418 avec
3906 3292 4498 3418 deſgraduation
4604 3292 4663 3418 de
4746 3292 4782 3418 la
4865 3292 5101 3418 partie
5196 3292 5361 3418 con-

3234 3414 3485 3539 traire.
3629 3414 3677 3539 Ou
3773 3414 3904 3539 que
3964 3414 4658 3539 l’accouplement
4718 3414 4849 3539 ſoit
4921 3414 5352 3539 premiere-

3258 3538 3436 3668 ment
3518 3538 3577 3668 de
3648 3538 4038 3668 nombres
4097 3538 4511 3668 inegaux,
4582 3538 4700 3668 par
4783 3538 5196 3668 exemple,
5291 3538 5338 3668 du

3222 3662 3563 3788 nombre
3622 3662 3657 3788 5.
3739 3662 3998 3788 contre
4068 3662 4115 3788 le
4174 3662 4515 3788 nombre
4585 3662 4620 3788 E.
4750 3662 4750 3788 &
4844 3662 5032 3788 qu’on
5137 3662 5361 3788 chan-

3248 3782 3307 3914 ge
3366 3782 3780 3914 tellement
3828 3782 3875 3914 le
3934 3782 4147 3914 point
4218 3782 4916 3914 d’attouchement
4964 3782 5082 3914 par
5141 3782 5188 3914 la
5259 3782 5354 3914 ra-

3246 3910 3431 4026 clure
3500 3910 3616 4026 des
3674 3910 3963 4026 eſpees,
4044 3910 4241 4026 qu’on
4322 3910 4368 4026 en
4472 3910 4669 4026 mene
4715 3910 4773 4026 le
4843 3910 4877 4026 8.
4935 3910 4993 4026 ou
5086 3910 5120 4026 9.
5201 3910 5363 4026 con-

3225 4026 3318 4163 tre
3376 4026 3422 4163 le
3491 4026 3526 4163 4.
3583 4026 3641 4163 ou
3722 4026 3768 4163 5.
3837 4026 3895 4163 de
3953 4026 3999 4163 la
4057 4026 4288 4163 partie
4357 4026 4726 4163 adverſe:
4807 4026 4853 4163 en
4946 4026 5130 4163 ſorte
5223 4026 5350 4163 que

3245 4148 3302 4269 de
3358 4148 3538 4269 trois
3594 4148 3966 4269 nombres
4022 4148 4180 4269 plus
4225 4148 4506 4269 foible,
4563 4148 4619 4269 on
4698 4148 4968 4269 vienne
5024 4148 5036 4269 à
5081 4148 5137 4269 ſe
5193 4148 5351 4269 ren-

3240 4269 3347 4395 dre
3430 4269 3502 4395 de
3585 4269 3847 4395 quatre
3895 4269 4276 4395 nombres
4324 4269 4490 4395 plus
4538 4269 4717 4395 fort.
4812 4269 4860 4395 Il
4919 4269 5348 4395 adviendra

3228 4390 3396 4526 auſſi
3455 4390 3515 4526 au
3611 4390 4053 4526 contraire,
4125 4390 4316 4526 qu’on
4412 4390 4544 4526 fera
4615 4390 4651 4526 la
4735 4390 5321 4526 deſgraduation

3239 4514 3309 4645 de
3380 4514 3416 4645 ſa
3487 4514 3770 4645 propre
3829 4514 4077 4645 lame,
4148 4514 4325 4645 avec
4384 4514 4833 4645 graduation
4927 4514 4986 4645 de
5034 4514 5081 4645 la
5152 4514 5341 4645 lame

3241 4638 3655 4787 contraire,
3726 4638 4152 4787 diminuant
4199 4638 4305 4787 ſes
4353 4638 4684 4787 propres
4731 4638 5027 4787 forces,
5122 4638 5122 4787 &
5181 4638 5346 4787 aug-

3259 4762 3581 4886 mentant
3650 4762 3869 4886 celles
3938 4762 3995 4886 de
4053 4762 4087 4886 ſa
4145 4762 4432 4886 partie.
4547 4762 5030 4886 Aucunefois
5111 4762 5168 4886 on
5272 4762 5318 4886 en

3229 4885 3370 5022 fera
3429 4885 3465 5022 la
3536 4885 3984 5022 graduation
4067 4885 4138 5022 de
4185 4885 4457 5022 toutes
4504 4885 4610 5022 les
4669 4885 4858 5022 deux
4929 4885 5177 5022 eſpees
5248 4885 5354 5022 en-

3233 5009 3560 5135 ſemble:
3717 5009 3717 5135 &
3790 5009 4311 5135 aucunesfois
4384 5009 4760 5135 derechef
4845 5009 5124 5135 double
5208 5009 5342 5135 deſ-

3240 5135 3740 5284 graduation.

3368 5262 3479 5399 Les
3578 5262 3886 5399 meſmes
3960 5262 4220 5399 effes
4281 5262 4331 5399 ſe
4405 5262 4923 5399 pourroyent
4984 5262 5157 5399 auſſi
5206 5262 5355 5399 pra-

3223 5382 3482 5517 tiquer
3531 5382 3703 5517 avec
3765 5382 3888 5517 des
3925 5382 4171 5517 lames
4233 5382 4344 5517 qui
4405 5382 4492 5517 ne
4553 5382 4836 5517 fuſſent
4910 5382 5033 5517 pas
5095 5382 5354 5517 diſtin-

3237 5506 3463 5637 guées
3519 5506 3576 5637 en
3655 5506 3756 5637 ces
3813 5506 4344 5637 12nombres:
4423 5506 4582 5637 mais
4638 5506 4695 5637 ce
4751 5506 4977 5637 ſeroit
5045 5506 5339 5637 comme

3230 5633 3230 5767 à
3303 5633 3630 5767 taſtons,
3703 5633 3848 5767 ſans
3896 5633 4199 5767 aucune
4272 5633 4708 5767 certitude:
4768 5633 4938 5767 auſſi
4998 5633 5252 5767 quand
5301 5633 5337 5767 il

3228 5753 3454 5878 ſeroit
3537 5753 3869 5878 queſtion
3964 5753 4094 5878 d’en
4154 5753 4332 5878 faire
4379 5753 4474 5878 les
4533 5753 4901 5878 preuves,
4960 5753 5020 5878 ou
5103 5753 5340 5878 d’exa-

3254 5875 3462 6014 miner
3536 5875 3867 6014 quelque
3929 5875 4101 6014 beau
4162 5875 4371 6014 trait,
4432 5875 4543 6014 qui
4580 5875 4629 6014 ſe
4702 5875 4923 6014 ſeroit
4972 5875 5341 6014 preſenté

3228 5986 3241 6135 à
3290 5986 3688 6135 l’occaſion
3775 5986 3837 6135 de
3887 5986 4570 6135 l’accouplement
4669 5986 4769 6135 des
4843 5986 5129 6135 eſpees,
5166 5986 5204 6135 il
5253 5986 5353 6135 ſe-

3228 6121 3370 6244 roit
3417 6121 3903 6244 impoſſible,
3986 6121 4045 6244 de
4104 6121 4270 6244 faire
4329 6121 4637 6244 aucune
4708 6121 5312 6244 demonſtration

3240 6244 3300 6388 de
3348 6244 4059 6388 l’attouchement,
4119 6244 4179 6388 ou
4276 6244 4336 6388 de
4384 6244 4420 6388 la
4480 6244 4890 6388 ſituation;
4962 6244 5022 6388 ce
5082 6244 5191 6388 qui
5251 6244 5347 6388 eſt

3225 6366 3664 6511 toutesfois
3713 6366 4128 6511 neceſſaire
4189 6366 4457 6511 toutes
4554 6366 4566 6511 &
4627 6366 5127 6511 quantesfois
5188 6366 5347 6511 qu’il

3217 6489 3262 6625 ſe
3318 6489 3680 6625 preſente
3737 6489 3748 6625 à
3827 6489 4211 6625 examiner
4279 6489 4573 6625 aucune
4652 6489 5116 6625 operation,
5183 6489 5330 6625 ſans

3214 6612 3422 6739 nulle
3484 6612 3938 6739 exception,
3999 6612 4110 6739 qui
4159 6612 4392 6739 puiſſe
4465 6612 4674 6739 eſtre.

3393 6729 3433 6869 Si
3538 6729 3934 6869 quelqu’un
4027 6729 4463 6869 s’imagine,
4555 6729 4714 6869 qu’il
4780 6729 4912 6869 ſoit
4978 6729 5334 6869 abſolue-

3249 6860 3422 6993 ment
3496 6860 3917 6993 neceſſaire
4003 6860 4065 6993 de
4139 6860 4585 6993 cognoiſtre
4671 6860 5178 6993 exaement
5228 6860 5327 6993 les

5173 7046 5340 7133 pro-

986 452 1034 607 de
1106 452 1202 607 12.
1274 452 1383 607 qui
1431 452 1719 607 retient
1755 452 1803 607 la
1864 452 2309 607 proportion
2393 452 2453 607 du
2525 452 2681 607 bras
2729 452 2910 607 avec
2958 452 3066 607 l’e-

957 598 1166 729 ſpee;
1203 598 1424 729 outre
1473 598 1510 729 la
1571 598 1989 729 ſimilitude
2075 598 2185 729 des
2247 598 2345 729 12.
2419 598 2701 729 parties
2775 598 2836 729 de
2886 598 2935 729 la
2996 598 3070 729 li-

971 724 1073 834 vre
1164 724 1583 834 Romaine,
1640 724 1821 834 dont
1866 724 1957 834 les
2014 724 2229 834 noms
2297 724 2535 834 Latins
2614 724 2671 834 en
2750 724 2909 834 ſont
3000 724 3079 834 eſ-

975 846 1132 976 crits
1193 846 1241 976 au
1314 846 1435 976 bas
1507 846 1568 976 de
1628 846 1689 976 ce
1773 846 2063 976 Tableau
2136 846 2245 976 ſur
2293 846 2342 976 la
2390 846 2644 976 lame,
2716 846 2825 976 qui
2898 846 2982 976 eſt
3055 846 3055 976 à

947 977 991 1070 la
1080 977 1224 1070 main
1312 977 1589 1070 droite.

1100 1092 1216 1221 Les
1263 1092 1484 1221 noms
1565 1092 1611 1221 en
1693 1092 1856 1221 ſont
1925 1092 2053 1221 tels
2135 1092 2297 1221 qu’il
2356 1092 2681 1221 s’enſuit.
2774 1092 2821 1221 1.
2972 1092 3065 1221 cia,

1014 1219 1092 1342 ne
1158 1219 1379 1342 once.
1446 1219 1490 1342 2.
1557 1219 1811 1342 Sextans,
1855 1219 1900 1342 la
1955 1219 2265 1342 ſixieme
2320 1219 2564 1342 partie
2641 1219 2707 1342 de
2752 1219 2796 1342 la
2851 1219 3062 1342 livre,

963 1341 1032 1471 ce
1079 1341 1240 1471 ſont
1309 1341 1494 1471 deux
1552 1341 1817 1471 onces.
1886 1341 1932 1471 3.
2025 1341 2325 1471 Quadrans,
2359 1341 2417 1471 le
2486 1341 2717 1471 quart.
2786 1341 2821 1471 4.
2867 1341 3063 1471 Triens,

955 1462 1002 1591 le
1061 1462 1263 1591 tiers,
1322 1462 1429 1591 qui
1477 1462 1631 1591 ſont
1702 1462 1963 1591 quatre
2022 1462 2283 1591 onces.
2390 1462 2425 1591 5.
2532 1462 2829 1591 Quincunx,
2912 1462 3066 1591 cinq

972 1585 1228 1706 onces.
1306 1585 1340 1706 6.
1407 1585 1574 1706 Semis,
1619 1585 1663 1706 la
1730 1585 1965 1706 demie
2021 1585 2232 1706 livre.
2311 1585 2355 1706 7.
2411 1585 2668 1706 Septunx,
2735 1585 2891 1706 Sept
2958 1585 3069 1706 on-

970 1706 1104 1816 ces.
1192 1706 1226 1816 8.
1303 1706 1403 1816 Bes,
1459 1706 1647 1816 deux
1703 1706 1914 1816 tiers,
1980 1706 2036 1816 ce
2080 1706 2247 1816 ſont
2291 1706 2458 1816 huit
2524 1706 2791 1816 onces.
2880 1706 2913 1816 9.
3002 1706 3079 1816 Do-

965 1826 1141 1951 drans,
1207 1826 1394 1951 trois
1471 1826 1768 1951 quarts,
1834 1826 2010 1951 neuf
2087 1826 2341 1951 onces.
2440 1826 2539 1951 10.
2616 1826 2891 1951 Dextans,
2968 1826 3067 1951 dix

967 1950 1228 2060 onces.
1293 1950 1391 2060 11.
1467 1950 1651 2060 Deunx,
1706 1950 1890 2060 onze
1955 1950 2216 2060 onces.
2281 1950 2379 2060 12.
2466 1950 2520 2060 As,
2574 1950 2900 2060 l’entier,
2932 1950 3063 2060 ſoit

952 2071 1133 2199 livre
1202 2071 1247 2199 ou
1315 2071 1633 2199 ſomme.
1713 2071 1815 2199 Car
1861 2071 1929 2199 ils
1986 2071 2406 2199 n’avoyent
2451 2071 2576 2199 pas
2622 2071 3065 2199 ſeulement

972 2191 1372 2300 couſtume
1443 2191 1513 2300 de
1572 2191 1831 2300 diviſer
1878 2191 2043 2300 ainſi
2102 2191 2196 2300 les
2266 2191 2537 2300 livres,
2631 2191 2784 2300 mais
2843 2191 3008 2300 auſſi
3055 2191 3055 2300 à

951 2315 1401 2415 l’advenant
1468 2315 1783 2415 d’icelles
1828 2315 1930 2415 les
1975 2315 2312 2415 ſommes
2380 2315 2706 2415 entieres
2773 2315 2886 2415 des
2942 2315 3066 2415 he-

962 2440 1305 2564 ritages,
1387 2440 1447 2564 ce
1529 2440 1635 2564 qui
1695 2440 1754 2564 ſe
1824 2440 2179 2564 pratique
2261 2440 2486 2564 encor
2557 2440 3064 2564 aujourdhuy

962 2559 1173 2684 entre
1244 2559 1338 2684 les
1408 2559 1773 2684 Iuriſtes,
1855 2559 2043 2684 pour
2125 2559 2501 2684 exprimer
2572 2559 2689 2684 par
2748 2559 3077 2684 l’appro-

947 2682 1265 2802 priation
1356 2682 1413 2802 de
1481 2682 1583 2802 ces
1651 2682 1776 2802 dits
1833 2682 2083 2802 noms,
2117 2682 2163 2802 la
2231 2682 2481 2802 valeur
2549 2682 2606 2802 de
2686 2682 3061 2802 chaſcune

971 2808 1072 2921 des
1128 2808 1429 2921 parties.

1126 2925 1306 3047 Nous
1366 2925 1414 3047 en
1486 2925 1905 3047 pourrions
1965 2925 2133 3047 auſſi
2180 2925 2348 3047 faire
2396 2925 2444 3047 le
2504 2925 2959 3047 ſemblable,
3007 2925 3055 3047 en

947 3047 1137 3146 nous
1204 3047 1507 3146 ſervant
1585 3047 1652 3146 de
1730 3047 1842 3146 ces
1932 3047 2234 3146 meſmes
2301 3047 2357 3146 ou
2458 3047 2525 3146 de
2593 3047 3074 3146 ſemblables

948 3172 1532 3299 appellations,
1592 3172 1783 3299 pour
1866 3172 2248 3299 exprimer
2296 3172 2403 3299 les
2463 3172 2558 3299 12.
2653 3172 2928 3299 degrez
2999 3172 3059 3299 de

960 3293 1201 3422 force.
1378 3293 1518 3422 Mais
1568 3293 1619 3422 le
1720 3293 2050 3422 meilleur
2177 3293 2177 3422 &
2240 3293 2291 3422 le
2367 3293 2532 3422 plus
2583 3293 3064 3422 intelligible

947 3415 1087 3543 ſera
1157 3415 1227 3543 de
1285 3415 1483 3543 nous
1553 3415 1739 3543 tenir
1809 3415 2309 3543 ſimplement
2379 3415 2519 3543 aux
2589 3415 2903 3543 chifres,
2950 3415 3066 3543 par

943 3535 1288 3666 leſquels
1350 3535 1535 3666 ceſte
1584 3535 1769 3666 lame
1855 3535 1941 3666 eſt
2015 3535 2447 3666 diſtinguée
2520 3535 2570 3666 en
2644 3535 2730 3666 12.
2792 3535 3075 3666 parties

953 3659 1203 3787 egales
1287 3659 1346 3787 de
1418 3659 1870 3787 longueur;
1954 3659 2550 3787 n’empeſchant
2621 3659 3062 3787 toutesfois

945 3783 1128 3908 rien,
1190 3783 1496 3908 qu’elles
1545 3783 1618 3908 ne
1679 3783 1948 3908 ſoyent
2010 3783 2560 3908 aucunement
2646 3783 3074 3908 diſſembla-

948 3908 1097 4028 bles
1183 3908 1221 4028 en
1320 3908 1753 4028 puiſſance:
1865 3908 1964 4028 car
2026 3908 2200 4028 ainſi
2262 3908 2423 4028 qu’il
2485 3908 2485 4028 a
2571 3908 2708 4028 eſté
2782 3908 3067 4028 declaré

959 4027 1020 4156 cy
1105 4027 1384 4156 deſſus,
1444 4027 1711 4156 autant
1796 4027 1930 4156 que
1990 4027 2087 4156 les
2172 4027 2451 4156 degrez
2512 4027 3069 4156 s’approchent

959 4148 1016 4273 de
1073 4148 1108 4273 la
1199 4148 1394 4273 main,
1463 4148 1577 4273 qui
1635 4148 2036 4273 gouverne
2104 4148 2322 4273 toute
2368 4148 2677 4273 l’eſpee,
2746 4148 3066 4273 d’autant

935 4270 1196 4393 ſeront
1264 4270 1423 4393 elles
1479 4270 1853 4393 trouvées
1910 4270 2069 4393 plus
2114 4270 2397 4393 fortes;
2488 4270 2488 4393 &
2545 4270 2601 4393 au
2681 4270 3066 4393 contraire

943 4394 1116 4518 plus
1178 4394 1499 4518 debiles.
1647 4394 1783 4518 Mais
1869 4394 2067 4518 quoy
2153 4394 2314 4518 qu’il
2388 4394 2437 4518 en
2523 4394 2696 4518 ſoit,
2783 4394 2919 4518 celà
2993 4394 3067 4518 ne

951 4518 1140 4643 nous
1211 4518 1553 4643 importe
1636 4518 1908 4643 guere:
2026 4518 2356 4643 d’autant
2451 4518 2581 4643 que
2640 4518 2911 4643 l’uſage
2982 4518 3065 4643 ne

953 4640 1301 4765 requiert
1373 4640 1481 4765 pas
1578 4640 1698 4765 d’en
1782 4640 2082 4765 ſçavoir
2142 4640 2179 4765 ſi
2251 4640 2755 4765 exaement
2815 4640 2852 4765 la
2912 4640 3080 4765 pro-

944 4763 1313 4890 portion,
1384 4763 1527 4890 ains
1598 4763 2039 4890 ſeulement
2122 4763 2181 4890 de
2265 4763 2717 4890 cognoiſtre
2776 4763 2836 4890 le
2907 4763 3062 4890 plus

1001 4889 1012 5009 &
1059 4889 1105 5009 le
1197 4889 1462 5009 moins,
1508 4889 1693 5009 pour
1739 4889 1797 5009 ſe
1878 4889 2247 5009 conduire
2316 4889 2316 5009 à
2374 4889 2870 5009 l’advenant,
2939 4889 3066 5009 ſoit

969 5009 1125 5127 qu’il
1174 5009 1294 5127 ſoit
1354 5009 1776 5127 neceſſaire
1848 5009 2354 5127 d’accroiſtre,
2402 5009 2462 5127 ou
2547 5009 2619 5127 de
2691 5009 3077 5127 moderer,

964 5128 1009 5240 ou
1122 5128 1608 5240 d’amoindrir
1676 5128 1710 5240 ſa
1789 5128 2049 5240 force,
2128 5128 2185 5240 ou
2287 5128 2354 5240 de
2411 5128 2920 5240 ſurmonter,
2999 5128 3044 5240 ou

969 5253 1036 5348 de
1115 5253 1328 5348 ceder
1373 5253 1385 5348 à
1441 5253 1474 5348 la
1542 5253 1744 5348 force
1811 5253 2227 5348 contraire.

1073 5375 1121 5505 Et
1192 5375 1240 5505 ce
1300 5375 1455 5505 ſont
1526 5375 1562 5505 en
1646 5375 1872 5505 effe
1932 5375 2027 5505 les
2099 5375 2290 5505 deux
2326 5375 2803 5505 intentions,
2862 5375 3053 5505 qu’on

968 5503 1180 5620 devra
1239 5503 1698 5620 pretendre,
1804 5503 1816 5620 &
1863 5503 1957 5620 les
2016 5503 2287 5620 pourra
2357 5503 2404 5620 on
2487 5503 2793 5620 obtenir
2863 5503 2969 5620 par
3016 5503 3075 5620 le

983 5624 1225 5746 moyen
1310 5624 1371 5746 de
1443 5624 1552 5746 ces
1613 5624 1746 5746 dits
1795 5624 2207 5746 nombres.
2316 5624 2474 5746 C’eſt
2535 5624 2850 5746 aſſavoir
2910 5624 3080 5746 pre-

978 5747 1429 5871 mierement
1498 5747 1556 5871 de
1625 5747 2065 5871 cognoiſtre
2123 5747 2654 5871 preciſement
2724 5747 2758 5871 la
2851 5747 3071 5871 quan-

959 5871 1076 5997 tité
1147 5871 1217 5997 de
1264 5871 1311 5997 ſa
1370 5871 1640 5997 propre
1698 5871 1945 5997 force,
2015 5871 2074 5997 ou
2156 5871 2226 5997 de
2285 5871 2332 5997 la
2414 5871 2837 5997 contraire,
2907 5871 3060 5997 tant

968 5992 1132 6118 qu’il
1182 5992 1270 6118 eſt
1320 5992 1735 6118 neceſſaire
1811 5992 1849 6118 en
1937 5992 1975 6118 la
2063 5992 2453 6118 Pratique:
2578 5992 2578 6118 &
2641 5992 2830 6118 pour
2868 5992 2918 6118 le
2968 5992 3069 6118 ſe-

965 6116 1150 6241 cond
1243 6116 1300 6241 de
1393 6116 1786 6241 moderer,
1856 6116 2365 6241 augmenter,
2480 6116 2492 6241 &
2573 6116 2955 6241 diminuer
3012 6116 3059 6241 ſa

969 6234 1106 6382 dite
1168 6234 1379 6382 force
1454 6234 1628 6382 ſelon
1715 6234 2150 6382 l’exigence
2225 6234 2287 6382 de
2349 6234 2386 6382 la
2473 6234 2859 6382 diverſité,
2933 6234 3057 6382 que

947 6355 1047 6452 les
1115 6355 1496 6452 occaſions
1563 6355 2079 6452 demandent.

1106 6466 1168 6608 Le
1244 6466 1571 6608 premier
1634 6466 1861 6608 uſage
1936 6466 1986 6608 en
2087 6466 2163 6608 eſt
2225 6466 2376 6608 fort
2439 6466 2704 6608 facile:
2804 6466 2905 6608 car
2968 6466 3068 6608 les

952 6599 1338 6730 nombres
1397 6599 1631 6730 egaux
1689 6599 1736 6730 en
1829 6599 2169 6730 quantité
2239 6599 2403 6730 ſont
2450 6599 2613 6730 auſſi
2672 6599 2918 6730 egaux
2988 6599 3035 6730 en

952 6719 1203 6852 force:
1263 6719 1299 6852 la
1382 6719 1789 6852 difference
1860 6719 1920 6852 de
1980 6719 2183 6852 force
2231 6719 2278 6852 ſe
2350 6719 2888 6852 demonſtrant
2936 6719 3055 6852 par

960 6839 1369 6976 l’inegalité
1461 6839 1566 6976 des
1632 6839 2040 6976 nombres.
2172 6839 2330 6976 Car5
2396 6839 2475 6976 eſt
2620 6839 2830 6976 degré
2909 6839 3120 6976 plusl
