5719 7432
3052 5232 3189 5344 LA
3387 5232 4043 5344 MANIERE
4211 5232 4333 5344 DE
4485 5232 4943 5344 TENIR

3177 5370 3559 5463 L’ESPEE
3678 5370 3762 5463 AV
3881 5370 4239 5463 POING,
4346 5370 4632 5463 POVR
4740 5370 4943 5463 PRA-

3184 5486 3555 5580 TIQVER
3695 5486 3836 5580 NOS
3964 5486 4514 5580 RECEPTES.

3394 5630 3394 5758 E
3470 5630 3763 5758 dernier
3826 5630 4042 5758 point
4131 5630 4233 5758 qui
4297 5630 4386 5758 eſt
4436 5630 4894 5758 repreſenté
4970 5630 5021 5758 en

3375 5751 3560 5883 ceſte
3665 5751 3877 5883 Table
3943 5751 4339 5883 touchant
4405 5751 4709 5883 l’eſpee,
4775 5751 4934 5883 c’eſt
5000 5751 5039 5883 la

3392 5879 3709 6001 maniere
3768 5879 3838 6001 de
3885 5879 3932 6001 la
3991 5879 4178 6001 tenir
4225 5879 4284 6001 au
4354 5879 4636 6001 poing,
4718 5879 5035 6001 grande-

3390 6003 3575 6127 ment
3633 6003 4050 6127 differente
4119 6003 4188 6127 de
4235 6003 4674 6127 l’ordinaire
4744 6003 4859 6127 des
4917 6003 5044 6127 au-

2911 6112 3100 6259 tres.
3239 6112 3340 6259 Car
3403 6112 3580 6259 ainſi
3655 6112 3820 6259 qu’il
3895 6112 3971 6259 eſt
4034 6112 4375 6259 exprimé
4425 6112 4539 6259 icy
4589 6112 4715 6259 bas
4791 6112 4842 6259 en
4930 6112 5031 6259 ces

2925 6253 3112 6384 deux
3170 6253 3437 6384 eſpees
3496 6253 3961 6384 nombrées,
4007 6253 4205 6384 nous
4298 6253 4624 6384 mettons
4694 6253 4740 6384 le
4833 6253 5031 6384 doigt

2895 6376 3162 6509 indice
3235 6376 3393 6509 dans
3442 6376 3490 6509 la
3575 6376 3794 6509 garde
3843 6376 3964 6509 par
4025 6376 4268 6509 deſſus
4304 6376 4353 6509 la
4426 6376 4766 6509 branche
4839 6376 5046 6509 exte-

2904 6501 3180 6635 rieure,
3277 6501 3277 6635 &
3337 6501 3710 6635 alentour
3770 6501 3818 6635 du
3890 6501 4071 6635 talon
4167 6501 4227 6635 de
4275 6501 4311 6635 la
4371 6501 4600 6635 lame;
4696 6501 4696 6635 &
4756 6501 4805 6635 le
4865 6501 5045 6635 pou-

2914 6625 2974 6760 ce
3046 6625 3058 6760 à
3118 6625 3383 6760 l’autre
3455 6625 3683 6760 coſté,
3731 6625 3839 6760 ſur
3899 6625 3936 6760 la
4008 6625 4344 6760 branche
4404 6625 4885 6760 interieure,
4957 6625 5005 6760 ou

2901 6752 3413 6885 alencontre,
3473 6752 3592 6885 par
3676 6752 3950 6885 dedans
4022 6752 4057 6885 la
4153 6752 4367 6885 garde
4415 6752 5035 6885 pareillement;

2904 6875 3087 6997 avec
3136 6875 3185 6997 le
3234 6875 3429 6997 reſte
3515 6875 3612 6997 des
3710 6875 3955 6997 doigts
4016 6875 4175 6997 bien
4273 6875 4835 6997 eſtroitement
4896 6875 5043 6997 ſer-

4910 7031 5023 7087 rez

2949 397 3249 521 comme
3309 397 3405 521 12.
3513 397 3610 521 S’il
3670 397 3994 521 advient
4066 397 4379 521 qu’elles
4451 397 4727 521 ſoyent
4787 397 5064 521 accou-

2932 519 3149 650 plées
3185 519 3775 650 inegalement;
3811 519 3931 650 par
3992 519 4377 650 exemple,
4413 519 4461 650 le
4510 519 4847 650 nombre
4919 519 4919 650 7
5003 519 5064 650 de

2931 645 3123 776 l’une
3196 645 3244 776 au
3340 645 3665 776 nombre
3750 645 3798 776 4.
3882 645 3942 776 de
4003 645 4316 776 l’autre,
4376 645 4412 776 il
4496 645 4581 776 eſt
4641 645 4798 776 bien
4894 645 5063 776 vray

2947 774 3262 901 qu’elles
3310 774 3468 901 ſont
3516 774 3710 901 alors
3770 774 4303 901 diverſement
4363 774 4908 901 gouvernées,
4944 774 5065 901 l’u-

2927 895 3008 1020 ne
3066 895 3241 1020 avec
3299 895 3485 1020 plus,
3578 895 3590 1020 &
3636 895 3892 1020 l’autre
3962 895 4136 1020 avec
4218 895 4438 1020 moins
4508 895 4566 1020 de
4625 895 5055 1020 puiſſance:

2954 1019 3114 1148 mais
3176 1019 3225 1148 en
3324 1019 3693 1148 eſchange
3743 1019 3780 1148 il
3817 1019 3977 1148 faut
4039 1019 4519 1148 conſiderer,
4593 1019 4729 1148 que
4791 1019 5062 1148 l’eſpee

2947 1150 3008 1275 de
3068 1150 3105 1275 4.
3165 1150 3214 1275 ſe
3286 1150 3468 1275 peut
3516 1150 3928 1275 renforcer
3989 1150 4037 1275 en
4122 1150 4194 1275 un
4255 1150 4546 1275 inſtant
4594 1150 4885 1275 juſqu’à
4957 1150 5054 1275 12,

2921 1277 3453 1396 augmentant
3512 1277 3548 1396 ſa
3607 1277 3820 1396 force
3879 1277 3997 1396 par
4045 1277 4080 1396 la
4151 1277 4601 1396 graduation
4695 1277 4754 1396 de
4849 1277 4885 1396 8.
4967 1277 5074 1396 de-

2933 1368 3102 1523 grez
3175 1368 3513 1523 entiers;
3586 1368 3622 1523 là
3719 1368 3767 1523 ou
3839 1368 4105 1523 l’eſpee
4178 1368 4238 1523 de
4311 1368 4347 1523 7.
4420 1368 4492 1523 ne
4540 1368 4601 1523 ſe
4649 1368 4831 1523 peut
4903 1368 5060 1523 ren-

2923 1526 3205 1650 forcer,
3267 1526 3402 1650 que
3451 1526 3733 1650 juſqu’à
3795 1526 3893 1650 12.
3942 1526 4531 1650 pareillement,
4593 1526 4716 1650 qui
4752 1526 4838 1650 ne
4888 1526 5059 1650 font

2931 1647 3065 1775 que
3125 1647 3174 1775 5.
3234 1647 3550 1775 degrez,
3598 1647 3610 1775 à
3671 1647 3877 1775 cauſe
3938 1647 4071 1775 que
4120 1647 4217 1775 les
4265 1647 4556 1775 nõbres
4629 1647 4738 1775 des
4799 1647 5053 1775 eſpees

2918 1776 3080 1900 ſont
3142 1776 3428 1900 egaux.
3540 1776 3690 1900 Puis
3777 1776 3939 1900 qu’il
4001 1776 4175 1900 peut
4262 1776 4449 1900 donc
4511 1776 4835 1900 advenir
4897 1776 4972 1900 un
5034 1776 5072 1900 ſi

2938 1899 3161 2020 grand
3232 1899 3773 2020 changement
3844 1899 3891 2020 en
3962 1899 4020 2020 un
4126 1899 4468 2020 moment
4538 1899 4597 2020 de
4656 1899 4950 2020 temps,
5056 1899 5068 2020 &

2948 2027 3254 2146 meſmes
3323 2027 3515 2146 qu’on
3595 2027 3651 2146 le
3742 2027 3878 2146 doit
3969 2027 4275 2146 comme
4343 2027 4536 2146 pour
4616 2027 4865 2146 certain
4967 2027 5058 2146 at-

2918 2149 3231 2271 tendre,
3306 2149 3456 2271 qu’il
3506 2149 3706 2271 nous
3756 2149 3981 2271 ſuffiſe
4056 2149 4118 2271 de
4168 2149 4468 2271 ſçavoir
4506 2149 4556 2271 la
4631 2149 5056 2271 difference

2938 2271 3046 2392 des
3094 2271 3357 2392 forces
3405 2271 3524 2392 par
3584 2271 3644 2392 le
3704 2271 4038 2392 nombre
4110 2271 4230 2392 des
4301 2271 4624 2392 degrez:
4720 2271 5067 2392 leſquels

2914 2396 3117 2521 nous
3164 2396 3522 2521 peuvent
3593 2396 3784 2521 aſſez
3867 2396 4201 2521 declarer
4273 2396 4308 2521 ſi
4368 2396 4404 2521 la
4475 2396 4916 2521 difference
4988 2396 5035 2521 en

2930 2521 3018 2648 eſt
3093 2521 3405 2648 grande,
3455 2521 3743 2648 petite,
3805 2521 3868 2648 ou
3980 2521 4405 2648 moyenne.
4530 2521 4643 2648 Car
4693 2521 4743 2648 1.
4805 2521 5068 2648 degré,

2926 2648 3087 2773 c’eſt
3137 2648 3199 2773 un
3273 2648 3397 2773 peu
3484 2648 3645 2773 plus
3707 2648 3906 2773 fort:
3980 2648 4030 2773 2.
4104 2648 4415 2773 degrez,
4489 2648 4638 2773 c’eſt
4712 2648 5060 2773 evidem-

2940 2775 3128 2898 ment
3178 2775 3366 2898 plus:
3454 2775 3504 2898 3.
3567 2775 3880 2898 degrez,
3955 2775 4106 2898 c’eſt
4156 2775 4582 2898 beaucoup
4645 2775 4833 2898 plus.
4920 2775 5071 2898 Voi-

2911 2897 2949 3022 là
3000 2897 3102 3022 les
3165 2897 3686 3022 diſtinions,
3750 2897 3864 3022 qui
3915 2897 4105 3022 nous
4181 2897 4486 3022 doivent
4537 2897 4817 3022 ſuffire.
4956 2897 5058 3022 Car

2919 3020 2986 3138 de
3064 3020 3366 3138 vouloir
3433 3020 3735 3138 ſçavoir
3813 3020 4327 3138 exaement
4394 3020 4662 3138 toutes
4718 3020 4819 3138 les
4886 3020 5054 3138 pro-

2912 3141 3278 3266 portions
3353 3141 3416 3266 de
3467 3141 3618 3266 tant
3744 3141 3757 3266 &
3807 3141 3971 3266 tant
4034 3141 4626 3266 d’aſſemblages
4702 3141 5067 3266 d’eſpees,

2922 3267 3122 3394 qu’on
3192 3267 3544 3394 pourroit
3591 3267 4002 3394 imaginer,
4037 3267 4120 3394 ne
4167 3267 4401 3394 ſeroit
4448 3267 4566 3394 pas
4613 3267 5059 3394 ſeulement

2911 3390 3354 3514 impoſſible
3416 3390 3416 3514 à
3490 3390 3847 3514 obſerver
3933 3390 3983 3514 en
4081 3390 4192 3514 des
4253 3390 4660 3514 occaſions
4709 3390 4734 3514 ſi
4808 3390 5066 3514 viſtes,

2924 3515 3226 3642 comme
3287 3515 3444 3642 ſont
3529 3515 3747 3642 celles
3831 3515 3892 3642 de
3976 3515 4231 3642 ceſtuy
4315 3515 4569 3642 noſtre
4654 3515 5041 3642 Exercice,

2942 3644 3100 3734 mais
3136 3644 3172 3734 il
3221 3644 3451 3734 ſeroit
3499 3644 3669 3734 auſſi
3705 3644 4020 3734 inutile.

3065 3763 3128 3886 Au
3229 3763 3417 3886 reſte
3492 3763 3656 3886 tout
3744 3763 3794 3886 ce
3882 3763 3995 3886 qui
4070 3763 4158 3886 eſt
4233 3763 4321 3886 dit
4372 3763 4660 3886 juſqu’à
4736 3763 5050 3886 preſent

2910 3885 3303 4005 touchant
3387 3885 3422 4005 la
3530 3885 3982 4005 graduation
4125 3885 4137 4005 &
4221 3885 4817 4005 deſgraduation
4936 3885 5043 4005 des

2926 3992 3221 4129 eſpees,
3270 3992 3466 4129 pour
3552 3992 3896 4129 moderer
3969 3992 4080 4129 par
4141 3992 4411 4129 icelles
4473 3992 4509 4129 ſa
4571 3992 4853 4129 propre
4902 3992 5049 4129 for-

2919 4133 3036 4252 ce,
3164 4133 3176 4252 &
3223 4133 3784 4252 pareillement
3854 4133 3889 4252 la
3983 4133 4194 4252 force
4275 4133 4720 4252 contraire;
4778 4133 4837 4252 ſe
4907 4133 5047 4252 doit

2918 4255 3302 4380 entendre
3384 4255 3895 4380 ſimplement
3965 4255 4023 4380 au
4105 4255 4384 4380 regard
4465 4255 4523 4380 de
4605 4255 4721 4380 ces
4803 4255 5047 4380 douze

2900 4381 3315 4507 nombres,
3388 4381 3437 4507 ce
3510 4381 3620 4507 qui
3669 4381 4169 4507 n’empeſche
4230 4381 4669 4507 toutesfois
4730 4381 4889 4507 qu’il
4938 4381 5035 4507 n’y

2900 4505 2990 4627 ait
3068 4505 3293 4627 encor
3372 4505 3755 4627 pluſieurs
3822 4505 4081 4627 autres
4182 4505 4553 4627 manieres
4621 4505 4677 4627 de
4756 4505 5048 4627 renfor-

2913 4627 3316 4754 cements:
3410 4627 3766 4754 deſquels
3813 4627 3849 4754 il
3884 4627 4027 4754 ſera
4086 4627 4335 4754 traité,
4406 4627 4465 4754 de
4536 4627 4916 4754 chaſcune
4987 4627 5034 4754 en

2904 4754 3004 4872 ſon
3079 4754 3354 4872 propre
3404 4754 3591 4872 lieu.

632 390 1166 518 proportions
1227 390 1300 518 de
1348 390 1616 518 toutes
1664 390 1774 518 les
1822 390 2078 518 forces
2126 390 2515 518 inegales,
2588 390 2843 518 pour,

623 517 673 652 ſe
748 517 973 652 ſervir
1023 517 1035 652 à
1085 517 1310 652 touts
1372 517 1672 652 propos
1747 517 1809 652 de
1871 517 2071 652 leurs
2133 517 2620 652 avantages;
2770 517 2770 652 &

641 646 766 776 que
828 646 1229 776 l’adreſſe,
1304 646 1441 776 que
1504 646 1704 776 nous
1779 646 1829 776 en
1917 646 2317 776 baillons,
2405 646 2580 776 n’eſt
2655 646 2768 776 pas

631 768 1013 901 ſuffiſante
1063 768 1248 901 pour
1322 768 1359 901 en
1445 768 1988 901 comprendre
2037 768 2050 901 à
2099 768 2284 901 plein
2358 768 2629 901 toutes
2666 768 2765 901 les

639 894 1144 1019 differences.
1288 894 1385 1019 Car
1445 894 1481 1019 ſi
1541 894 1637 1019 les
1709 894 1902 1019 deux
1950 894 2191 1019 lames
2251 894 2419 1019 ſont
2479 894 2768 1019 accou-

628 1019 868 1147 plées,
916 1019 1036 1147 par
1096 1019 1493 1147 exemple,
1565 1019 1601 1147 2.
1673 1019 1937 1147 contre
1997 1019 2033 1147 4.
2105 1019 2153 1147 ou
2237 1019 2333 1147 10.
2393 1019 2658 1147 contre
2718 1019 2766 1147 8.

615 1139 650 1272 la
744 1139 1168 1272 difference
1250 1139 1297 1272 en
1391 1139 1532 1272 ſera
1603 1139 2050 1272 egalement
2144 1139 2203 1272 de
2285 1139 2485 1272 deux
2544 1139 2767 1272 nom-

620 1268 794 1396 bres
868 1268 1029 1396 plus
1091 1268 1240 1396 fort
1314 1268 1376 1396 ou
1463 1268 1637 1396 plus
1699 1268 1972 1396 foible,
2021 1268 2195 1396 auſſi
2257 1268 2406 1396 bien
2492 1268 2542 1396 en
2616 1268 2740 1396 l’un

638 1394 821 1524 qu’en
890 1394 1154 1524 l’autre
1223 1394 1292 1524 de
1361 1394 1464 1524 ces
1533 1394 1717 1524 deux
1786 1394 2532 1524 accomplements:
2612 1394 2761 1524 mais

627 1516 884 1651 quand
966 1516 1025 1651 ce
1095 1516 1505 1651 viendroit
1563 1516 1575 1651 à
1645 1516 2054 1651 comparer
2125 1516 2230 1651 ces
2300 1516 2487 1651 deux
2557 1516 2756 1651 diffe-

615 1645 888 1772 rences
945 1645 1138 1772 l’une
1217 1645 1229 1772 à
1297 1645 1558 1772 l’autre
1626 1645 1683 1772 au
1774 1645 2047 1772 regard
2149 1645 2262 1772 des
2319 1645 2751 1772 nombres,

637 1766 739 1901 qui
791 1766 957 1901 ſont
995 1766 1034 1901 ſi
1098 1766 1712 1901 diſſemblables,
1763 1766 1802 1901 la
1866 1766 2327 1901 proportion
2416 1766 2467 1901 en
2531 1766 2762 1901 ſeroit

631 1895 1160 2018 grandement
1221 1895 1677 2018 differente:
1714 1895 1726 2018 à
1788 1895 1997 2018 cauſe
2059 1895 2194 2018 que
2268 1895 2292 2018 4.
2342 1895 2428 2018 eſt
2477 1895 2526 2018 le
2600 1895 2760 2018 dou-

620 2016 733 2144 ble
796 2016 859 2144 de
922 2016 959 2144 2.
1085 2016 1097 2144 &
1160 2016 1198 2144 8.
1260 2016 1436 2144 n’eſt
1511 2016 1787 2144 qu’une
1837 2016 2239 2144 troiſieme
2289 2016 2528 2144 partie
2603 2016 2766 2144 plus

631 2143 762 2272 que
834 2143 870 2272 6.
929 2143 1001 2272 de
1084 2143 1407 2272 maniere
1466 2143 1597 2272 que
1645 2143 1753 2272 les
1800 2143 2325 2272 proportions
2409 2143 2468 2272 de
2540 2143 2755 2272 force

623 2269 776 2399 ſont
834 2269 1446 2399 ſouventesfois
1493 2269 1869 2399 inegales,
1916 2269 2410 2399 nonobſtant
2481 2269 2610 2399 que
2657 2269 2763 2399 les

612 2391 993 2521 nombres
1065 2391 1125 2521 de
1184 2391 1351 2521 leur
1423 2391 1864 2521 difference
1912 2391 2198 2521 ſoyent
2257 2391 2532 2521 egaux.
2651 2391 2758 2521 Car

605 2517 709 2648 les
779 2517 1303 2648 proportions
1385 2517 1501 2648 des
1582 2517 2060 2648 differences
2153 2517 2258 2648 des
2327 2517 2758 2648 nombres,

629 2645 733 2769 qui
780 2645 942 2769 ſont
1023 2645 1128 2769 mis
1198 2645 1244 2769 en
1325 2645 1859 2769 comparaiſon
1952 2645 2138 2769 deux
2243 2645 2254 2769 &
2324 2645 2510 2769 deux
2591 2645 2753 2769 con-

610 2768 709 2876 tre
797 2768 984 2876 deux
1116 2768 1116 2876 &
1204 2768 1391 2876 deux
1468 2768 1775 2876 autres,
1852 2768 2028 2876 vont
2094 2768 2501 2876 touſiours
2578 2768 2622 2876 en
2709 2768 2764 2876 a-

629 2890 1158 3021 moindriſſant
1229 2890 1241 3021 à
1311 2890 1817 3021 l’advenant,
1900 2890 2029 3021 que
2100 2890 2147 3021 le
2264 2890 2594 3021 moindre
2688 2890 2747 3021 de

614 3015 717 3146 ces
764 3015 902 3146 dits
983 3015 1179 3146 deux
1305 3015 1674 3146 Nombres
1743 3015 1755 3146 à
1847 3015 2262 3146 comparer
2354 3015 2746 3146 enſemble

602 3143 1151 3270 s’augmente;
1200 3143 1236 3270 ſi
1297 3143 1432 3270 que
1480 3143 1517 3270 la
1578 3143 2042 3270 proportion
2127 3143 2188 3270 de
2262 3143 2298 3270 la
2396 3143 2762 3270 differen-

620 3262 706 3398 ce,
754 3262 876 3398 qui
925 3262 1011 3398 eſt
1084 3262 1291 3398 entre
1352 3262 1389 3398 2.
1511 3262 1511 3398 &
1572 3262 1621 3398 3.
1682 3262 1767 3398 eſt
1816 3262 2158 3398 trouvée
2207 3262 2378 3398 plus
2439 3262 2756 3398 grande,

619 3389 742 3520 que
816 3389 988 3520 celle
1062 3389 1173 3520 qui
1234 3389 1308 3520 eſt
1382 3389 1579 3520 entre
1653 3389 1690 3520 3.
1788 3389 1800 3520 &
1862 3389 1911 3520 4.
1973 3389 2022 3520 ou
2108 3389 2317 3520 entre
2379 3389 2416 3520 4.
2527 3389 2527 3520 &
2600 3389 2637 3520 5.
2748 3389 2748 3520 &

597 3515 772 3643 ainſi
843 3515 1639 3643 conſequemment;
1721 3515 1955 3643 eſtant
2014 3515 2424 3643 touſiours
2471 3515 2564 3643 les
2635 3515 2752 3643 dif-

594 3642 964 3768 ferences
1010 3642 1172 3768 plus
1230 3642 1553 3768 petites,
1600 3642 1611 3768 à
1692 3642 1970 3768 meſure
2039 3642 2166 3768 que
2212 3642 2317 3768 les
2363 3642 2756 3768 nombres

610 3767 1302 3885 s’aggrandiſſent.
1397 3767 1564 3885 Dont
1612 3767 1648 3885 il
1696 3767 2077 3885 ſemblera
2137 3767 2244 3885 par
2304 3767 2745 3885 adventure

594 3891 606 4008 à
666 3891 737 4008 un
809 3891 928 4008 tel,
1035 3891 1166 4008 que
1214 3891 1405 4008 nous
1476 3891 1798 4008 devions
1858 3891 2275 4008 expliquer
2323 3891 2752 4008 l’inegalité

617 4008 677 4138 de
737 4008 999 4138 toutes
1059 4008 1167 4138 ces
1238 4008 1716 4138 differences
1764 4008 1884 4138 par
1920 4008 1979 4138 le
2063 4008 2290 4138 menu,
2386 4008 2386 4138 &
2433 4008 2756 4138 aſſigner

594 4129 606 4260 à
678 4129 978 4260 chaſcun
1050 4129 1687 4260 accouplement
1760 4129 2096 4260 d’eſpees
2144 4129 2180 4260 ſa
2240 4129 2757 4260 proportion,

597 4260 719 4386 afin
804 4260 999 4386 qu’on
1072 4260 1292 4386 peuſt
1341 4260 1645 4386 ſçavoir
1694 4260 1816 4386 par
1877 4260 1938 4386 ce
2011 4260 2316 4386 moyen,
2377 4260 2731 4386 combien

617 4386 760 4511 c’eſt
832 4386 1023 4511 qu’on
1118 4386 1560 4511 augmente
1619 4386 1679 4511 ou
1774 4386 2109 4511 diminue
2168 4386 2204 4511 la
2264 4386 2729 4511 proportion

617 4511 677 4635 de
724 4511 819 4635 ſes
890 4511 1199 4635 forces,
1282 4511 1460 4635 avec
1543 4511 1935 4635 chaſcune
1994 4511 2196 4635 ſorte
2291 4511 2350 4635 de
2445 4511 2754 4635 gradua-

604 4635 836 4759 tions,
885 4635 1178 4759 petites
1251 4635 1300 4759 ou
1410 4635 1764 4759 grandes,
1825 4635 2081 4759 telles,
2142 4635 2448 4759 qu’elles
2521 4635 2753 4759 pour-

601 4759 769 4902 ront
841 4759 1069 4902 eſtre,
1188 4759 1200 4902 &
1248 4759 1356 4902 ſur
1404 4759 1536 4902 tels
1608 4759 1955 4902 endroits
2027 4759 2135 4902 des
2207 4759 2482 4902 lames,
2542 4759 2590 4902 où
2674 4759 2734 4902 on

592 4888 688 4981 les
752 4888 1038 4981 voudra
1123 4888 1389 4981 mettre
1452 4888 1506 4981 en
1633 4888 1888 4981 œuvre.

748 4983 801 5130 Là
880 4983 1118 5130 deſſus
1158 4983 1224 5130 je
1264 4983 1383 5130 luy
1449 4983 1978 5130 reſpondray,
2031 4983 2163 5130 que
2229 4983 2388 5130 c’eſt
2441 4983 2494 5130 la
2573 4983 2758 5130 veri-

602 5128 699 5256 té,
772 5128 906 5256 que
954 5128 1052 5256 les
1112 5128 1647 5256 proportions
1707 5128 1829 5256 des
1889 5128 2375 5256 differences
2412 5128 2460 5256 ſe
2533 5128 2752 5256 chan-

612 5254 834 5383 gent,
939 5254 985 5383 en
1078 5254 1626 5383 augmentant
1755 5254 1755 5383 &
1836 5254 1883 5383 en
1988 5254 2431 5383 diminuant
2501 5254 2547 5383 au
2640 5254 2734 5383 re-

607 5372 842 5505 bours
901 5372 971 5505 de
1018 5372 1700 5505 l’accroiſſement
1794 5372 1853 5505 de
1912 5372 2124 5505 leurs
2171 5372 2605 5505 nombres:
2735 5372 2735 5505 &

604 5505 712 5634 par
784 5505 1312 5634 conſequent,
1384 5505 1719 5634 d’autant
1779 5505 1911 5634 que
1959 5505 2067 5634 les
2115 5505 2535 5634 nombres,
2595 5505 2750 5634 con-

599 5630 710 5758 tre
772 5630 1118 5758 leſquels
1192 5630 1254 5758 on
1340 5630 1489 5758 fera
1550 5630 1588 5758 la
1686 5630 2205 5758 graduation,
2267 5630 2526 5758 ſeront
2588 5630 2749 5758 plus

614 5755 946 5883 grands,
1010 5755 1176 5883 auſſi
1227 5755 1483 5883 faudra
1559 5755 1597 5883 il
1661 5755 1840 5883 faire
1904 5755 1904 5883 à
1968 5755 2415 5883 l’advenant
2479 5755 2517 5883 la
2619 5755 2747 5883 dite

625 5881 1065 6009 graduation
1156 5881 1311 6009 plus
1389 5881 1674 6009 grande
1739 5881 1933 6009 pour
2011 5881 2321 6009 gaigner
2399 5881 2749 6009 quelque

622 6007 871 6131 choſe:
977 6007 977 6131 &
1036 6007 1095 6131 au
1166 6007 1545 6131 rebours,
1604 6007 1935 6131 d’autant
2006 6007 2136 6131 que
2183 6007 2290 6131 les
2337 6007 2751 6131 nombres,

609 6131 784 6262 avec
834 6131 1184 6262 leſquels
1222 6131 1259 6262 la
1334 6131 1785 6262 graduation
1847 6131 1985 6262 ſera
2047 6131 2248 6262 faite,
2285 6131 2535 6262 ſeront
2586 6131 2748 6262 plus

625 6256 925 6386 grands,
997 6256 1333 6386 d’autant
1405 6256 1453 6386 en
1549 6256 1813 6386 pourra
1909 6256 2089 6386 eſtre
2149 6256 2197 6386 la
2281 6256 2725 6386 graduation

605 6380 768 6510 plus
819 6380 1096 6510 petite.
1159 6380 1209 6510 Et
1272 6380 1726 6510 cependant
1764 6380 1802 6510 il
1852 6380 2041 6510 ſuffit
2104 6380 2369 6510 d’avoir
2444 6380 2507 6510 de
2570 6380 2734 6510 cecy

614 6506 751 6635 une
814 6506 1387 6635 cognoiſſance
1449 6506 1848 6635 generale,
1873 6506 2035 6635 ſans
2097 6506 2259 6635 qu’il
2309 6506 2434 6635 ſoit
2484 6506 2733 6635 beſoin

617 6630 751 6758 d’en
848 6630 1249 6758 examiner
1310 6630 1407 6758 les
1480 6630 2137 6758 particularitez.
2270 6630 2380 6758 Car
2440 6630 2525 6758 s’il
2598 6630 2744 6758 faut

615 6756 855 6884 parler
915 6756 1517 6884 proprement,
1613 6756 1649 6884 la
1721 6756 1937 6884 force
2022 6756 2130 6884 des
2226 6756 2406 6884 deux
2491 6756 2743 6884 eſpees

620 6880 707 7013 eſt
781 6880 1178 7013 touſiours
1253 6880 1501 7013 egale.
1625 6880 1737 7013 Car
1799 6880 1960 7013 elles
2009 6880 2171 7013 ſont
2220 6880 2493 7013 toutes
2568 6880 2754 7013 deux
