5719 7432
1012 413 1124 537 rez
1199 413 1547 537 dlentour
1621 413 1671 537 de
1721 413 1771 537 la
1820 413 2206 537 poignee,
2268 413 2305 537 en
2380 413 2567 537 ſorte
2641 413 2766 537 que
2815 413 2877 537 le
2927 413 3139 537 pom-

1033 533 1215 657 meau
1300 533 1433 657 ſoit
1481 533 1784 657 affermi
1857 533 2147 657 dedans
2196 533 2256 657 le
2329 533 2559 657 creux
2644 533 2692 657 du
2765 533 3128 657 poignet,

1067 657 1067 799 &
1141 657 1239 799 les
1300 657 1692 799 branches
1765 657 2365 799 horizontales,
2426 657 2610 799 l’une
2684 657 2696 799 à
2782 657 2978 799 coſté
3063 657 3125 799 de

1002 793 1289 878 l’autre.

1161 881 1198 1022 Il
1270 881 1355 1022 eſt
1428 881 1986 1022 abſoluement
2058 881 2483 1022 neceſſaire
2568 881 2580 1022 à
2653 881 2859 1022 touts
2943 881 3125 1022 ceux

1018 1021 1130 1151 qui
1198 1021 1601 1151 voudront
1668 1021 1836 1151 faire
1914 1021 2217 1151 aucune
2284 1021 2654 1151 recerche
2743 1021 2810 1151 de
2866 1021 3124 1151 noſtre

1026 1145 1416 1276 Pratique,
1489 1145 1550 1276 de
1598 1145 1769 1276 faire
1818 1145 2536 1276 l’empoignement
2609 1145 2670 1276 de
2719 1145 2987 1276 l’eſpee
3048 1145 3097 1276 en

1015 1268 1199 1395 ceſte
1256 1268 1452 1395 ſeule
1532 1268 1889 1395 maniere,
1993 1268 2004 1395 &
2050 1268 2177 1395 non
2246 1268 2372 1395 pas
2453 1268 2499 1395 en
2602 1268 2936 1395 quelque
3005 1268 3120 1395 au-

1001 1390 1106 1518 tre
1152 1390 1385 1518 ſorte,
1443 1390 1571 1518 que
1629 1390 1687 1518 ce
1734 1390 1897 1518 ſoit:
1966 1390 2292 1518 d’autant
2362 1390 2490 1518 que
2560 1390 2618 1518 de
2688 1390 2874 1518 ceſte
2920 1390 3118 1518 ſeule

1028 1514 1320 1643 depend
1367 1514 1402 1643 la
1472 1514 1858 1643 certitude
1928 1514 2127 1643 d’une
2185 1514 2442 1643 bonne
2501 1514 2746 1643 partie
2828 1514 2886 1643 de
2957 1514 3120 1643 tou-

1999 1730 2148 1931 Our
2242 1730 2504 1931 venir
2579 1730 2579 1931 à
2653 1730 2710 1931 la
2840 1730 3308 1931 Pratique
3402 1730 3495 1931 de
3570 1730 3795 1931 tout
3888 1730 3963 1931 ce
4057 1730 4206 1931 qui
4281 1730 4281 1931 a
4375 1730 4543 1931 eſté
4637 1730 5142 1931 diſcouru,
5198 1730 5422 1931 tou-

1902 1931 2129 2083 chant
2171 1931 2214 2083 la
2285 1931 2808 2083 convenance
2879 1931 2936 2083 du
3063 1931 3332 2083 Cercle,
3445 1931 3445 2083 &
3516 1931 3573 2083 de
3615 1931 3969 2083 l’Eſpee,
4026 1931 4210 2083 avec
4252 1931 4295 2083 le
4422 1931 4635 2083 Corps
4705 1931 4762 2083 de
4819 1931 5314 2083 l’Homme;
5371 1931 5413 2083 il

1902 2075 1987 2220 eſt
2029 2075 2157 2220 aiſé
2214 2075 2228 2220 à
2299 2075 2356 2220 un
2469 2075 2782 2220 chaſcun
2881 2075 3137 2220 d’avoir
3193 2075 3335 2220 une
3435 2075 3648 2220 Eſpee
3719 2075 3775 2220 de
3832 2075 3875 2220 ſa
3931 2075 4116 2220 juſte
4215 2075 4513 2220 meſure.
4655 2075 4783 2220 Mais
4840 2075 5039 2220 pour
5095 2075 5138 2220 le
5266 2075 5408 2220 Cer-

1896 2210 2013 2357 cle,
2078 2210 2273 2357 qu’on
2377 2210 2637 2357 deſcrit
2689 2210 2832 2357 une
2884 2210 3014 2357 fois
3066 2210 3261 2357 pour
3313 2210 3612 2357 toutes,
3703 2210 3755 2357 où
3820 2210 3859 2357 il
3911 2210 4067 2357 faut
4119 2210 4730 2357 ſouventesfois
4769 2210 4951 2357 faire
5029 2210 5133 2357 des
5172 2210 5393 2357 preu-

1895 2348 2000 2497 ves
2053 2348 2224 2497 avec
2303 2348 2738 2497 perſonnes
2804 2348 3146 2497 inegales
3239 2348 3291 2497 de
3357 2348 3700 2497 ſtature,
3766 2348 3897 2497 aux
3977 2348 4174 2497 quels
4240 2348 4280 2497 il
4332 2348 4701 2497 faudroit
4767 2348 4767 2497 à
4859 2348 5176 2497 chaſcun
5268 2348 5373 2497 ſon

1888 2489 2173 2635 propre
2282 2489 2554 2635 Cercle;
2636 2489 2690 2635 ou
2772 2489 2921 2635 bien
2989 2489 3166 2635 avec
3221 2489 3656 2635 perſonnes
3724 2489 3996 2635 egales,
4078 2489 4227 2635 mais
4282 2489 4445 2635 plus
4513 2489 4867 2635 grandes,
4921 2489 4989 2635 ou
5057 2489 5220 2635 plus
5288 2489 5411 2635 pe-

1010 2627 1217 2775 tites,
1286 2627 1410 2775 que
1465 2627 1507 2775 la
1562 2627 1769 2775 ligne
1838 2627 1893 2775 du
2031 2627 2445 2775 Diametre,
2500 2627 2541 2775 en
2624 2627 2817 2775 ſorte
2886 2627 3010 2775 que
3065 2627 3120 2775 le
3217 2627 3465 2775 Cercle
3520 2627 3589 2775 ne
3645 2627 3879 2775 ſeroit
3934 2627 4044 2775 pas
4113 2627 4513 2775 compaſſé
4582 2627 4582 2775 à
4638 2627 4679 2775 la
4762 2627 5231 2775 proportion
5341 2627 5410 2775 de

1003 2768 1195 2909 leurs
1259 2768 1502 2909 corps.
1617 2768 1797 2909 Pour
1860 2768 2116 2909 obvier
2168 2768 2168 2909 à
2244 2768 2347 2909 ces
2385 2768 3063 2909 inconvenients,
3114 2768 3140 2909 il
3204 2768 3255 2909 le
3306 2768 3473 2909 faut
3537 2768 3716 2909 tirer
3780 2768 3882 2909 ſur
3946 2768 3997 2909 la
4087 2768 4355 2909 meſure
4445 2768 4650 2909 d’une
4714 2768 5110 2909 perſonne
5200 2768 5392 2909 moy-

1018 2904 1235 3050 enne,
1276 2904 1399 3050 afin
1480 2904 1643 3050 qu’il
1697 2904 1820 3050 ſoit
1888 2904 2200 3050 capable
2282 2904 2526 3050 d’eſtre
2581 2904 3151 3050 accommodé
3206 2904 3206 3050 à
3274 2904 3559 3050 toutes.
3668 2904 3763 3050 Car
3804 2904 3899 3050 les
3953 2904 4116 3050 plus
4184 2904 4456 3050 grands
4510 2904 4524 3050 y
4578 2904 4986 3050 pourront
5054 2904 5394 3050 prendre

1006 3041 1099 3188 les
1179 3041 1500 3188 meſures
1566 3041 1620 3188 de
1673 3041 1873 3188 leurs
1927 3041 2341 3188 Inſtances
2394 3041 2461 3188 un
2541 3041 2661 3188 peu
2728 3041 3222 3188 largement.
3329 3041 3689 3188 Comme,
3716 3041 3756 3188 la
3823 3041 4237 3188 premiere,
4304 3041 4571 3188 dehors
4624 3041 4664 3188 la
4784 3041 5398 3188 Circonference

1006 3179 1078 3323 un
1164 3179 1279 3323 peu
1351 3179 1409 3323 au
1510 3179 1784 3323 dedans
1856 3179 1913 3323 du
2043 3179 2562 3323 Quadrangle.
2648 3179 2721 3323 La
2778 3179 3153 3323 ſeconde,
3211 3179 3369 3323 pres
3412 3179 3456 3323 le
3542 3179 3758 3323 milieu
3859 3179 3917 3323 du
4003 3179 4191 3323 coſté
4277 3179 4320 3323 du
4464 3179 4724 3323 Quarré
4767 3179 5070 3323 inſcrit,
5113 3179 5185 3323 un
5257 3179 5387 3323 peu

1005 3319 1073 3465 au
1168 3319 1467 3465 dehors,
1494 3319 1603 3465 ſur
1657 3319 1698 3465 le
1807 3319 2188 3465 Diametre
2256 3319 2487 3465 oblic.
2569 3319 2623 3465 Et
2678 3319 2718 3465 la
2773 3319 3181 3465 troiſieme
3235 3319 3943 3465 ſemblablement
3997 3319 4065 3465 un
4147 3319 4269 3465 peu
4337 3319 4405 3465 au
4487 3319 4773 3465 dehors
4841 3319 4895 3465 de
4936 3319 4990 3465 la
5099 3319 5412 3465 Circon-

1008 3457 1359 3602 ference,
1413 3457 1521 3602 ſur
1561 3457 1615 3602 le
1723 3457 2101 3602 Diametre
2155 3457 2871 3602 perpendiculaire
2939 3457 3357 3602 prolongé.
3452 3457 3560 3602 Les
3614 3457 3776 3602 plus
3830 3457 4073 3602 petits
4127 3457 4141 3602 y
4195 3457 4829 3602 raccourciront
4883 3457 5059 3602 auſſi
5099 3457 5194 3602 les
5288 3457 5410 3602 me-

1005 3593 1200 3740 ſures
1278 3593 1330 3740 de
1382 3593 1577 3740 leurs
1629 3593 2045 3740 Inſtances
2097 3593 2110 3740 à
2149 3593 2643 3740 l’advenant;
2747 3593 2760 3740 &
2812 3593 2864 3740 en
2942 3593 3397 3740 prendront
3449 3593 3488 3740 la
3553 3593 3943 3740 premiere
3995 3593 4060 3740 au
4138 3593 4528 3740 contraire
4606 3593 4710 3740 des
4775 3593 5061 3740 grands,
5113 3593 5178 3740 un
5256 3593 5373 3740 peu

1016 3731 1304 3875 dedans
1356 3731 1396 3875 la
1513 3731 2128 3875 Circonference
2181 3731 2285 3875 ſur
2338 3731 2390 3875 le
2495 3731 2913 3875 Diametre.
3018 3731 3083 3875 La
3136 3731 3489 3875 ſeconde
3541 3731 3646 3875 ſur
3712 3731 3764 3875 le
3869 3731 4261 3875 Diametre
4313 3731 4549 3875 oblic,
4601 3731 4667 3875 un
4745 3731 4876 3875 peu
4955 3731 5007 3875 en
5098 3731 5413 3875 dedans.

1095 3866 1095 4014 
1150 3866 1191 4014 la
1260 3866 1660 4014 troiſieme
1742 3866 2100 4014 derechef
2156 3866 2266 4014 ſur
2307 3866 2362 4014 le
2472 3866 2858 4014 Diametre
2913 3866 3629 4014 perpendiculaire
3685 3866 3740 4014 au
3850 3866 4139 4014 dedans
4208 3866 4332 4014 dela
4456 3866 5103 4014 Circonference.
5214 3866 5407 4014 Voilà

1009 4005 1443 4150 comment
1509 4005 1562 4150 ce
1667 4005 1905 4150 Cercle
1971 4005 2247 4150 pourra
2300 4005 2524 4150 ſervir
2590 4005 2590 4150 à
2643 4005 2919 4150 toutes
2959 4005 3209 4150 ſortes
3275 4005 3341 4150 de
3394 4005 3855 4150 perſonnes,
3908 4005 4066 4150 ſans
4132 4005 4303 4150 qu’il
4342 4005 4395 4150 le
4448 4005 4646 4150 faille
4698 4005 4975 4150 jamais
5041 4005 5410 4150 changer.

1069 4137 1123 4284 Or
1190 4137 1243 4284 je
1350 4137 1711 4284 m’aſſeure
1791 4137 1911 4284 que
1991 4137 2178 4284 ceſte
2258 4137 2726 4284 explication
2806 4137 2940 4284 ſera
3006 4137 3193 4284 pour
3260 4137 3300 4284 le
3380 4137 4142 4284 commencement
4195 4137 4329 4284 une
4396 4137 4676 4284 preuve
4743 4137 5157 4284 ſuffiſante
5224 4137 5291 4284 de
5357 4137 5397 4284 la

1023 4278 1577 4427 grand’utilité
1662 4278 1719 4427 de
1762 4278 2060 4427 l’une&
2117 4278 2174 4427 de
2230 4278 2486 4427 l’autre
2571 4278 2628 4427 de
2685 4278 2784 4427 ces
2855 4278 3040 4427 deux
3125 4278 3466 4427 meſures,
3523 4278 3580 4427 de
3622 4278 3935 4427 l’Eſpee
4006 4278 4176 4427 di-je,
4233 4278 4347 4427 qui
4404 4278 4489 4427 eſt
4532 4278 5043 4427 l’inſtrumẽt
5114 4278 5171 4427 de
5228 4278 5398 4427 tou-

1018 4417 1115 4569 tes
1157 4417 1239 4569 les
1295 4417 1792 4569 operations,
1889 4417 1889 4569 &
1958 4417 2013 4569 du
2137 4417 2414 4569 Cercle,
2469 4417 2580 4569 qui
2635 4417 2732 4569 eſt
2773 4417 2814 4569 la
2897 4417 3353 4569 deſcription
3450 4417 3505 4569 du
3616 4417 3947 4569 Terrain,
4003 4417 4459 4569 contenant
4500 4417 4597 4569 les
4652 4417 4914 4569 vrayes
5011 4417 5025 4569 &
5066 4417 5412 4569 propor-

1008 4556 1442 4701 tionnelles
1521 4556 1942 4701 diſtances,
2008 4556 2758 4701 correſpondantes
2823 4556 2955 4701 aux
3034 4556 3533 4701 operations,
3586 4556 3783 4701 pour
3823 4556 3915 4701 les
3981 4556 4362 4701 exploiter
4415 4556 4586 4701 avec
4638 4556 5138 4701 aſſeurance.
5191 4556 5243 4701 Il
5309 4556 5401 4701 eſt

1015 4696 1197 4839 vray,
1262 4696 1379 4839 que
1431 4696 1639 4839 nous
1678 4696 1912 4839 avons
1977 4696 2107 4839 eſté
2185 4696 2523 4839 quelque
2575 4696 2705 4839 peu
2783 4696 3095 4839 curieux
3186 4696 3225 4839 en
3316 4696 3355 4839 la
3433 4696 3797 4839 recerche
3888 4696 3953 4839 de
4031 4696 4421 4839 quelques
4473 4696 4746 4839 parties
4837 4696 4902 4839 de
4980 4696 5032 4839 ce
5110 4696 5410 4839 traitté,

1023 4833 1339 4982 comme
1418 4833 1471 4982 en
1563 4833 1602 4982 la
1708 4833 2116 4982 deduion
2235 4833 2287 4982 de
2367 4833 2406 4982 la
2511 4833 2788 4982 meſure
2867 4833 2973 4982 des
3039 4833 3500 4982 Inſtances,
3592 4833 3684 4982 des
3763 4833 4330 4982 graduations,
4448 4833 4448 4982 &
4527 4833 4580 4982 de
4633 4833 4672 4982 la
4751 4833 5226 4982 proportion
5318 4833 5371 4982 du

1022 4970 1266 5115 corps,
1356 4970 1369 5115 &
1420 4970 1471 5115 en
1574 4970 1946 5115 quelques
1997 4970 2254 5115 autres
2318 4970 2574 5115 choſes
2626 4970 3151 5115 ſemblables,
3228 4970 3344 5115 que
3395 4970 3600 5115 nous
3652 4970 3883 5115 avons
3947 4970 4319 5115 calculées
4370 4970 4549 5115 aſſez
4614 4970 5165 5115 exaement:
5229 4970 5396 5115 tou-

1021 5102 1287 5261 tesfois
1327 5102 1367 5261 il
1407 5102 1487 5261 ne
1540 5102 1700 5261 faut
1753 5102 1873 5261 pas
1953 5102 2073 5261 que
2139 5102 2352 5261 ceux,
2419 5102 2525 5261 qui
2592 5102 2805 5261 n’ont
2871 5102 3097 5261 point
3164 5102 3230 5261 de
3297 5102 3856 5261 cognoiſſance
3936 5102 4042 5261 des
4162 5102 4867 5261 Mathematiques,
4920 5102 4974 5261 en
5053 5102 5399 5261 perdent

1020 5247 1410 5394 pourtant
1475 5247 1839 5394 courage.
1930 5247 2034 5394 Car
2099 5247 2151 5394 ce
2229 5247 2359 5394 que
2411 5247 2607 5394 nous
2672 5247 2711 5394 en
2789 5247 3036 5394 avons
3075 5247 3244 5394 fait,
3296 5247 3361 5394 ca
3439 5247 3569 5394 eſté
3621 5247 3973 5394 plustoſt
4025 5247 4207 5394 pour
4259 5247 4311 5394 le
4376 5247 5026 5394 contentement
5104 5247 5156 5394 de
5221 5247 5403 5394 ceux

1039 5386 1145 5529 qui
1198 5386 1611 5529 voudront
1691 5386 2090 5529 examiner
2170 5386 2223 5529 de
2276 5386 2436 5529 pres
2489 5386 2756 5529 noſtre
2849 5386 3195 5529 Theorie,
3275 5386 3408 5529 que
3461 5386 3647 5529 pour
3714 5386 3767 5529 ce
3847 5386 3967 5529 que
4020 5386 4060 5529 la
4127 5386 4353 5529 choſe
4419 5386 4566 5529 fuſt
4659 5386 4859 5529 d’elle
4965 5386 5231 5529 meſme
5284 5386 5404 5529 ne-

1025 5522 1329 5680 ceſſaire
1408 5522 1448 5680 en
1527 5522 2003 5680 l’Exercice.
2149 5522 2361 5680 Outre
2440 5522 2493 5680 ce
2585 5522 2704 5680 que
2757 5522 2956 5680 nous
3008 5522 3247 5680 avons
3313 5522 3564 5680 taſché
3656 5522 3709 5680 de
3815 5522 4080 5680 mettre
4119 5522 4172 5680 le
4225 5522 4410 5680 tout
4450 5522 4490 5680 ſi
4543 5522 4688 5680 bien
4767 5522 4886 5680 par
4952 5522 5204 5680 ordre,
5270 5522 5402 5680 que

1035 5662 1347 5818 chaſcun
1431 5662 1446 5818 y
1502 5662 1785 5818 pourra
1856 5662 2251 5818 aiſement
2336 5662 2775 5818 diſtinguer
2831 5662 2916 5818 les
2987 5662 3255 5818 choſes
3326 5662 3793 5818 neceſſaires
3849 5662 3849 5818 à
3920 5662 3962 5818 la
4061 5662 4457 5818 Pratique,
4514 5662 4768 5818 d’avec
4853 5662 5065 5818 celles
5150 5662 5263 5818 qui
5320 5662 5405 5818 ne

1022 5802 1186 5945 ſont
1268 5802 1391 5945 que
1445 5802 1637 5945 pour
1691 5802 1787 5945 les
1869 5802 2334 5945 Theoriſtes,
2416 5802 2921 5945 moyennant
3003 5802 3167 5945 qu’il
3222 5802 3331 5945 liſe
3386 5802 3646 5945 noſtre
3714 5802 3919 5945 eſcrit
3974 5802 4151 5945 avec
4220 5802 4670 5945 attention.

3283 395 3391 530 tes
3427 395 3535 530 les
3595 395 4098 530 operations,
4218 395 4230 530 &
4290 395 4302 530 y
4362 395 4518 530 ſont
4566 395 4865 530 fondez
4913 395 5009 530 les
5069 395 5225 530 plus
5273 395 5404 530 no-

3280 524 3436 653 bles
3519 524 3854 653 exploits
3938 524 4046 653 des
4106 524 4560 653 eſtocades,
4608 524 4608 653 à
4668 524 4883 653 tirer,
4943 524 4991 653 ou
5063 524 5075 653 à
5159 524 5410 653 defen-

3297 648 3456 777 dre;
3555 648 3862 777 dequoy
3924 648 4428 777 l’aſſeurance
4539 648 4625 777 eſt
4723 648 5400 777 principalement

3283 769 3562 900 fondée
3622 769 3719 900 ſur
3768 769 3804 900 la
3865 769 4216 900 ſituation
4300 769 4361 900 de
4422 769 4458 900 la
4543 769 4785 900 croix,
4906 769 4906 900 &
4979 769 5087 900 ſur
5148 769 5184 900 la
5257 769 5402 900 for-

3284 891 3339 1023 ce
3416 891 3471 1023 de
3526 891 3569 1023 la
3613 891 3833 1023 lame,
3877 891 4107 1023 tenue
4173 891 4228 1023 en
4315 891 4513 1023 ceſte
4612 891 4919 1023 maniere
5007 891 5402 1023 derniere-

3303 1014 3477 1146 ment
3547 1014 3722 1146 dite.
3804 1014 3978 1146 dont
4037 1014 4071 1146 il
4141 1014 4281 1146 ſera
4363 1014 4689 1146 diſcouru
4782 1014 5248 1146 autrepart;
5330 1014 5376 1146 où

3273 1138 3460 1269 nous
3526 1138 3570 1269 la
3669 1138 4043 1269 mettrons
4120 1138 4164 1269 en
4251 1138 4823 1269 comparaiſon,
4933 1138 4933 1269 &
4999 1138 5054 1269 en
5131 1138 5405 1269 ferons

3267 1260 3649 1386 paroiſtre
3695 1260 4250 1386 l’excellence,
4320 1260 4436 1386 par
4470 1260 4517 1386 la
4586 1260 5072 1386 conference
5141 1260 5257 1386 des
5315 1260 5407 1386 ef-

3272 1385 3457 1517 fes
3568 1385 3580 1517 &
3642 1385 3753 1517 des
3802 1385 4234 1517 avantages
4308 1385 4370 1517 de
4431 1385 4629 1517 ceſte
4715 1385 4777 1517 cy
4851 1385 4900 1517 au
4974 1385 5245 1517 regard
5332 1385 5393 1517 de

3263 1523 3533 1609 toutes
3575 1523 3679 1609 les
3721 1523 4013 1609 autres.
