5442 7366
936 1334 2206 1485 DECLARATION
2468 1334 2609 1485 DV
2851 1334 3617 1485 TABLEAV
3859 1334 4745 1485 DEVXIEME.

1005 1536 2048 1710 CONFRONTANT
2217 1536 2401 1710 LES
2539 1536 3521 1710 PROPORTIONS
3659 1536 3766 1710 DV
3920 1536 4303 1710 CORPS
4457 1536 4549 1710 DE

1094 1726 1527 1828 L’HOMME
1660 1726 1973 1828 TIREES
2093 1726 2177 1828 DE
2322 1726 2671 1828 NOSTRE
2791 1726 3128 1828 CERCLE
3225 1726 3237 1828 A
3369 1726 3694 1828 CELLES
3827 1726 3899 1828 DE
4043 1726 4104 1828 Mre
4200 1726 4561 1828 ALBERT

1085 1841 1389 1972 DVRER
1483 1841 1565 1972 EN
1670 1841 1833 1972 SON
1939 1841 2208 1972 LIVRE
2336 1841 2815 1972 DEVXIEME
2921 1841 3049 1972 DES
3143 1841 3891 1972 PROPORTIONS,
3984 1841 4382 1972 FVEILLE
4475 1841 4557 1972 60.

1073 1972 1146 2082 ET
1268 1972 1850 2082 DECLARANT
1960 1972 2093 2082 LES
2166 1972 2494 2082 IVSTES
2603 1972 3004 2082 MESVRES
3113 1972 3198 2082 DV
3307 1972 3878 2082 CENTVRON
3987 1972 4060 2082 ET
4181 1972 4266 2082 DV
4375 1972 4557 2082 PEN-

1089 2087 1334 2185 DANT
1470 2087 1544 2185 DE
1654 2087 2011 2185 L’ESPEE.

1549 2320 1838 2539 Outes
1896 2320 2475 2539 perſonnes
2590 2320 2648 2539 de
2725 2320 3304 2539 iugement
3400 2320 4036 2539 confelſent,
4113 2320 4325 2539 qu’il
4383 2320 4692 2539 ſeroit
4769 2320 4961 2539 fort

1425 2528 1425 2672 à
1508 2528 1893 2672 deſiderer
1948 2528 2141 2672 pour
2196 2528 2526 2672 l’adreſſe
2608 2528 2663 2672 de
2704 2528 3158 2672 l’Exercice
3227 2528 3337 2672 des
3406 2528 3709 2672 Armes,
3777 2528 3942 2672 qu’il
4011 2528 4025 2672 y
4094 2528 4231 2672 euſt
4300 2528 4438 2672 une
4506 2528 4837 2672 certaine
4947 2528 4960 2672 &

1414 2670 1862 2816 inviolable
1998 2670 2283 2816 Meſure,
2337 2670 2513 2816 ſelon
2608 2670 2948 2816 laquelle
3002 2670 3070 2816 on
3138 2670 3355 2816 peuſt
3423 2670 3667 2816 regler
3735 2670 4251 2816 exaement
4333 2670 4591 2816 toutes
4658 2670 4753 2816 les
4862 2670 4944 2816 Di-

1421 2811 1757 2950 ſtances,
1887 2811 1887 2950 &
1951 2811 1951 2950 à
2016 2811 2495 2950 l’advenant
2546 2811 2727 2950 auſſi
2792 2811 3012 2950 touts
3077 2811 3167 2950 les
3271 2811 3866 2950 mouvements,
3930 2811 4189 2950 grands
4292 2811 4305 2950 &
4357 2811 4616 2950 petits,
4667 2811 4939 2950 tardifs

1482 2949 1482 3091 &
1536 2949 1780 3091 viſtes.
1916 2949 1970 3091 Et
2025 2949 2188 3091 puis
2256 2949 2432 3091 qu’il
2486 2949 2581 3091 eſt
2622 2949 2731 3091 icy
2826 2949 3165 3091 queſtion
3274 2949 3382 3091 des
3477 2949 4034 3091 mouvements
4129 2949 4238 3091 qui
4306 2949 4346 3091 ſe
4414 2949 4591 3091 ſont
4645 2949 4659 3091 à
4727 2949 4957 3091 l’aide

1450 3087 1504 3231 de
1546 3087 1902 3231 l’Eſpee,
2012 3087 2026 3231 &
2094 3087 2259 3231 avec
2328 3087 2424 3231 les
2506 3087 2890 3231 membres
2972 3087 3027 3231 du
3123 3087 3384 3231 corps;
3466 3087 3590 3231 que
3658 3087 3713 3231 le
3768 3087 3933 3231 plus
3988 3087 4372 3231 apparent
4440 3087 4673 3231 ſeroit
4769 3087 4824 3231 de
4893 3087 4934 3231 la

542 3226 866 3371 trouver
934 3226 1042 3371 par
1096 3226 1191 3371 les
1258 3226 1799 3371 proportions
1880 3226 1934 3371 de
1988 3226 2420 3371 l’Homme
2528 3226 2825 3371 meſme;
2933 3226 2933 3371 &
3001 3226 3244 3371 eſtant
3298 3226 3676 3371 trouvée,
3717 3226 3758 3371 le
3825 3226 3987 3371 plus
4041 3226 4474 3371 expedient
4541 3226 4609 3371 de
4649 3226 4960 3371 l’appli-

565 3362 741 3509 quer
785 3362 903 3509 ſur
947 3362 1300 3509 l’Eſpee,
1403 3362 1418 3509 &
1462 3362 1565 3509 ſur
1624 3362 1668 3509 le
1727 3362 1874 3509 plan
1992 3362 2036 3509 du
2153 3362 2492 3509 Terrain,
2551 3362 2609 3509 où
2668 3362 2786 3509 lon
2859 3362 3198 3509 pretend
3301 3362 3345 3509 de
3418 3362 3595 3509 faire
3639 3362 4139 3509 l’Exercice.
4272 3362 4330 3509 Ce
4404 3362 4625 3509 ſeroit
4683 3362 4742 3509 le
4801 3362 4948 3509 ſeul

577 3507 884 3648 moyen,
936 3507 1051 3648 par
1102 3507 1371 3648 lequel
1435 3507 1487 3648 on
1563 3507 1935 3648 pourroit
2012 3507 2371 3648 parvenir
2422 3507 2422 3648 à
2499 3507 2806 3648 former
2870 3507 2947 3648 un
3011 3507 3447 3648 jugement
3511 3507 3754 3648 ſolide
3818 3507 4228 3648 touchant
4292 3507 4382 3648 les
4459 3507 4715 3648 vrayes
4779 3507 4958 3648 pro-

546 3641 914 3775 portions
1009 3641 1104 3775 des
1175 3641 1591 3775 diſtances,
1662 3641 1769 3775 qui
1840 3641 1959 3775 ont
2030 3641 2173 3775 eſté
2220 3641 2505 3775 juſqu’à
2600 3641 3099 3775 maintenant
3182 3641 3230 3775 du
3313 3641 3479 3775 tout
3527 3641 4026 3775 incognues,
4097 3641 4156 3775 ou
4228 3641 4239 3775 à
4299 3641 4477 3775 tout
4536 3641 4584 3775 le
4691 3641 4952 3775 moins,

537 3763 574 3900 il
624 3763 760 3900 n’en
847 3763 860 3900 a
946 3763 1083 3900 eſté
1145 3763 1431 3900 jamais
1468 3763 1654 3900 faite
1704 3763 2015 3900 aucune
2089 3763 2735 3900 demonſtration
2822 3763 3232 3900 evidente.

728 3901 784 4050 Et
853 3901 964 4050 par
1006 3901 1048 4050 là
1117 3901 1158 4050 ſe
1228 3901 1367 4050 voit
1422 3901 1464 4050 la
1533 3901 1810 4050 grande
1880 3901 2129 4050 utilité
2213 3901 2268 4050 de
2324 3901 2587 4050 noſtre
2684 3901 2976 4050 Cercle,
3031 3901 3156 4050 qui
3184 3901 3225 4050 la
3295 3901 3752 4050 repreſente
3808 3901 3836 4050 ſi
3891 3901 4099 4050 claire
4210 3901 4210 4050 &
4266 3901 4293 4050 ſi
4363 3901 4723 4050 parfaite,
4779 3901 4945 4050 avec

544 4037 684 4191 une
740 4037 1034 4191 adreſſe
1132 4037 1188 4191 de
1244 4037 1761 4191 l’aſſeurance
1817 4037 1817 4191 à
1873 4037 2222 4191 prendre
2292 4037 2320 4191 ſi
2390 4037 3187 4191 avantageuſement
3271 4037 3383 4191 par
3467 4037 3691 4191 deſſus
3761 4037 3803 4191 le
3886 4037 4334 4191 precedent
4404 4037 4628 4191 uſage
4725 4037 4739 4191 &
4795 4037 4949 4191 ſtile

564 4176 666 4333 des
769 4176 1076 4333 Armes,
1166 4176 1486 4333 comme
1550 4176 1601 4333 la
1678 4176 1946 4333 bonne
2023 4176 2574 4333 ordonnance
2663 4176 2868 4333 d’une
2932 4176 3201 4333 armee
3265 4176 3482 4333 logée
3559 4176 3610 4333 en
3713 4176 4161 4333 campagne
4250 4176 4878 4333 diſtinement
4942 4176 4942 4333 à

543 4313 734 4476 loiſir
843 4313 843 4476 &
897 4313 897 4476 à
952 4313 1306 4476 ſouhait,
1361 4313 1470 4476 par
1551 4313 1783 4476 deſſus
1824 4313 1865 4476 la
1947 4313 2356 4476 confuſion
2438 4313 2642 4476 d’une
2737 4313 3160 4476 multitude
3228 4313 3296 4476 de
3378 4313 3760 4476 Barbares.
3869 4313 3978 4476 Car
4033 4313 4305 4476 autant
4387 4313 4537 4476 qu’il
4578 4313 4946 4476 importe

543 4453 543 4616 à
611 4453 679 4616 un
816 4453 1348 4616 Condueur
1430 4453 1785 4616 d’armee,
1840 4453 2031 4616 pour
2127 4453 2386 4616 mettre
2427 4453 2481 4616 le
2550 4453 2741 4616 ſiege
2823 4453 3096 4616 devant
3191 4453 3519 4616 quelque
3574 4453 3819 4616 place,
3888 4453 4011 4616 d’en
4106 4453 4557 4616 cognoiſtre
4625 4453 4721 4616 les
4789 4453 4953 4616 plus

544 4592 804 4743 ſeures
856 4592 1337 4743 approches,
1376 4592 1480 4743 les
1532 4592 1909 4743 paſſages,
1948 4592 2039 4743 les
2091 4592 2572 4743 prochaines
2650 4592 3066 4743 hauteurs,
3105 4592 3196 4743 les
3273 4592 3481 4743 eaux,
3585 4592 3598 4743 &
3650 4592 3702 4743 en
3793 4592 4105 4743 ſomme
4157 4592 4378 4743 toute
4443 4592 4482 4743 la
4547 4592 4924 4743 ſituation

565 4733 1044 4883 d’alentour:
1095 4733 1380 4883 autant
1431 4733 1638 4883 nous
1677 4733 2039 4883 importe
2104 4733 2156 4883 en
2233 4733 2492 4883 noſtre
2595 4733 2944 4883 Exercice
2996 4733 3035 4883 la
3126 4733 3591 4883 delineation
3682 4733 3746 4883 de
3811 4733 3863 4883 ce
3966 4733 4238 4883 Cercle,
4315 4733 4419 4883 qui
4470 4733 4561 4883 eſt
4626 4733 4949 4883 comme

542 4872 684 5018 une
762 4872 943 5018 carte
1033 4872 1085 5018 de
1150 4872 1408 5018 toutes
1460 4872 1551 5018 les
1628 4872 2132 5018 demarches,
2171 4872 2184 5018 à
2236 4872 2417 5018 faire
2520 4872 2533 5018 &
2598 4872 2598 5018 à
2662 4872 2999 5018 changer
3050 4872 3244 5018 ſelon
3309 4872 3348 5018 la
3412 4872 3697 5018 varieté
3774 4872 3878 5018 des
3942 4872 4369 5018 occaſions.

739 5012 805 5161 Ce
884 5012 989 5161 qui
1082 5012 1161 5161 me
1213 5012 1345 5161 fait
1411 5012 1701 5161 eſperer
1806 5012 1819 5161 &
1872 5012 2148 5161 croire,
2214 5012 2333 5161 que
2385 5012 2846 5161 l’invention
2926 5012 2978 5161 en
3044 5012 3189 5161 ſera
3255 5012 3479 5161 louée
3558 5012 3624 5161 de
3689 5012 3913 5161 touts
3966 5012 4150 5161 ceux
4229 5012 4348 5161 qui
4414 5012 4546 5161 ont
4598 5012 4651 5161 le
4730 5012 4941 5161 cœur

541 5152 728 5299 libre
808 5152 862 5299 de
928 5152 1062 5299 ceſt
1129 5152 1436 5299 infame
1529 5152 1689 5299 deſir
1783 5152 1836 5299 de
1930 5152 2357 5299 calomnier
2423 5152 2517 5299 les
2597 5152 2971 5299 ouvrages
3051 5152 3438 5299 d’autruy,
3505 5152 3665 5299 ſans
3718 5152 4012 5299 taſcher
4092 5152 4145 5299 de
4239 5152 4506 5299 mettre
4559 5152 4693 5299 eux
4800 5152 4946 5299 meſ-

584 5288 706 5445 mes
773 5288 827 5445 en
922 5288 1152 5445 avant
1234 5288 1491 5445 choſes
1585 5288 2059 5445 meilleures.
2222 5288 2316 5445 Car
2384 5288 2452 5445 ils
2519 5288 2925 5445 pourront
2993 5288 3602 5445 recognoiſtre,
3711 5288 3954 5445 qu’elle
4035 5288 4130 5445 eſt
4198 5288 4861 5445 proportionnée
4929 5288 4929 5445 à

552 5430 767 5581 touts
805 5430 906 5581 les
1007 5430 1424 5581 membres,
1525 5430 1525 5581 &
1601 5430 2372 5581 conſequemment
2435 5430 2612 5581 auſſi
2675 5430 2675 5581 à
2751 5430 2979 5581 touts
3029 5430 3130 5581 les
3219 5430 3825 5581 mouvements,
3914 5430 4028 5581 qui
4091 5430 4432 5581 peuvent
4520 5430 4685 5581 eſtre
4760 5430 4925 5581 faits

556 5566 716 5721 tant
783 5566 849 5721 de
903 5566 1023 5721 l’un
1116 5566 1250 5721 que
1317 5566 1384 5721 de
1437 5566 1704 5721 l’autre
1771 5566 1878 5721 des
1931 5566 2211 5721 parties
2265 5566 2652 5721 adverſes;
2746 5566 2759 5721 &
2826 5566 2946 5721 que
3026 5566 3079 5721 de
3146 5566 3333 5721 ceſte
3427 5566 3680 5721 meſme
3747 5566 4268 5721 convenance
4348 5566 4655 5721 depend
4709 5566 4749 5721 la
4829 5566 4936 5721 de-

589 5708 1099 5860 monſtration
1195 5708 1292 5860 des
1430 5708 1733 5860 Meſures
1830 5708 1843 5860 &
1912 5708 2009 5860 des
2119 5708 2533 5860 Diſtances,
2588 5708 2726 5860 que
2781 5708 3167 5860 perſonne
3236 5708 3332 5860 n’a
3401 5708 3553 5860 ſceu
3649 5708 3980 5860 declarer
4035 5708 4352 5860 juſques
4435 5708 4435 5860 à
4504 5708 4849 5860 preſent.

759 5848 898 5995 Mais
974 5848 1316 5995 d’autant
1392 5848 1505 5995 que
1581 5848 1771 5995 ceſte
1834 5848 2353 5995 convenance
2429 5848 2518 5995 eſt
2581 5848 2619 5995 ſi
2695 5848 3303 5995 extremement
3391 5848 3720 5995 grande,
3796 5848 4113 5995 comme
4176 5848 4214 5995 il
4277 5848 4328 5995 ſe
4391 5848 4543 5995 voit
4606 5848 4935 5995 notam-

586 5985 777 6139 ment
831 5985 886 6139 au
967 5985 1362 6139 pourtrait
1444 5985 1498 6139 de
1552 5985 1593 6139 la
1648 5985 2083 6139 perſonne,
2124 5985 2192 6139 au
2287 5985 2600 6139 Tableau
2682 5985 3117 6139 precedent
3226 5985 3471 6139 Cercle
3607 5985 3648 6139 N.
3702 5985 3743 6139 1:
3825 5985 3947 6139 par
4002 5985 4437 6139 adventure
4505 5985 4900 6139 quelquun

565 6130 605 6281 en
685 6130 1031 6281 prendra
1098 6130 1445 6281 occaſion
1538 6130 1591 6281 de
1658 6130 2245 6281 ſoupçonner,
2325 6130 2458 6281 que
2525 6130 2712 6281 nous
2765 6130 3005 6281 avons
3072 6130 3632 6281 accommodé
3699 6130 3939 6281 ladite
4005 6130 4246 6281 figure
4312 6130 4659 6281 pluſtoſt
4712 6130 4899 6281 ſelon

550 6267 825 6415 noſtre
877 6267 1244 6415 fantaſie,
1297 6267 1480 6415 pour
1545 6267 1598 6415 en
1676 6267 1847 6415 tirer
1899 6267 1991 6415 les
2056 6267 2606 6415 proportions
2672 6267 3026 6415 deſirées,
3104 6267 3235 6415 que
3327 6267 3746 6415 d’enſuivre
3812 6267 4335 6415 ſimplement
4401 6267 4440 6415 la
4519 6267 4742 6415 verité
4820 6267 4938 6415 na-

551 6405 878 6555 turelle:
959 6405 1014 6555 ce
1095 6405 1204 6555 qui
1245 6405 1843 6555 amoindriroit
1911 6405 1979 6555 de
2034 6405 2455 6555 beaucoup
2523 6405 2564 6555 la
2645 6405 2931 6555 dignité
3026 6405 3081 6555 du
3203 6405 3475 6555 Cercle,
3584 6405 3584 6555 &
3638 6405 3679 6555 le
3760 6405 4114 6555 rendroit
4196 6405 4250 6555 en
4345 6405 4576 6555 partie
4644 6405 4930 6555 inutile

562 6546 750 6698 pour
804 6546 1288 6698 l’Exercice.
1503 6546 1664 6698 Pour
1771 6546 1946 6698 donc
2027 6546 2201 6698 faire
2255 6546 2671 6698 paroiſtre,
2752 6546 2886 6698 que
2940 6546 3142 6698 nous
3209 6546 3222 6698 y
3289 6546 3652 6698 ſommes
3706 6546 3881 6698 allez
3948 6546 4485 6698 rondement,
4566 6546 4620 6698 en
4714 6546 4929 6698 voicy

549 6686 589 6819 la
669 6686 949 6819 preuve
1043 6686 1083 6819 en
1190 6686 1243 6819 ce
1350 6686 1670 6819 Tableau
1790 6686 2244 6819 Deuxieme,
2324 6686 2377 6819 où
2471 6686 2671 6819 nous
2737 6686 3231 6819 appliquons
3298 6686 3338 6819 le
3445 6686 3698 6819 meſme
3832 6686 4058 6819 Cercle
4125 6686 4192 6819 au
4285 6686 4685 6819 pourtrait
4765 6686 4912 6819 d’un

4783 6875 4935 6964 per-
