5442 7366
982 4506 994 4639 A
1065 4506 1455 4639 premiere
1538 4506 1609 4639 de
1692 4506 1964 4639 toutes
2035 4506 2141 4639 ſes
2200 4506 2449 4639 lignes
2519 4506 2626 4639 re-

959 4628 1199 4757 ſpond
1259 4628 1702 4757 juſtement
1762 4628 1869 4757 ſur
1929 4628 2181 4757 noſtre
2276 4628 2624 4757 derniere

969 4755 1570 4886 entrecoupure
1639 4755 1684 4886 du
1797 4755 2206 4886 Diametre,
2263 4755 2615 4886 marquée

976 4877 1037 5009 de
1087 4877 1124 5009 la
1185 4877 1408 5009 lettre
1506 4877 1506 5009 V
1593 4877 1963 5009 capitale;
2087 4877 2099 5009 &
2173 4877 2617 5009 demonſtre

510 4999 546 5135 la
607 4999 840 5135 ſyme,
901 4999 962 5135 ou
1023 4999 1084 5135 le
1170 4999 1427 5135 Vertex
1500 4999 1561 5135 de
1610 4999 1647 5135 la
1732 4999 2136 5135 Perſonne.

671 5123 718 5255 La
777 5123 1153 5255 ſeconde,
1212 5123 1694 5255 s’accordant
1753 5123 2306 5255 pareillement
2353 5123 2365 5255 à
2412 5123 2459 5255 la
2530 5123 2624 5255 ſe-

526 5244 768 5380 conde
841 5244 950 5380 des
1011 5244 1313 5380 noſtres
1410 5244 1762 5380 marquée
1822 5244 1834 5380 à
1907 5244 2101 5380 coſté
2161 5244 2294 5380 d’un
2391 5244 2403 5380 A
2464 5244 2634 5380 plus

526 5367 766 5506 petit,
862 5367 1306 5506 demonſtre
1378 5367 1811 5506 juſtement
1895 5367 1943 5506 le
2027 5367 2351 5506 ſommet
2435 5367 2507 5506 de
2579 5367 2615 5506 la

517 5511 743 5604 teſte.

657 5614 715 5749 La
786 5614 1185 5749 troiſieme
1268 5614 1373 5749 des
1444 5614 1749 5749 ſiennes
1808 5614 1890 5749 ne
1961 5614 2008 5749 ſe
2078 5614 2360 5749 trouve
2419 5614 2630 5749 point

517 5744 781 5877 parmy
829 5744 925 5877 les
973 5744 1309 5877 noſtres,
1417 5744 1417 5877 &
1489 5744 1933 5877 demonſtre
1981 5744 2077 5877 les
2125 5744 2473 5877 ſourcils.

662 5862 720 5999 La
789 5862 1227 5999 quatrieme
1284 5862 1676 5999 s’accorde
1745 5862 1745 5999 à
1815 5862 1861 5999 la
1930 5862 2183 5999 noſtre
2287 5862 2633 5999 marquée

553 5991 588 6099 B,
658 5991 1194 6099 demonſtrant
1241 5991 1299 6099 le
1357 5991 1544 6099 bout
1614 5991 1660 6099 du
1730 5991 1905 6099 nez.

660 6106 718 6245 La
787 6106 1272 6245 cinquieme,
1329 6106 1710 6245 revenant
1756 6106 2195 6245 juſtement
2252 6106 2356 6245 ſur
2414 6106 2448 6245 la
2506 6106 2633 6245 no-

527 6239 657 6351 ſtre
728 6239 799 6351 de
882 6239 930 6351 C,
1001 6239 1440 6351 demonſtre
1487 6239 1534 6351 le
1617 6239 1949 6351 menton.

536 6351 548 6489 e
680 6351 729 6489 La
789 6351 1102 6489 ſixieme
1174 6351 1608 6489 demonſtre
1668 6351 1765 6489 les
1813 6351 2247 6489 pallerons;
2295 6351 2464 6489 auſſi
2524 6351 2644 6489 fait

524 6473 1191 6614 ſemblablement
1250 6473 1298 6614 la
1381 6473 1631 6614 noſtre
1726 6473 2071 6614 marquée
2167 6473 2226 6614 de
2286 6473 2321 6614 la
2405 6473 2631 6614 lettre

572 6609 617 6721 D;
730 6609 730 6721 &
786 6609 1249 6721 reviennent
1316 6609 1361 6721 en
1429 6609 1610 6721 une.

667 6718 715 6845 Il
763 6718 884 6845 s’en
980 6718 1209 6845 enſuit
1269 6718 1486 6845 apres
1558 6718 1691 6845 une
1775 6718 1883 6845 des
1956 6718 2257 6845 noſtres
2305 6718 2642 6845 particu-

2779 4505 3035 4624 lieres,
3108 4505 3450 4624 marquée
3524 4505 3585 4624 de
3658 4505 3695 4624 la
3768 4505 4000 4624 lettre
4098 4505 4135 4624 E,
4220 4505 4330 4624 qui
4403 4505 4599 4624 vient
4660 4505 4904 4624 juſte-

2813 4630 2987 4746 ment
3033 4630 3137 4746 ſur
3184 4630 3241 4746 le
3288 4630 3473 4746 haut
3543 4630 3647 4746 des
3705 4630 4075 4746 eſpaules.

2951 4753 3311 4870 Derechef
3371 4753 3419 4870 en
3503 4753 3887 4870 eſchange
3935 4753 4007 4870 un
4079 4753 4199 4870 peu
4271 4753 4427 4870 plus
4475 4753 4631 4870 bas,
4679 4753 4715 4870 il
4763 4753 4871 4870 s’en

2796 4876 3023 4995 enſuit
3080 4876 3216 4995 une
3284 4876 3386 4995 des
3443 4876 3772 4995 ſiennes,
3817 4876 4010 4995 pour
4078 4876 4566 4995 demonſtrer
4612 4876 4657 4995 le
4736 4876 4895 4995 meſ-

2812 4999 2935 5116 me;
3008 4999 3057 5116 de
3106 4999 3449 5116 laquelle
3510 4999 3939 5116 difference
3988 4999 4025 5116 il
4061 4999 4208 5116 ſera
4269 4999 4453 5116 parlé
4514 4999 4833 5116 tantoſt.

2949 5124 3250 5244 S’enſuit
3322 5124 3539 5244 apres
3599 5124 3648 5244 le
3720 5124 4009 5244 ſecond
4094 5124 4901 5244 parallelogramme:

2802 5243 2979 5367 dont
3039 5243 3074 5367 la
3145 5243 3536 5367 premiere
3595 5243 3831 5367 ligne,
3903 5243 4400 5367 s’accordant
4459 5243 4897 5367 juſtement

2796 5366 2964 5490 avec
3021 5366 3268 5490 noſtre
3313 5366 3706 5490 troiſieme
3774 5366 3976 5490 entre
4032 5366 4369 5490 coupure
4437 5366 4493 5490 du
4628 5366 4897 5490 Diame-

2790 5489 2932 5616 tre,
3003 5489 3346 5616 marquée
3417 5489 3571 5616 d’R,
3630 5489 4079 5616 demonſtre
4127 5489 4221 5616 les
4281 5489 4340 5616 os
4411 5489 4908 5616 traverſiers;

2807 5612 2856 5741 ou
2930 5612 3078 5741 bien
3151 5612 3336 5741 ſelon
3410 5612 3656 5741 noſtre
3730 5612 4235 5741 deſcription,
4272 5612 4321 5741 le
4383 5612 4543 5741 plus
4580 5612 4765 5741 haut
4839 5612 4900 5741 de

2791 5735 2831 5876 la
2898 5735 3259 5876 poitrine.

2936 5856 2984 5985 La
3056 5856 3428 5985 ſeconde,
3488 5856 3908 5985 accordant
3980 5856 4161 5985 avec
4221 5856 4257 5985 la
4329 5856 4593 5985 noſtre
4665 5856 4725 5985 F,
4797 5856 4905 5985 de-

2823 5986 3145 6107 monſtre
3207 5986 3244 6107 la
3319 5986 3703 6107 poitrine,
3827 5986 3827 6107 &
3902 5986 4534 6107 ſpecialement,
4584 5986 4769 6107 ſelon
4856 5986 4893 6107 la

2797 6107 3414 6228 repreſentation
3511 6107 3560 6228 du
3681 6107 3984 6228 Tableau
4069 6107 4565 6228 precedent,
4626 6107 4723 6228 les
4783 6107 4905 6228 aiſ-

2807 6228 3049 6341 ſelles.

2930 6340 2967 6475 Il
3016 6340 3126 6475 s’en
3212 6340 3445 6475 enſuit
3506 6340 3715 6475 apres
3776 6340 3948 6475 une,
4009 6340 4119 6475 qui
4168 6340 4364 6475 nous
4426 6340 4512 6475 eſt
4573 6340 4916 6475 particu-

2787 6474 2999 6598 liere,
3098 6474 3447 6598 marquée
3534 6474 3596 6598 de
3721 6474 3758 6598 G,
3833 6474 3945 6598 qui
4007 6474 4455 6598 demonſtre
4517 6474 4617 6598 les
4717 6474 4916 6598 mam-

2822 6599 3086 6713 melles.

2954 6713 3004 6852 Et
3067 6713 3118 6852 en
3193 6713 3572 6852 eſchange
3623 6713 3761 6852 une
3812 6713 4027 6852 autre
4102 6713 4607 6852 particuliere
4670 6713 4683 6852 à
4746 6713 4910 6852 luy,

4802 6860 4918 6971 qui

542 318 1044 472 perſonnage
1116 318 1230 472 tiré
1331 318 1374 472 du
1445 318 1617 472 livre
1689 318 1789 472 des
1861 318 2377 472 Proportions
2449 318 2506 472 de
2549 318 3036 472 l’Homme,
3093 318 3294 472 eſcrit
3351 318 3380 472 il
3437 318 3452 472 y
3509 318 3509 472 a
3581 318 3753 472 plus
3824 318 3882 472 de
3939 318 4111 472 cent
4154 318 4283 472 ans
4326 318 4455 472 par
4512 318 4570 472 ce
4641 318 4871 472 grand

554 458 842 609 Peintre
966 458 979 609 &
1089 458 1651 609 Geometricien
1775 458 2035 609 Albert
2145 458 2392 609 Durer:
2460 458 2940 609 appliquant
3008 458 3118 609 ſur
3187 458 3365 609 ledit
3447 458 3941 609 perſonnage
4023 458 4270 609 noſtre
4393 458 4640 609 Cercle
4708 458 4873 609 avec

540 603 794 746 toutes
860 603 954 746 les
1007 603 1247 746 lignes
1327 603 1340 746 y
1420 603 2100 746 appartenantes;
2166 603 2219 746 en
2286 603 2486 746 ſorte
2553 603 2686 746 que
2726 603 2779 746 le
2832 603 3192 746 nombril
3246 603 3379 746 ſoit
3445 603 3659 746 prins
3699 603 3898 746 pour
3952 603 4005 746 le
4112 603 4431 746 Centre,
4485 603 4525 746 la
4618 603 4871 746 plante

552 738 649 886 des
704 738 925 886 pieds
966 738 1021 886 ſe
1063 738 1338 886 repoſe
1394 738 1490 886 ſur
1545 738 1587 886 la
1697 738 2346 886 Circonference,
2442 738 2456 886 &
2497 738 2539 886 le
2594 738 2953 886 ſommet
3022 738 3077 886 de
3132 738 3173 886 la
3242 738 3422 886 teſte
3477 738 3836 886 atteigne
3891 738 4346 886 juſtement
4401 738 4401 886 à
4456 738 4498 886 la
4594 738 4884 886 dernie-

522 876 589 1020 re
643 876 1246 1020 entrecoupure
1326 876 1380 1020 du
1500 876 1876 1020 Diametre
1929 876 1929 1020 à
1996 876 2224 1020 lettre
2331 876 2371 1020 V.
2425 876 2586 1020 tout
2666 876 2719 1020 de
2813 876 3081 1020 meſme
3148 876 3296 1020 qu’il
3349 876 3403 1020 en
3483 876 3483 1020 a
3550 876 3684 1020 eſté
3751 876 3872 1020 fait
3925 876 3979 1020 en
4059 876 4314 1020 noſtre
4367 876 4649 1020 figure.

731 1018 783 1162 Or
823 1018 1058 1162 avons
1110 1018 1306 1162 nous
1371 1018 1593 1162 choiſi
1646 1018 1828 1162 pour
1894 1018 2037 1162 ceſt
2090 1018 2312 1162 effe
2364 1018 2416 1162 le
2482 1018 2873 1162 pourtrait
2952 1018 3082 1162 d’un
3148 1018 3487 1162 homme
3553 1018 3853 1162 parcreu
3971 1018 3984 1162 &
4036 1018 4180 1162 bien
4258 1018 4872 1162 proportionné

543 1154 581 1296 en
659 1154 877 1296 touts
929 1154 1019 1296 ſes
1096 1154 1509 1296 membres,
1560 1154 1650 1296 tel
1715 1154 1843 1296 que
1882 1154 2474 1296 l’ordonnance
2539 1154 2590 1296 en
2668 1154 2758 1296 eſt
2809 1154 2977 1296 faite
3028 1154 3247 1296 audit
3299 1154 3466 1296 livre
3543 1154 3646 1296 des
3724 1154 4264 1296 Proportions,
4316 1154 4432 1296 liv.
4483 1154 4509 1296 2.
4561 1154 4870 1296 feuillet

558 1291 668 1435 60.
791 1291 860 1435 En
929 1291 1272 1435 laquelle
1313 1291 1561 1435 figure
1615 1291 1643 1435 il
1698 1291 2110 1435 paroiſtra,
2192 1291 2316 1435 que
2371 1291 2646 1435 toutes
2701 1291 2797 1435 les
2879 1291 3195 1435 meſures
3278 1291 3401 1435 que
3470 1291 3525 1435 ce
3594 1291 3827 1435 grand
3951 1291 4212 1435 Maiſtre
4281 1291 4281 1435 a
4363 1291 4514 1435 ſceu
4583 1291 4871 1435 remar-

540 1426 711 1571 quer
763 1426 882 1571 par
935 1426 1027 1571 ſes
1106 1426 1632 1571 calculations
1751 1426 2448 1571 Mathematiques,
2554 1426 2554 1571 &
2606 1426 2725 1571 par
2777 1426 2869 1571 ſes
2922 1426 3264 1571 longues
3330 1426 3883 1571 obſervations
3962 1426 4001 1571 en
4094 1426 4252 1571 l’art
4344 1426 4396 1571 de
4488 1426 4883 1571 Peinture,

530 1563 570 1708 ſe
651 1563 1165 1708 diſcouvrent
1206 1563 1314 1708 icy
1395 1563 1598 1708 quaſi
1652 1563 1922 1708 toutes
1976 1563 2139 1708 ſans
2179 1563 2477 1708 artifice
2585 1563 2598 1708 &
2639 1563 2801 1708 plus
2869 1563 3491 1708 parfaitement,
3545 1563 3653 1708 par
3720 1563 3815 1708 les
3869 1563 4397 1708 aſſignations
4491 1563 4545 1708 de
4626 1563 4748 1708 nos
4816 1563 4883 1708 li-

535 1704 702 1846 gnes
754 1704 973 1846 tirées
1025 1704 1991 1846 perpendiculairement
2043 1704 2043 1846 à
2120 1704 2404 1846 travers
2442 1704 2494 1846 le
2597 1704 2971 1846 Diametre
3035 1704 3164 1846 aux
3229 1704 3499 1846 angles
3564 1704 3951 1846 oppoſez,
4028 1704 4131 1846 des
4195 1704 4324 1846 uns
4389 1704 4518 1846 aux
4595 1704 4879 1846 autres.

685 1840 867 1983 Pour
919 1840 1127 1983 venir
1191 1840 1607 1983 doncques
1646 1840 1659 1983 à
1710 1840 1749 1983 la
1840 1840 2515 1983 confrontation,
2580 1840 2736 1983 puis
2813 1840 2969 1983 qu’il
3034 1840 3307 1983 faudra
3384 1840 3800 1983 comparer
3864 1840 3981 1983 icy
4059 1840 4124 1983 un
4228 1840 4461 1983 grand
4526 1840 4877 1983 nombre

541 1975 595 2123 de
649 1975 931 2123 lignes,
984 1975 1105 2123 afin
1186 1975 1494 2123 qu’elles
1548 1975 2152 2123 n’engendrent
2206 1975 2662 2123 confuſion,
2716 1975 2903 2123 pour
2971 1975 3373 2123 examiner
3413 1975 3454 2123 la
3534 1975 3762 2123 verité
3843 1975 3937 2123 des
3991 1975 4514 2123 aſſignations
4594 1975 4662 2123 de
4715 1975 4876 2123 part

576 2115 589 2259 &
668 2115 994 2259 d’autre,
1073 2115 1256 2259 nous
1308 2115 1399 2259 les
1465 2115 2027 2259 repreſentons
2105 2115 2144 2259 en
2249 2115 2706 2259 differentes
2797 2115 3203 2259 manieres.
3333 2115 3451 2259 Les
3503 2115 3817 2259 noſtres
3869 2115 4039 2259 ſont
4117 2115 4575 2259 poinées,
4640 2115 4875 2259 allant

519 2251 645 2398 par
687 2251 729 2398 le
841 2251 1219 2398 Diametre
1261 2251 1682 2398 juſqu’aux
1724 2251 1990 2398 angles
2060 2251 2439 2398 oppoſez:
2495 2251 2593 2398 les
2635 2251 2943 2398 ſiennes
3000 2251 3308 2398 ſolides,
3378 2251 3588 2398 tirées
3644 2251 3756 2398 par
3812 2251 3855 2398 le
3953 2251 4261 2398 derriere
4331 2251 4401 2398 de
4443 2251 4485 2398 la
4555 2251 4878 2398 perſon-

512 2391 589 2536 ne
666 2391 1000 2536 juſqu’au
1115 2391 1385 2536 devant
1475 2391 1526 2536 du
1629 2391 1886 2536 corps.
2027 2391 2207 2536 Dont
2297 2391 2502 2536 celles
2579 2391 2746 2536 qu’il
2797 2391 2810 2536 a
2887 2391 3375 2536 communes
3491 2391 3491 2536 &
3555 2391 4094 2536 accordantes
4158 2391 4325 2536 avec
4390 2391 4479 2536 les
4556 2391 4890 2536 noſtres,

510 2526 685 2674 ſont
752 2526 792 2674 en
873 2526 1115 2674 partie
1168 2526 1477 2674 ſolides,
1598 2526 1612 2674 &
1666 2526 1719 2674 en
1786 2526 2028 2674 partie
2095 2526 2539 2674 poinées,
2579 2526 2888 2674 aſſavoir
2942 2526 3009 2674 au
3103 2526 3372 2674 dehors
3439 2526 3493 2674 de
3546 2526 3640 2674 ſes
3694 2526 4541 2674 parallelogrammes.

685 2667 754 2808 La
823 2667 1071 2808 figure
1140 2667 1389 2808 eſtant
1458 2667 1651 2808 ainſi
1734 2667 2037 2808 dreſſée,
2134 2667 2148 2808 &
2217 2667 2617 2808 conſideré
2686 2667 2741 2808 le
2824 2667 3045 2808 grand
3114 2667 3445 2808 accord,
3528 2667 3638 2808 qui
3707 2667 3749 2808 ſe
3818 2667 4094 2808 trouve
4176 2667 4383 2808 entre
4452 2667 4715 2808 noſtre
4784 2667 4894 2808 in-

523 2803 888 2948 vention,
982 2803 996 2948 &
1050 2803 1226 2948 celle
1307 2803 1442 2948 d’un
1523 2803 1564 2948 ſi
1618 2803 1848 2948 grand
1997 2803 2254 2948 Maiſtre
2321 2803 2429 2948 des
2483 2803 3051 2948 proportions,
3133 2803 3187 2948 de
3268 2803 3471 2948 quoy
3552 2803 3606 2948 on
3700 2803 3836 2948 voit
3890 2803 3930 2948 la
3998 2803 4282 2948 preuve
4336 2803 4444 2948 ſur
4512 2803 4579 2948 un
4674 2803 4890 2948 corps

535 2939 638 3085 qui
690 2939 781 3085 eſt
858 2939 962 3085 des
1039 2939 1272 3085 mieux
1336 2939 2034 3085 proportionnez;
2099 2939 2422 3085 j’eſtime
2513 2939 2629 3085 que
2720 2939 3030 3085 chaſcun
3120 2939 3172 3085 ſe
3250 2939 3728 3085 contentera
3780 2939 3948 3085 plus
4025 2939 4232 3085 d’une
4310 2939 4478 3085 telle
4568 2939 4891 3085 demon-

512 3078 884 3222 ſtration,
939 3078 1062 3222 que
1159 3078 1296 3222 d’un
1392 3078 1626 3222 grand
1695 3078 1901 3222 amas
1984 3078 2520 3222 d’arguments
2603 3078 3153 3222 controuvez,
3235 3078 3345 3222 qui
3400 3078 3909 3222 ſerviroyent
3978 3078 4322 3222 pluſtoſt
4418 3078 4886 3222 d’offuſquer

506 3217 544 3360 la
658 3217 987 3360 matiere,
1101 3217 1101 3360 &
1152 3217 1671 3360 tendroyent
1734 3217 1734 3360 à
1823 3217 2266 3360 engendrer
2355 3217 2456 3360 des
2507 3217 2924 3360 nouvelles
2988 3217 3292 3360 doutes,
3342 3217 3406 3360 au
3482 3217 3596 3360 lieu
3697 3217 3747 3360 de
3811 3217 4178 3360 reſoudre
4229 3217 4317 3360 les
4368 3217 4836 3360 anciennes.

689 3352 756 3501 Et
824 3352 1175 3501 combien
1270 3352 1392 3501 que
1446 3352 1487 3501 je
1554 3352 1622 3501 ne
1689 3352 1919 3501 puiſſe
1987 3352 2149 3501 dire,
2217 3352 2352 3501 que
2406 3352 2595 3501 nous
2649 3352 3001 3501 ſommes
3055 3352 3177 3501 par
3231 3352 3393 3501 tout
3474 3352 3866 3501 d’accord,
3907 3352 3948 3501 ſi
4015 3352 4272 3501 oſeray
4326 3352 4380 3501 je
4448 3352 4597 3501 bien
4678 3352 4894 3501 affer-

539 3495 659 3635 mer
726 3495 1167 3635 pourtant,
1247 3495 1300 3635 où
1394 3495 1420 3635 il
1500 3495 1514 3635 y
1581 3495 1594 3635 a
1687 3495 1741 3635 de
1807 3495 1848 3635 la
1954 3495 2408 3635 difference,
2475 3495 2595 3635 que
2662 3495 2822 3635 c’eſt
2875 3495 3142 3635 noſtre
3249 3495 3489 3635 Cercle
3570 3495 3676 3635 qui
3756 3495 3810 3635 en
3903 3495 4210 3635 vuidera
4264 3495 4304 3635 la
4384 3495 4784 3635 queſtion,
4891 3495 4891 3635 &

508 3629 888 3763 corrigera
959 3629 1054 3763 les
1125 3629 1422 3763 fautes,
1517 3629 1624 3763 qui
1683 3629 1897 3763 n’ont
1968 3629 2123 3763 ſceu
2217 3629 2396 3763 cſtre
2479 3629 2752 3763 cvitécs
2811 3629 2918 3763 par
2989 3629 3061 3763 un
3155 3629 3381 3763 eſprit
3429 3629 3464 3763 ſi
3512 3629 3785 3763 noble,
3892 3629 3892 3763 &
3951 3629 4070 3763 par
4117 3629 4188 3763 un
4272 3629 4711 3763 jugement
4794 3629 4901 3763 des

502 3753 1044 3906 proportions
1086 3753 1127 3906 ſi
1183 3753 1475 3906 exae.
1600 3753 1656 3906 Et
1725 3753 1892 3906 c’eſt
1948 3753 2003 3906 ce
2073 3753 2184 3906 qui
2239 3753 2295 3906 en
2392 3753 2531 3906 doit
2601 3753 3101 3906 augmenter
3143 3753 3504 3906 l’eſtime,
3560 3753 3727 3906 plus
3782 3753 3921 3906 que
3963 3753 4005 3906 ſi
4046 3753 4144 3906 les
4185 3753 4714 3906 aſſignations
4769 3753 4908 3906 fuſ-

499 3890 659 4029 ſent
733 3890 1102 4029 trouvées
1176 3890 1607 4029 s’accorder
1681 3890 1952 4029 toutes
2038 3890 2469 4029 enſemble.
2641 3890 3109 4029 Maintenant
3183 3890 3490 4029 venons
3564 3890 3564 4029 à
3626 3890 3675 4029 la
3736 3890 4069 4029 preuve,
4130 3890 4315 4029 vous
4377 3890 4894 4029 advertiſſant

536 4023 930 4173 derechef,
999 4023 1121 4173 que
1175 4023 1312 4173 nos
1352 4023 1597 4173 lignes
1652 4023 1815 4173 ſont
1883 4023 2101 4173 tirées
2169 4023 2700 4173 ſimplement
2781 4023 2836 4173 de
2877 4023 2999 4173 l’un
3081 4023 3299 4173 angle
3353 4023 3353 4173 à
3407 4023 3707 4173 l’autre,
3789 4023 3993 4173 quaſi
4034 4023 4034 4173 à
4102 4023 4632 4173 l’adventure,
4741 4023 4755 4173 &
4809 4023 4905 4173 les

515 4160 818 4316 ſiennes
887 4160 1053 4316 ſont
1122 4160 1813 4316 artificiellement
1896 4160 2379 4316 ordonnées,
2490 4160 2490 4316 &
2559 4160 2876 4316 rangées
2959 4160 3001 4316 en
3111 4160 3277 4316 cinq
3346 4160 3636 4316 figures
3705 4160 4575 4316 parallelogrammes.
4714 4160 4907 4316 Dont

528 4308 738 4455 voicy
794 4308 1313 4455 l’explication
1411 4308 1524 4455 qui
1566 4308 1917 4455 s’enſuit.
