5442 7366
2829 303 2951 428 luy
3012 303 3097 428 eſt
3158 303 3706 428 particuliere,
3803 303 3815 428 &
3876 303 4327 428 demonſtre
4375 303 4558 428 ſelon
4631 303 4728 428 ſon
4801 303 4947 428 opi-

2834 429 3041 548 nion,
3087 429 3133 548 le
3202 429 3536 548 concave
3605 429 3674 548 de
3720 429 3766 548 la
3835 429 4099 548 cuiſſe.

2984 553 3032 681 En
3128 553 3332 681 vient
3404 553 3609 681 apres
3693 553 4066 681 derechef
4138 553 4270 681 une
4342 553 4607 681 parmy
4667 553 4775 681 les
4835 553 4967 681 no-

2826 677 3047 809 ſtres,
3121 677 3477 809 marquée
3539 677 3600 809 de
3711 677 3773 809 Q,
3859 677 4399 809 demonſtrant
4449 677 4817 809 l’endroit
4879 677 4928 809 du

2865 802 3108 929 meſme
3193 802 3486 929 muſcle,
3559 802 3668 929 qui
3729 802 3802 929 eſt
3875 802 4179 929 deſſous
4216 802 4277 929 le
4350 802 4617 929 milieu.

2982 921 3041 1054 Vn
3112 921 3230 1054 peu
3301 921 3455 1054 plus
3514 921 3632 1054 bas
3691 921 3975 1054 encore
4034 921 4176 1054 une
4235 921 4507 1054 autre,
4602 921 4957 1054 marquée

2862 1053 2911 1177 R.
2984 1053 3093 1177 qui
3154 1053 3191 1177 en
3288 1053 3739 1177 demonſtre
3776 1053 3824 1177 la
3885 1053 4117 1177 partie
4165 1053 4641 1177 inferieure.

2969 1175 3124 1299 Puis
3171 1175 3397 1299 apres
3445 1175 3481 1299 la
3540 1175 3886 1299 ſeconde
3993 1175 4005 1299 &
4076 1175 4409 1299 derniere
4505 1175 4564 1299 de
4647 1175 4707 1299 ce
4802 1175 4969 1299 meſ-

2862 1298 2936 1429 me
2998 1298 3776 1429 parallelogramme,
3850 1298 4332 1429 demõſtrant
4369 1298 4419 1429 le
4468 1298 4962 1429 ſurgenouil,

2836 1424 2895 1551 un
2967 1424 3086 1551 peu
3169 1424 3324 1551 plus
3371 1424 3597 1551 haut,
3657 1424 3811 1551 qu’il
3883 1424 3954 1551 ne
4026 1424 4276 1551 devoit
4359 1424 4573 1551 eſtre;
4644 1424 4954 1551 comme

2827 1546 2865 1675 il
2902 1546 2951 1675 ſe
3013 1546 3162 1675 voit
3211 1546 3322 1675 par
3372 1546 3409 1675 la
3471 1546 3669 1675 ligne
3718 1546 4115 1675 ſuivante,
4176 1546 4325 1675 c’eſt
4374 1546 4684 1675 aſſavoir
4733 1546 4771 1675 la
4832 1546 4956 1675 no-

2830 1671 3004 1801 ſtre,
3090 1671 3437 1801 marquée
3511 1671 3573 1801 de
3647 1671 3684 1801 la
3734 1671 3969 1801 lettre
4056 1671 4118 1801 S,
4192 1671 4303 1801 qui
4390 1671 4835 1801 demonſtre
4897 1671 4947 1801 le

2838 1796 3008 1926 vray
3069 1796 3372 1926 endroit
3445 1796 3505 1926 de
3554 1796 3590 1926 la
3651 1796 3893 1926 partie
3942 1796 4403 1926 ſuperieure
4476 1796 4524 1926 du
4609 1796 4961 1926 genouil;

2843 1917 3139 2048 comme
3189 1917 3226 2048 il
3275 1917 3559 2048 paroiſt
3608 1917 3620 2048 à
3682 1917 3867 2048 veuë
3941 1917 4138 2048 d’œil,
4187 1917 4335 2048 tant
4409 1917 4446 2048 en
4533 1917 4718 2048 ceſte
4779 1917 4964 2048 figu-

2846 2040 2895 2169 re
2968 2040 3028 2169 de
3150 2040 3186 2169 Mr
3283 2040 3526 2169 Albert
3611 2040 3902 2169 meſme,
3975 2040 4157 2169 qu’en
4230 2040 4266 2169 la
4339 2040 4594 2169 noſtre
4667 2040 4727 2169 au
4812 2040 4982 2169 pre-

2870 2175 3017 2293 mier
3115 2175 3347 2293 Cercle
3421 2175 3470 2293 du
3568 2175 3874 2293 Tableau
3948 2175 4328 2293 premier.

2980 2286 3120 2424 Soit
3183 2286 3361 2424 donc
3411 2286 3462 2424 le
3513 2286 3982 2424 ſurgenouil
4033 2286 4236 2424 placé
4287 2286 4299 2424 à
4350 2286 4718 2424 l’endroit
4794 2286 4845 2424 de
4908 2286 4959 2424 la

2844 2427 3047 2547 ligne
3119 2427 3148 2547 S.

2982 2536 3044 2670 La
3119 2536 3503 2670 premiere
3565 2536 3775 2670 ligne
3862 2536 3924 2670 de
3986 2536 4085 2670 ſon
4197 2536 4482 2670 dernier
4556 2536 4965 2670 parallelo-

2854 2660 3182 2791 gramme
3252 2660 3322 2791 ne
3369 2660 3428 2791 ſe
3510 2660 3780 2791 trouve
3838 2660 3955 2791 pas
4002 2660 4272 2791 parmy
4319 2660 4424 2791 les
4471 2660 4823 2791 noſtres,
4952 2660 4964 2791 &

2859 2793 3305 2919 demonſtre
3353 2793 3401 2919 le
3486 2793 4004 2919 my-genouil.

2991 2901 3038 3037 La
3097 2901 3475 3037 ſeconde,
3534 2901 3652 3037 qui
3700 2901 4007 3037 revient
4066 2901 4078 3037 à
4149 2901 4184 3037 la
4255 2901 4515 3037 noſtre
4621 2901 4963 3037 marquée

2861 3032 2922 3162 de
3019 3032 3079 3162 T,
3164 3032 3601 3162 demonſtre
3697 3032 4437 3162 conſequemment
4497 3032 4546 3162 le
4618 3032 4970 3162 ſous-ge-

2836 3173 3083 3256 nouil.

2989 3280 3297 3411 S’enſuit
3346 3280 3568 3411 apres
3605 3280 3655 3411 la
3716 3280 4098 3411 premiere
4148 3280 4431 3411 ſeion
4530 3280 4579 3411 du
4702 3280 4986 3411 Diame-

2851 3401 2983 3535 tre,
3067 3401 3416 3535 marquée
3488 3401 3536 3535 en
3609 3401 3885 3535 grande
3933 3401 4174 3535 lettre
4258 3401 4619 3535 Romaine
4703 3401 4836 3535 d’un
4932 3401 4980 3535 E,

2858 3531 2977 3650 qui
3036 3531 3488 3650 demonſtre
3536 3531 3584 3650 le
3643 3531 3798 3650 plus
3845 3531 4024 3650 haut
4095 3531 4155 3650 de
4202 3531 4250 3650 la
4321 3531 4571 3650 greve.

3009 3647 3056 3750 Et
3149 3647 3520 3750 derechef
3601 3647 3833 3750 encor
3891 3647 4031 3750 une
4100 3647 4309 3750 autre
4414 3647 4530 3750 des
4611 3647 4971 3750 noſtres,

2878 3776 3223 3898 marquée
3321 3776 3358 3898 V,
3420 3776 3543 3898 qui
3617 3776 4061 3898 demonſtre
4122 3776 4184 3898 le
4258 3776 4405 3898 gras
4492 3776 4553 3898 de
4602 3776 4652 3898 la
4713 3776 4972 3898 jambe

2855 3896 2900 4008 en
2990 3896 3305 4008 dehors.

2999 4008 3304 4144 Tantoſt
3353 4008 3573 4144 apres
3634 4008 3756 4144 s’en
3854 4008 4086 4144 enſuit
4159 4008 4208 4144 le
4282 4008 4453 4144 bas,
4526 4008 4978 4144 repreſenté

2852 4142 2960 4266 par
3020 4142 3068 4266 la
3140 4142 3537 4266 troiſieme
3609 4142 3813 4266 ligne
3898 4142 3958 4266 de
4042 4142 4102 4266 ce
4198 4142 4487 4266 dernier
4571 4142 4991 4266 parallelo-

2871 4266 3234 4410 gramme,
3292 4266 3409 4410 qui
3456 4266 3538 4410 ne
3585 4266 3643 4410 ſe
3690 4266 3971 4410 trouve
4029 4266 4146 4410 pas
4204 4266 4415 4410 entre
4462 4266 4555 4410 les
4614 4266 4953 4410 noſtres.

2998 4392 3056 4513 Le
3148 4392 3404 4513 meſme
3462 4392 3543 4513 eſt
3601 4392 4157 4513 pareillement
4227 4392 4668 4513 demonſtré
4737 4392 4784 4513 au
4877 4392 4981 4513 de-

2864 4513 3032 4641 dans
3104 4513 3164 4641 de
3213 4513 3249 4641 la
3309 4513 3561 4641 jambe
3622 4513 3682 4641 un
3754 4513 3874 4641 peu
3958 4513 4115 4641 plus
4163 4513 4319 4641 bas,
4379 4513 4487 4641 par
4536 4513 4572 4641 la
4656 4513 4993 4641 quatrie-

2890 4637 2989 4763 me,
3038 4637 3149 4763 qui
3198 4637 3592 4763 s’accorde
3641 4637 3653 4763 à
3702 4637 3739 4763 la
3801 4637 4059 4763 noſtre
4145 4637 4502 4763 marquée
4564 4637 4736 4763 d’V.
4810 4637 4994 4763 Tou-

2864 4758 3078 4885 chant
3150 4758 3340 4885 quoy
3400 4758 3436 4885 il
3495 4758 3495 4885 y
3555 4758 3567 4885 a
3638 4758 3972 4885 quelque
4067 4758 4484 4885 difference
4567 4758 4770 4885 entre
4841 4758 4972 4885 nos

2852 4880 3396 5007 aſſignations,
3467 4880 3620 5007 mais
3691 4880 3750 5007 de
3821 4880 4058 5007 petite
4129 4880 4685 5007 importance,
4767 4880 4815 5007 en
4909 4880 4968 5007 ce

2861 5005 3000 5133 que
3051 5005 3165 5133 luy
3216 5005 3241 5133 il
3304 5005 3304 5133 a
3368 5005 3570 5133 placé
3621 5005 3672 5133 le
3735 5005 3849 5133 bas
3913 5005 3963 5133 du
4052 5005 4192 5133 gras
4268 5005 4331 5133 de
4382 5005 4420 5133 la
4470 5005 4762 5133 jambe,
4825 5005 4978 5133 tant

2859 5130 2905 5262 en
2995 5130 3266 5262 dehors
3334 5130 3628 5262 comme
3718 5130 3763 5262 en
3865 5130 4182 5262 dedans,
4238 5130 4306 5262 un
4374 5130 4498 5262 peu
4588 5130 4747 5262 plus
4792 5130 4972 5262 haut

2869 5254 3003 5384 que
3052 5254 3271 5384 nous,
3344 5254 3454 5384 qui
3491 5254 3783 5384 l’avons
3856 5254 4209 5384 ordonné
4283 5254 4380 5384 ſur
4441 5254 4538 5384 les
4599 5254 4843 5384 lignes
4965 5254 4965 5384 V

2924 5370 2924 5498 &
3050 5370 3082 5498 X.

3006 5498 3237 5631 Apres
3289 5498 3584 5631 s’enſuit
3635 5498 3674 5631 la
3725 5498 3931 5631 ligne
4020 5498 4059 5631 Y,
4123 5498 4239 5631 qui
4277 5498 4470 5631 nous
4534 5498 4611 5631 eſt
4662 5498 4971 5631 propre,

2921 5615 2921 5751 &
2993 5615 3440 5751 demonſtre
3488 5615 3536 5751 la
3597 5615 3826 5751 partie
3874 5615 4309 5751 inferieure
4381 5615 4442 5751 de
4490 5615 4526 5751 la
4599 5615 4852 5751 greve.

3007 5741 3068 5878 La
3129 5741 3580 5878 cinquieme
3653 5741 3714 5878 de
3763 5741 3872 5878 ſes
3921 5741 4324 5878 paralleles
4409 5741 4848 5878 demonſtre
4909 5741 4970 5878 le

2878 5876 3056 5996 coup
3133 5876 3184 5996 du
3260 5876 3464 5996 pied.

3023 5989 3059 6127 Et
3143 5989 3878 6127 conſequemment
3939 5989 3975 6127 la
4047 5989 4409 6127 ſixieme,
4505 5989 4601 6127 qui
4674 5989 4975 6127 revient

2858 6124 2959 6252 ſur
3009 6124 3047 6252 la
3110 6124 3363 6252 noſtre
3451 6124 3792 6252 marquée
3868 6124 3931 6252 de
4019 6124 4082 6252 Z,
4133 6124 4183 6252 le
4246 6124 4360 6252 bas
4435 6124 4486 6252 de
4536 6124 4587 6252 la
4650 6124 4978 6252 cheville

2869 6250 2919 6365 en
3006 6250 3319 6365 dehors.

3002 6356 3483 6503 Finalement
3520 6356 3569 6503 le
3630 6356 3815 6503 bout
3877 6356 3926 6503 du
4037 6356 4431 6503 Diametre,
4530 6356 4530 6503 &
4579 6356 4616 6503 la
4690 6356 4985 6503 dernie-

2868 6498 2917 6630 re
2991 6498 3052 6630 de
3101 6498 3212 6630 ſes
3249 6498 3690 6630 paralleles,
3752 6498 4304 6630 demonſtrent
4341 6498 4439 6630 les
4488 6498 4795 6630 plantes
4856 6498 4967 6630 des

2873 6630 3120 6763 pieds.

3026 6750 3195 6881 Voilà
3291 6750 3472 6881 donc
3532 6750 3580 6881 la
3653 6750 4244 6881 confrontation
4352 6750 4412 6881 de
4497 6750 4762 6881 toutes
4834 6750 4967 6881 nos

4739 6880 4987 6997 lignes

547 300 663 434 qui
740 300 1188 434 demonſtre
1253 300 1612 434 l’aixelle,
1650 300 1663 434 à
1727 300 2099 434 regarder
2163 300 2202 434 la
2278 300 2663 434 perſonne

544 429 605 561 de
666 429 911 561 front;
984 429 1412 561 beaucoup
1473 429 1644 561 plus
1717 429 1876 561 bs,
1950 429 2121 561 qu’il
2182 429 2353 561 n’eſt
2414 429 2671 561 repre-

525 554 726 684 ſenté
797 554 844 684 en
915 554 1175 684 noſtre
1223 554 1507 684 figure:
1566 554 2016 684 procedant
2063 554 2382 684 l’erreur
2465 554 2524 684 de
2607 554 2666 684 ce

541 681 673 809 que
721 681 1141 809 l’Autheur
1214 681 1226 809 a
1298 681 1502 809 placé
1562 681 1610 809 le
1670 681 1850 809 haut
1935 681 2043 809 des
2115 681 2451 809 eſpaules
2499 681 2668 809 plus

523 804 683 954 bas,
757 804 905 954 qu’il
954 804 1028 954 ne
1102 804 1410 954 devoit,
1534 804 1534 954 &
1595 804 1706 954 par
1780 804 2273 954 conſequent
2335 804 2507 954 auſſi
2569 804 2667 954 les

521 927 843 1019 aixelles
889 927 900 1019 à
958 927 1441 1019 l’advenant.

678 1033 726 1174 La
798 1033 1240 1174 quatrieme
1288 1033 1491 1174 ligne
1563 1033 1611 1174 en
1683 1033 1778 1174 ſon
1862 1033 2280 1174 deuxieme
2352 1033 2663 1174 paralle-

527 1170 966 1308 logramme
1027 1170 1331 1308 revient
1380 1170 1490 1308 ſur
1527 1170 1575 1308 la
1648 1170 1904 1308 noſtre
2014 1170 2368 1308 marquée
2453 1170 2514 1308 de
2624 1170 2673 1308 H,

581 1301 593 1434 &
665 1301 1158 1434 demonſtre,
1206 1301 1386 1434 ſelon
1458 1301 1770 1434 l’erreur
1831 1301 2359 1434 precedente,
2407 1301 2504 1434 les
2576 1301 2672 1434 te-

529 1426 672 1576 tins
731 1426 850 1576 des
934 1426 1445 1576 mammelles,
1529 1426 1683 1576 mais
1743 1426 1791 1576 en
1874 1426 2052 1576 effet
2136 1426 2290 1576 c’eſt
2350 1426 2410 1576 le
2481 1426 2648 1576 beau

552 1552 764 1674 milieu
894 1552 906 1674 &
964 1552 1271 1674 comme
1318 1552 1377 1674 le
1436 1552 1695 1674 centre
1766 1552 1837 1674 de
1884 1552 1920 1674 la
1978 1552 2356 1674 poitrine.

665 1661 781 1804 S’en
886 1661 1130 1804 enſuit
1200 1661 1583 1804 derechef
1641 1661 1781 1804 une
1851 1661 2072 1804 autre
2153 1661 2269 1804 des
2327 1661 2653 1804 ſiennes,

544 1800 651 1951 qui
710 1800 1090 1951 continue
1161 1800 1209 1951 en
1292 1800 1339 1951 la
1434 1800 1683 1951 meſme
1754 1800 2039 1951 erreur,
2146 1800 2146 1951 &
2217 1800 2668 1951 demonſtre

540 1922 1271 2047 conſequemment
1328 1922 1429 2047 les
1474 1922 2251 2047 ſous-mammelles.

681 2036 729 2199 La
790 2036 1105 2199 ſixieme
1166 2036 1567 2199 s’accorde
1615 2036 1627 2199 à
1700 2036 1736 2199 la
1809 2036 2076 2199 noſtre
2173 2036 2525 2199 marquée
2610 2036 2671 2199 de

522 2175 558 2275 la
619 2175 839 2275 lettre
912 2175 948 2275 I,
1058 2175 1058 2275 &
1143 2175 1582 2275 demonſtre
1631 2175 1692 2275 le
1741 2175 2107 2275 brechet.

680 2255 911 2421 Apres
950 2255 1297 2421 laquelle
1374 2255 1387 2421 y
1451 2255 1464 2421 a
1528 2255 1567 2421 la
1644 2255 1901 2421 noſtre
2003 2255 2350 2421 marquée
2440 2255 2505 2421 de
2607 2255 2672 2421 R,

535 2417 646 2573 qui
733 2417 1177 2573 demonſtre
1251 2417 1350 2573 les
1412 2417 2104 2573 hypochondres,
2203 2417 2252 2573 ou
2338 2417 2437 2573 les
2499 2417 2684 2573 fauſ-

529 2548 624 2636 ſes
706 2548 989 2636 coſtes.

642 2638 703 2802 La
752 2638 1142 2802 ſeptieme
1251 2638 1251 2802 &
1337 2638 1678 2802 derniere
1751 2638 1812 2802 de
1885 2638 1946 2802 ce
2031 2638 2287 2802 meſme
2336 2638 2677 2802 parallel,

542 2795 657 2947 qui
708 2795 836 2947 luy
900 2795 990 2947 eſt
1053 2795 1232 2947 auſſi
1296 2795 1616 2947 propre,
1680 2795 2128 2947 demonſtre
2204 2795 2243 2947 la
2332 2795 2677 2947 ceinture

544 2923 604 3040 de
665 2923 701 3040 la
761 2923 1195 3040 perſonne.

674 3025 735 3167 La
809 3025 1213 3167 premiere
1298 3025 1347 3167 du
1457 3025 1861 3167 Troifieme
1947 3025 2216 3167 ordre,
2302 3025 2412 3167 qui
2486 3025 2681 3167 vient

521 3167 975 3295 juſtement
1022 3167 1130 3295 ſur
1166 3167 1225 3295 le
1321 3167 1619 3295 Centre,
1667 3167 2120 3295 demonſtre
2168 3167 2216 3295 le
2276 3167 2658 3295 nombril.

674 3292 735 3439 La
784 3292 1176 3439 ſeconde,
1225 3292 1237 3439 à
1286 3292 1409 3439 luy
1470 3292 2020 3439 particuliere,
2094 3292 2534 3439 demonſtre
2583 3292 2694 3439 les

529 3417 911 3508 hanches.

684 3519 730 3661 La
800 3519 1193 3661 troiſieme
1251 3519 1563 3661 revient
1609 3519 1621 3661 à
1690 3519 1736 3661 la
1794 3519 2106 3661 noſtre,
2199 3519 2557 3661 marquée
2627 3519 2684 3661 de

524 3656 570 3766 la
638 3656 877 3766 lettre
990 3656 1047 3766 L,
1150 3656 1468 3766 voulant
1548 3656 2048 3766 demonſtrer
2116 3656 2173 3766 le
2241 3656 2423 3766 haut
2514 3656 2571 3766 de
2639 3656 2673 3766 la

553 3781 806 3903 cuiſſe;
891 3781 1048 3903 mais
1108 3781 1157 3903 en
1241 3781 1410 3903 effet
1495 3781 1615 3903 elle
1676 3781 2026 3903 reſpond
2062 3781 2509 3903 juſtement
2581 3781 2690 3903 ſur

528 3904 909 4027 l’endroit
978 3904 1036 4027 de
1082 3904 1128 4027 la
1186 3904 1578 4027 jointure,
1659 3904 2005 4027 combien
2109 3904 2235 4027 que
2293 3904 2339 4027 le
2432 3904 2685 4027 muſcle

542 4034 597 4152 en
675 4034 951 4152 vienne
1007 4034 1173 4152 plus
1217 4034 1438 4152 haut.

692 4148 739 4278 La
845 4148 1280 4278 quatrieme
1350 4148 1750 4278 s’accorde
1809 4148 1809 4278 à
1867 4148 1903 4278 la
1985 4148 2243 4278 noſtre
2337 4148 2690 4278 marquée

551 4277 620 4382 de
734 4277 780 4382 M,
849 4277 1400 4382 demonſtrant
1446 4277 1492 4382 le
1549 4277 1676 4382 bas
1733 4277 1790 4382 du
1871 4277 2181 4382 ventre.

687 4393 737 4527 La
811 4393 1308 4527 cinquieme,
1370 4393 1494 4527 qui
1531 4393 1643 4527 luy
1717 4393 1804 4527 eſt
1854 4393 2177 4527 propre,
2251 4393 2698 4527 demonſtre

534 4530 591 4626 le
672 4530 1005 4626 membre
1062 4530 1246 4626 viril.

707 4639 1024 4769 Comme
1083 4639 1247 4769 auſſi
1294 4639 1423 4769 fait
1470 4639 2035 4769 pareillement
2093 4639 2129 4769 la
2211 4639 2458 4769 noſtre
2540 4639 2704 4769 mar-

566 4769 746 4901 quée
818 4769 975 4901 d’N.
1035 4769 1516 4901 toutesfois,
1564 4769 1600 4901 la
1660 4769 1912 4901 fienne
1961 4769 2009 4901 le
2081 4769 2526 4901 demonſtre
2574 4769 2694 4901 par

554 4899 761 5016 haut,
870 4899 882 5016 &
930 4899 967 5016 la
1027 4899 1282 5016 noſtre
1343 4899 1452 5016 par
1501 4899 1561 5016 le
1610 4899 1767 5016 bas.

692 5010 739 5119 Sa
797 5010 1124 5119 ſixieme
1182 5010 1637 5119 demonſtre
1695 5010 2173 5119 fauſſement
2220 5010 2267 5119 le
2325 5010 2512 5119 bout
2582 5010 2687 5119 des

556 5138 811 5269 feſſes:
872 5138 1189 5269 dequoy
1250 5138 1274 5269 il
1323 5138 1469 5269 ſera
1530 5138 1724 5269 parlé
1773 5138 1944 5269 tout
2005 5138 2005 5269 à
2065 5138 2419 5269 l’inſtant.

706 5259 932 5394 Apres
977 5259 1203 5394 icelle
1260 5259 1384 5394 s’en
1463 5259 1701 5394 enſuit
1757 5259 1893 5394 une
1961 5259 2074 5394 des
2119 5259 2424 5394 noſtres
2470 5259 2696 5394 parti-

562 5384 917 5515 culieres,
988 5384 1344 5515 marquée
1403 5384 1545 5515 d’un
1664 5384 1699 5515 O,
1771 5384 1877 5515 qui
1948 5384 2387 5515 demonſtre
2434 5384 2470 5515 la
2529 5384 2707 5515 hau-

557 5522 725 5617 teur
780 5522 836 5617 du
914 5522 1438 5617 fondement.

709 5630 858 5748 Puis
915 5630 1201 5748 encore
1258 5630 1430 5748 une,
1498 5630 2173 5748 ſemblablement
2242 5630 2253 5748 à
2310 5630 2493 5748 nous
2551 5630 2699 5748 par-

566 5757 967 5887 ticuliere,
1037 5757 1391 5887 marquée
1461 5757 1532 5887 de
1603 5757 1650 5887 P.
1721 5757 1838 5887 qui
1897 5757 2345 5887 demonſtre
2404 5757 2451 5887 le
2533 5757 2710 5887 con-

574 5879 739 5987 cave
838 5879 893 5987 ou
992 5879 1047 5987 le
1146 5879 1871 5987 commencement
1970 5879 2025 5987 du
2156 5879 2409 5987 muſcle
2508 5879 2574 5987 de
2651 5879 2695 5987 la

577 6018 824 6111 cuiſſe.

663 6126 711 6262 Et
771 6126 952 6262 pour
1000 6126 1061 6262 le
1109 6126 1507 6262 troiſieme
1567 6126 1868 6262 s’enſuit
1916 6126 1965 6262 la
2013 6126 2350 6262 ſeconde
2411 6126 2676 6262 ſeion

586 6257 634 6382 du
752 6257 1167 6382 Diametre,
1238 6257 1344 6382 qui
1404 6257 1486 6382 eſt
1558 6257 1913 6382 marquée
1972 6257 2067 6382 ſur
2126 6257 2315 6382 ledit
2422 6257 2706 6382 Diame-

579 6379 677 6514 tre
750 6379 885 6514 d’un
995 6379 1215 6514 grand
1325 6379 1374 6514 H,
1459 6379 1997 6514 demonſtrant
2058 6379 2107 6514 le
2205 6379 2413 6514 milieu
2523 6379 2584 6514 de
2645 6379 2682 6514 la

588 6519 842 6611 cuiſſe.

720 6625 952 6766 Apres
1001 6625 1344 6766 laquelle
1393 6625 1698 6766 s’enſuit
1747 6625 1820 6766 un
1894 6625 2004 6766 peu
2089 6625 2236 6766 plus
2285 6625 2407 6766 bas
2456 6625 2493 6766 la
2554 6625 2713 6766 pre-

611 6763 814 6892 miere
865 6763 1068 6892 ligne
1132 6763 1183 6892 du
1272 6763 1716 6892 quatrieme
1767 6763 2542 6892 parallelogramme,
2605 6763 2707 6892 qui
