5442 7366
565 373 848 491 lignes,
943 373 943 491 &
1025 373 1084 491 de
1131 373 1332 491 leurs
1379 373 2087 491 interpretations,
2122 373 2311 491 pour
2382 373 2689 491 demon-

568 496 741 617 ſtrer
787 496 891 617 les
949 496 1215 617 vrayes
1261 496 1781 617 proportions
1850 496 1908 617 du
2001 496 2220 617 corps
2301 496 2370 617 de
2428 496 2682 617 l’hom-

600 621 728 736 me:
797 621 1190 736 touchant
1259 621 1687 736 leſquelles
1744 621 1779 736 il
1848 621 1918 736 ne
1998 621 2183 736 reſte
2276 621 2692 736 deſormais

592 741 724 863 qu’à
795 741 831 863 en
927 741 1237 863 debatre
1285 741 1381 863 les
1453 741 1954 863 differences,
2062 741 2062 863 &
2122 741 2122 863 à
2205 741 2683 863 demonſtrer

569 867 679 979 par
734 867 1041 979 bonnes
1096 867 1370 979 raiſons
1414 867 1513 979 les
1568 867 1820 979 fautes
1886 867 2292 979 commiſes
2379 867 2423 979 en
2500 867 2687 979 l’ou-

579 990 788 1107 vrage
861 990 922 1107 de
1021 990 1253 1107 Durer,
1351 990 1351 1107 &
1425 990 1548 1107 que
1597 990 1695 1107 les
1744 990 2246 1107 aſſignations
2307 990 2369 1107 de
2430 990 2675 1107 noſtre

615 1112 851 1230 Cercle
925 1112 1074 1230 ſont
1148 1112 1309 1230 plus
1383 1112 1619 1230 juſtes
1755 1112 1767 1230 &
1842 1112 2003 1230 plus
2077 1112 2684 1230 approchantes

586 1234 647 1323 de
696 1234 745 1323 la
831 1234 1099 1323 Verité.

697 1359 1037 1477 Combien
1125 1359 1257 1477 que
1301 1359 1498 1477 nous
1553 1359 1619 1477 ne
1674 1359 2036 1477 voulions
2090 1359 2200 1477 pas
2266 1359 2452 1477 nous
2507 1359 2672 1477 van-

556 1476 661 1598 ter
731 1476 789 1598 de
859 1476 1359 1598 conteroller,
1394 1476 1463 1598 ne
1533 1476 1603 1598 de
1649 1476 2080 1598 reprendre
2138 1476 2196 1598 ce
2266 1476 2429 1598 grãd
2475 1476 2673 1598 flam-

559 1596 731 1719 beau
823 1596 926 1719 des
995 1596 1328 1719 Peintres
1397 1596 1443 1719 en
1500 1596 1546 1719 la
1603 1596 1901 1719 ſcience
1970 1596 2073 1719 des
2131 1596 2681 1719 proportions,

577 1718 625 1843 où
685 1718 721 1843 il
769 1718 780 1843 a
864 1718 972 1843 mis
1020 1718 1175 1843 tant
1235 1718 1606 1843 d’eſtude,
1713 1718 1725 1843 &
1785 1718 1833 1843 en
1905 1718 1917 1843 a
2000 1718 2240 1843 merité
2299 1718 2323 1843 ſi
2407 1718 2670 1843 grande

555 1840 948 1964 louange.
1087 1840 1180 1964 Car
1249 1840 1446 1964 nous
1516 1840 1793 1964 tenons
1863 1840 2048 1964 pour
2129 1840 2349 1964 choſe
2407 1840 2673 1964 ſeure,

576 1969 766 2090 qu’en
849 1969 1097 2090 ſondit
1168 1969 1346 2090 livre
1429 1969 1536 2090 des
1630 1969 2187 2090 Proportions,
2246 1969 2353 2090 ſon
2424 1969 2684 2090 inten-

557 2091 689 2210 tion
760 2091 772 2210 a
844 2091 976 2210 eſté
1059 2091 1119 2210 de
1191 2091 1693 2210 repreſenter
1752 2091 2135 2210 pluſieurs
2242 2091 2254 2210 &
2326 2091 2685 2210 differen-

562 2213 664 2335 tes
732 2213 970 2335 ſortes
1039 2213 1095 2335 de
1152 2213 1641 2335 perſonnes;
1697 2213 1800 2335 les
1856 2213 2038 2335 unes
2106 2213 2265 2335 bien
2356 2213 2413 2335 ou
2538 2213 2674 2335 mal,

564 2339 618 2454 ou
715 2339 940 2454 moins
1005 2339 1058 2454 ou
1155 2339 1391 2454 mieux
1445 2339 2175 2454 proportionnées,
2239 2339 2357 2454 que
2411 2339 2507 2454 les
2561 2339 2679 2454 au-

551 2458 726 2577 tres:
784 2458 830 2577 en
900 2458 1098 2577 ſorte
1167 2458 1295 2577 que
1353 2458 1411 2577 ce
1481 2458 1702 2577 ſeroit
1748 2458 1865 2577 luy
1923 2458 2097 2577 faire
2155 2458 2225 2577 un
2306 2458 2469 2577 grãd
2516 2458 2667 2577 tort

566 2574 626 2698 de
697 2574 1112 2698 recercher
1183 2574 1230 2698 en
1313 2574 1646 2698 chaſque
1693 2574 1942 2698 figure
1989 2574 2025 2698 la
2084 2574 2250 2698 plus
2310 2574 2559 2698 exae
2665 2574 2677 2698 &

560 2702 901 2820 corree
957 2702 1486 2820 proportion,
1552 2702 1684 2820 que
1739 2702 1927 2820 nous
2004 2702 2445 2820 requerons
2511 2702 2676 2820 pre-

541 2822 1028 2941 ſentement,
1138 2822 1138 2941 &
1194 2822 1393 2941 nous
1437 2822 1935 2941 perſuadons
2001 2822 2068 2941 de
2134 2822 2389 2941 l’avoir
2455 2822 2665 2941 trou-

557 2943 679 3068 vée
740 2943 863 3068 par
936 2943 1193 3068 ceſtuy
1242 2943 1499 3068 noſtre
1597 2943 1878 3068 Cercle,
1927 2943 2110 3068 ſelon
2196 2943 2294 3068 les
2355 2943 2673 3068 aſſigna-

542 3070 749 3187 tions
794 3070 852 3187 au
921 3070 1287 3187 paravant
1356 3070 1803 3187 declarées.
1929 3070 1998 3187 Ce
2078 3070 2182 3187 qui
2228 3070 2365 3187 ſera
2434 3070 2663 3187 encor

543 3191 705 3309 plus
786 3191 1156 3309 manifeſte
1237 3191 1352 3309 par
1410 3191 1445 3309 la
1537 3191 2127 3309 confrontation
2231 3191 2346 3309 des
2404 3191 2670 3309 fautes

559 3310 617 3436 de
664 3310 711 3436 la
770 3310 1052 3436 ſienne;
1075 3310 1416 3436 laquelle
1486 3310 1721 3436 eſtant
1757 3310 1956 3436 l’une
2027 3310 2132 3436 des
2215 3310 2449 3436 mieux
2496 3310 2673 3436 pro-

536 3435 1073 3558 portionnées
1131 3435 1405 3558 d’entre
1462 3435 1725 3558 toutes
1794 3435 2011 3558 celles
2068 3435 2171 3558 qui
2217 3435 2491 3558 ſoyent
2560 3435 2662 3558 de-

547 3555 719 3673 dans
762 3555 859 3673 ſon
923 3555 1149 3673 livre,
1192 3555 1385 3673 nous
1449 3555 1492 3673 en
1567 3555 1975 3673 parlerons
2040 3555 2340 3673 comme
2405 3555 2469 3673 de
2523 3555 2630 3673 l’un

558 3680 668 3811 des
716 3680 875 3811 plus
936 3680 1241 3811 parfaits
1326 3680 1899 3811 exemplaires,
1960 3680 2119 3811 qu’il
2179 3680 2192 3811 a
2253 3680 2411 3811 ſceu
2496 3680 2655 3811 pro-

535 3808 783 3923 poſer.

684 3926 1303 4043 Premierement
1383 3926 1567 4043 donc
1636 3926 1670 4043 il
1750 3926 1762 4043 y
1831 3926 1842 4043 a
1934 3926 1991 4043 de
2060 3926 2106 4043 la
2174 3926 2381 4043 faute
2450 3926 2495 4043 en
2599 3926 2656 4043 ce

550 4050 708 4169 qu’il
769 4050 818 4169 en
903 4050 916 4169 a
989 4050 1111 4169 fait
1172 4050 1220 4169 le
1294 4050 1391 4169 col
1464 4050 1525 4169 de
1586 4050 2001 4169 beaucoup
2074 4050 2233 4169 trop
2306 4050 2525 4169 long,
2659 4050 2659 4169 &

537 4170 654 4293 par
713 4170 1205 4293 conſequent
1252 4170 1299 4293 le
1346 4170 1533 4293 haut
1592 4170 1709 4293 des
1768 4170 2131 4293 eſpaules,
2166 4170 2272 4293 les
2319 4170 2659 4293 aixelles,

597 4293 609 4411 &
668 4293 763 4411 les
869 4293 1331 4411 mammelles
1402 4293 1556 4411 trop
1639 4293 1935 4411 baſſes.
2101 4293 2278 4411 Dont
2338 4293 2385 4411 la
2456 4293 2669 4411 faute

544 4417 929 4511 touchant
995 4417 1038 4511 la
1137 4417 1412 4511 meſure
1489 4417 1544 4511 du
1642 4417 1741 4511 col
1818 4417 1906 4511 eſt
1972 4417 2191 4511 toute
2257 4417 2664 4511 evidente,

550 4540 599 4663 en
686 4540 698 4663 y
747 4540 1079 4663 prenant
1141 4540 1350 4663 garde
1423 4540 1485 4663 de
1546 4540 1743 4663 pres.
1854 4540 1952 4663 Car
1989 4540 2346 4663 l’eſpace,
2407 4540 2518 4663 qui
2580 4540 2653 4663 eſt

562 4662 813 4787 depuis
873 4662 933 4787 le
993 4662 1172 4787 haut
1268 4662 1375 4787 des
1447 4662 1782 4787 eſpaules
1841 4662 2176 4787 juſqu’au
2272 4662 2523 4787 mollet
2595 4662 2654 4787 de

536 4781 897 4903 l’oreille,
967 4781 1048 4903 eſt
1106 4781 1374 4903 autant
1444 4781 1502 4903 ou
1595 4781 1805 4903 plus,
1886 4781 2014 4903 que
2084 4781 2434 4903 l’entiere
2492 4781 2655 4903 lon-

566 4903 790 5044 gueur
849 4903 920 5044 de
967 4903 1003 5044 la
1062 4903 1262 5044 face:
1345 4903 1392 5044 ce
1463 4903 1581 5044 qui
1628 4903 1699 5044 ne
1758 4903 1935 5044 peut
1982 4903 2431 5044 nullement
2490 4903 2655 5044 con-

542 5040 782 5124 ſiſter.

688 5127 910 5278 Apres
959 5127 995 5278 il
1057 5127 1069 5278 y
1131 5127 1180 5278 en
1253 5127 1253 5278 a
1327 5127 1597 5278 encore
1659 5127 1831 5278 une,
1892 5127 1941 5278 en
2027 5127 2076 5278 ce
2150 5127 2297 5278 qu’il
2371 5127 2371 5278 a
2445 5127 2653 5278 placé

533 5270 593 5396 le
641 5270 834 5396 bout
906 5270 1003 5396 des
1063 5270 1280 5396 feſſes
1340 5270 1497 5396 trop
1557 5270 1774 5396 haut,
1834 5270 1882 5396 en
1954 5270 2147 5396 ſorte
2220 5270 2533 5396 qu’elles
2581 5270 2653 5396 ne

536 5392 697 5526 ſont
778 5392 997 5526 guere
1066 5392 1757 5526 proportionnées
1837 5392 1884 5526 en
1987 5392 2356 5526 grandeur
2413 5392 2425 5526 à
2482 5392 2655 5526 tout

540 5516 601 5644 le
650 5516 833 5644 reſte
918 5516 979 5644 de
1040 5516 1077 5644 la
1163 5516 1578 5644 perſonne.
1700 5516 1871 5644 Pour
1932 5516 2262 5644 corriger
2311 5516 2347 5644 la
2421 5516 2665 5644 faute,

541 5645 578 5766 il
626 5645 711 5766 eſt
760 5645 1221 5766 neceſſaire,
1282 5645 1403 5766 que
1452 5645 1816 5766 l’endroit
1889 5645 1938 5766 du
1998 5645 2484 5766 fondement
2532 5645 2666 5766 ſoit

556 5762 904 5894 ordonné
952 5762 1120 5894 plus
1168 5762 1323 5894 bas,
1383 5762 1683 5894 comme
1731 5762 1755 5894 il
1815 5762 1899 5894 eſt
1982 5762 2282 5894 monſtré
2342 5762 2450 5894 par
2498 5762 2534 5894 la
2594 5762 2665 5894 li-

568 5885 688 6017 gne
784 5885 820 6017 O.
964 5885 1012 6017 Or
1084 5885 1144 6017 de
1203 5885 1395 6017 ceſte
1479 5885 1731 6017 meſme
1791 5885 2006 6017 faute
2066 5885 2102 6017 il
2174 5885 2222 6017 en
2306 5885 2653 6017 procede

561 6007 877 6151 encores
958 6007 1344 6151 quelques
1415 6007 1672 6151 autres
1730 6007 1742 6151 à
1801 6007 2163 6151 l’endroit
2233 6007 2292 6151 du
2397 6007 2655 6151 muſcle

564 6144 626 6234 de
676 6144 726 6234 la
788 6144 1037 6234 cuiſſe.

695 6234 743 6378 La
815 6234 1200 6378 troiſieme
1284 6234 1525 6378 erreur
1609 6234 1921 6378 conſiſte
1994 6234 2042 6378 en
2138 6234 2198 6378 ce
2282 6234 2439 6378 qu’il
2535 6234 2655 6378 met

547 6377 595 6508 la
654 6377 880 6508 partie
928 6377 1381 6508 ſuperieure
1452 6377 1500 6508 du
1595 6377 1821 6508 genou
1904 6377 2059 6508 trop
2119 6377 2381 6508 haute.
2488 6377 2655 6508 Dont

557 6500 854 6627 s’enſuit
929 6500 1078 6627 qu’il
1127 6500 1239 6627 fait
1288 6500 1326 6627 la
1400 6500 1611 6627 cuiſſe
1673 6500 1834 6627 trop
1921 6500 2219 6627 courte,
2318 6500 2331 6627 &
2368 6500 2417 6627 la
2479 6500 2665 6627 jam-

561 6623 631 6752 be
689 6623 853 6752 trop
900 6623 1216 6752 longue,
1251 6623 1683 6752 attribuant
1754 6623 1941 6752 quaſi
1987 6623 2128 6752 une
2210 6623 2455 6752 meſme
2502 6623 2666 6752 lon-

576 6748 796 6879 gueur
845 6748 857 6879 à
906 6748 1101 6879 l’une
1211 6748 1211 6879 &
1260 6748 1273 6879 à
1334 6748 1651 6879 l’autre;
1737 6748 1786 6879 ce
1871 6748 1993 6879 qui
2067 6748 2140 6879 eſt
2226 6748 2482 6879 contre
2555 6748 2678 6879 na-

2856 357 3072 495 ture.
3198 357 3300 495 Car
3351 357 3389 495 la
3452 357 3668 495 cuiſſe
3731 357 3820 495 eſt
3871 357 4023 495 plus
4074 357 4403 495 longue;
4467 357 4530 495 de
4581 357 4771 495 ſorte
4847 357 4974 495 que

2850 496 2900 618 le
2975 496 3351 618 ſurgenou
3451 496 3588 618 doit
3663 496 3851 618 eſtre
3901 496 4101 618 placé
4151 496 4164 618 à
4214 496 4589 618 l’endroit
4677 496 4739 618 de
4802 496 4839 618 la
4915 496 4977 618 li-

2863 620 2988 745 gne
3064 620 3101 745 S;
3202 620 3214 745 &
3265 620 3378 745 par
3441 620 3943 745 conſequent
3993 620 4156 745 auſſi
4194 620 4244 745 le
4320 620 4546 745 genou
4608 620 4772 745 plus
4822 620 4973 745 bas,

2847 741 2963 866 afin
3055 741 3182 866 que
3228 741 3263 866 la
3332 741 3552 866 greve
3621 741 3667 866 en
3736 741 3864 866 ſoit
3921 741 4372 866 accourcie.

3004 865 3064 987 Au
3137 865 3330 987 reſte
3378 865 3475 987 s’il
3523 865 3535 987 y
3596 865 3596 987 a
3680 865 4018 987 quelque
4078 865 4537 987 difference,
4597 865 4658 987 ou
4742 865 4972 987 abus,

2858 989 2905 1109 en
2988 989 3048 1109 ce
3119 989 3226 1109 qui
3273 989 3559 1109 touche
3606 989 3654 1109 le
3737 989 3974 1109 mollet
4045 989 4105 1109 de
4152 989 4200 1109 la
4247 989 4544 1109 jambe,
4592 989 4722 1109 celà
4770 989 4972 1109 n’im-

2850 1113 3066 1233 porte
3114 1113 3330 1233 point
3390 1113 3619 1233 grand
3679 1113 3931 1233 choſe.

3026 1232 3159 1355 Mais
3232 1232 3377 1355 bien
3474 1232 3632 1355 plus
3704 1232 3983 1355 grande
4068 1232 4153 1355 eſt
4213 1232 4250 1355 la
4322 1232 4528 1355 faute
4601 1232 4977 1355 commiſe

2851 1356 2899 1478 en
2960 1356 3540 1478 l’ordonnance
3600 1356 3673 1478 de
3709 1356 3758 1478 la
3806 1356 4205 1478 longueur
4277 1356 4326 1478 du
4398 1356 4604 1478 pied;
4664 1356 4713 1478 le
4797 1356 4966 1478 quel

2836 1476 2861 1603 il
2911 1476 2924 1603 a
2999 1476 3111 1603 fait
3174 1476 3374 1603 quaſi
3437 1476 3599 1603 auſſi
3662 1476 3875 1603 grand
3937 1476 4075 1603 que
4112 1476 4237 1603 l’os
4312 1476 4363 1603 de
4413 1476 4450 1603 la
4525 1476 4738 1603 greve
4800 1476 4963 1603 tout

2848 1602 3112 1721 entier;
3172 1602 3424 1721 jaçoit
3484 1602 3639 1721 qu’il
3711 1602 3783 1721 ne
3855 1602 4059 1721 deuſt
4119 1602 4298 1721 eſtre
4370 1602 4502 1721 que
4586 1602 4646 1721 de
4718 1602 4754 1721 la
4814 1602 4969 1721 lon-

2856 1723 3083 1841 gueur
3143 1723 3203 1841 de
3250 1723 3298 1841 la
3358 1723 3573 1841 teſte.
3645 1723 3944 1841 comme
3991 1723 4027 1841 il
4087 1723 4171 1841 eſt
4242 1723 4553 1841 monſtré
4625 1723 4672 1841 en
4732 1723 4768 1841 la
4852 1723 4959 1841 Ta-

2835 1849 2941 1965 ble
3000 1849 3528 1965 precedente.

2988 1965 3384 2089 Touchant
3432 1965 3480 2089 le
3540 1965 3732 2089 bras,
3780 1965 3888 2089 qui
3948 1965 4032 2089 eſt
4104 1965 4560 2089 repreſenté
4632 1965 4955 2089 derriere

2832 2089 2881 2213 le
2955 2089 3066 2213 dos
3140 2089 3202 2213 de
3251 2089 3288 2213 la
3350 2089 3621 2213 figure,
3658 2089 3695 2213 il
3745 2089 3757 2213 y
3819 2089 3831 2213 a
3880 2089 4028 2213 une
4090 2089 4361 2213 grande
4423 2089 4620 2213 faute
4694 2089 4743 2213 en
4805 2089 4965 2213 l’or-

2851 2209 3251 2316 donnance
3331 2209 3400 2316 de
3457 2209 3503 2316 la
3605 2209 3811 2316 main.
3937 2209 4039 2316 Car
4097 2209 4394 2316 ſuivant
4462 2209 4553 2316 les
4645 2209 4953 2316 demon-

2834 2331 3206 2459 ſtrations
3268 2331 3318 2459 du
3429 2331 3665 2459 Cercle
3740 2331 3802 2459 cy
3876 2331 4112 2459 deſſus
4174 2331 4671 2459 expliquées,
4708 2331 4745 2459 la
4795 2331 4956 2459 lon-

2855 2457 3083 2581 gueur
3143 2457 3419 2581 d’icelle
3467 2457 3551 2581 ne
3623 2457 3875 2581 devoit
3935 2457 4151 2581 eſtre,
4223 2457 4344 2581 que
4428 2457 4488 2581 de
4548 2457 4596 2581 la
4644 2457 4956 2581 largeur

2846 2580 2896 2704 du
2997 2580 3274 2704 viſage,
3363 2580 3463 2704 qui
3526 2580 3615 2704 eſt
3703 2580 3892 2704 egale
3967 2580 3967 2704 à
4043 2580 4081 2704 la
4182 2580 4421 2704 moitié
4509 2580 4648 2704 des,
4698 2580 4963 2704 coſtez

2847 2702 2961 2825 des
3049 2702 3607 2825 Quadrangles.
3683 2702 4026 2825 Laquelle
4089 2702 4545 2825 proportion
4609 2702 4634 2825 il
4698 2702 4964 2825 devoit

2832 2826 3027 2945 avoir
3089 2826 3370 2945 ſuivie,
3480 2826 3480 2945 &
3541 2826 3615 2945 ne
3664 2826 3810 2945 fuſt
3859 2826 4080 2945 point
4128 2826 4263 2945 treſ
4312 2826 4557 2945 buché
4630 2826 4679 2945 en
4765 2826 4948 2945 ceſte

2816 2948 3090 3050 lourde
3147 2948 3353 3050 faute
3421 2948 3490 3050 de
3570 2948 3866 3050 mettre,
3946 2948 4243 3050 comme
4300 2948 4335 3050 il
4392 2948 4403 3050 a
4472 2948 4631 3050 fait,
4677 2948 4711 3050 la
4791 2948 4951 3050 lon-

2843 3071 3073 3193 gueur
3134 3071 3195 3193 de
3243 3071 3292 3193 la
3376 3071 3522 3193 main
3607 3071 3800 3193 quaſi
3849 3071 4006 3193 tout
4067 3071 4225 3193 auſſi
4285 3071 4588 3193 grande,
4649 3071 4770 3193 que
4818 3071 4964 3193 l’in-

2827 3195 3153 3285 ferieure
3243 3195 3479 3285 moitié
3547 3195 3603 3285 du
3670 3195 3862 3285 bras.

2950 3314 3284 3435 I’eſtime
3343 3314 3474 3435 que
3534 3314 3724 3435 ceſte
3796 3314 4380 3435 confrontation
4463 3314 4964 3435 demonſtre-

2830 3439 2865 3561 ra
2948 3439 3090 3561 une
3173 3439 3445 3561 grande
3516 3439 3966 3561 excellence
4025 3439 4084 3561 en
4167 3439 4439 3561 l’uſage
4510 3439 4569 3561 de
4652 3439 4711 3561 ce
4806 3439 4960 3561 Cer-

2839 3565 2953 3681 cle,
3066 3565 3066 3681 &
3123 3565 3203 3681 ne
3248 3565 3521 3681 pourra
3590 3565 3806 3681 eſtre,
3874 3565 3999 3681 que
4045 3565 4147 3681 les
4204 3565 4761 3681 proportions,
4818 3565 4943 3681 que

2817 3682 3012 3795 nous
3081 3682 3127 3795 en
3196 3682 3438 3795 tirons
3495 3682 3680 3795 pour
3726 3682 4071 3795 l’adreſſe
4140 3682 4197 3795 de
4255 3682 4508 3795 noſtre
4566 3682 4957 3795 exercice,

2886 3802 2898 3924 e
2956 3802 3233 3924 ſoyent
3303 3802 3824 3924 grandement
3882 3802 4159 3924 priſées
4229 3802 4287 3924 de
4345 3802 4518 3924 tous
4588 3802 4773 3924 ceux
4854 3802 4958 3924 qui

2824 3924 3228 4042 voudront
3313 3924 3707 4042 examiner
3760 3924 3803 4042 la
3888 3924 4101 4042 choſe
4175 3924 4324 4042 ſans
4388 3924 4622 4042 aucun
4696 3924 4952 4042 preju-

2837 4042 3036 4168 dice.
3158 4042 3335 4168 Auſſi
3413 4042 3457 4168 en
3545 4042 3778 4168 avons
3844 4042 4032 4168 nous
4110 4042 4686 4168 communiqué
4763 4042 4940 4168 avec

2829 4164 3200 4284 pluſieurs
3293 4164 3722 4284 perſonnes
3827 4164 4221 4284 curieuſes
4372 4164 4372 4284 &
4488 4164 4941 4284 d’entende-

2841 4286 3052 4410 nent,
3111 4286 3640 4410 Anatomiſtes
3745 4286 3757 4410 &
3828 4286 4192 4410 Peintres,
4239 4286 4344 4410 qui
4391 4286 4556 4410 ſont
4603 4286 4932 4410 tombez

2889 4411 3007 4534 our
3055 4411 3102 4534 la
3149 4411 3315 4534 plus
3362 4411 3516 4534 part
3587 4411 3646 4534 de
3706 4411 3954 4534 noſtre
4025 4411 4286 4534 coſté:
4357 4411 4463 4534 par
4546 4411 4605 4534 ce
4688 4411 4818 4534 que
4889 4411 4925 4534 la

2830 4533 3054 4660 verité
3137 4533 3208 4660 de
3256 4533 3386 4660 nos
3457 4533 3965 4660 aſſignations
4013 4533 4072 4660 ſe
4119 4533 4309 4660 peut
4368 4533 4664 4660 comme
4723 4533 4936 4660 juger

2879 4658 3071 4772 l’œil,
3180 4658 3180 4772 &
3240 4658 3360 4772 par
3408 4658 3938 4772 l’experience
4022 4658 4142 4772 d’en
4214 4658 4539 4772 prendre
4587 4658 4635 4772 la
4720 4658 4936 4772 meſu-

2870 4779 2894 4907 e,
2932 4779 3254 4907 juſques
3291 4779 3328 4907 là
3415 4779 3712 4907 meſmes
3774 4779 3898 4907 que
3960 4779 4071 4907 par
4133 4779 4319 4907 ceſte
4368 4779 4604 4907 figure
4653 4779 4715 4907 ſe
4765 4779 4938 4907 peu-

2828 4905 2989 5023 vent
3057 4905 3505 5023 deſcouvrir
3631 4905 3631 5023 &
3711 4905 4044 5023 corriger
4102 4905 4205 5023 les
4274 4905 4572 5023 fautes,
4652 4905 4767 5023 qui
4825 4905 4939 5023 au-

2851 5025 2967 5139 ont
3047 5025 3174 5139 eſté
3255 5025 3658 5139 commiſes
3739 5025 3843 5139 par
3912 5025 4004 5139 les
4097 5025 4431 5139 Peintres
4512 5025 4558 5139 és
4650 5025 4938 5139 ordon-

2858 5150 3087 5273 ances
3163 5150 3217 5273 de
3261 5150 3468 5273 leurs
3534 5150 3948 5273 ouvrages.

2951 5268 3007 5387 Et
3062 5268 3230 5387 voilà
3308 5268 3364 5387 ce
3431 5268 3565 5387 que
3632 5268 3822 5387 nous
3877 5268 4112 5387 avons
4179 5268 4458 5387 trouvé
4525 5268 4648 5387 bon
4748 5268 4938 5387 d’ad-

2853 5392 3101 5516 ouſter
3151 5392 3263 5516 par
3337 5392 3573 5516 deſſus
3610 5392 4144 5516 l’explication
4219 5392 4281 5516 du
4392 5392 4690 5516 Tableau
4765 5392 4926 5516 pre-

2875 5512 3129 5641 edent,
3175 5512 3557 5641 touchant
3604 5512 3650 5641 la
3719 5512 4228 5641 convenance
4298 5512 4356 5641 de
4425 5512 4610 5641 ceſte
4680 5512 4923 5641 figure

2862 5639 2988 5760 vec
3034 5639 3080 5760 le
3148 5639 3354 5760 corps
3423 5639 3720 5760 humain
3812 5639 3858 5760 en
3949 5639 4213 5760 toutes
4281 5639 4384 5760 ſes
4442 5639 4922 5760 principales

2868 5758 3150 5881 arties:
3223 5758 3334 5881 afin
3432 5758 3591 5881 qu’il
3652 5758 3970 5881 paroiſſe
4056 5758 4387 5881 d’autant
4448 5758 4607 5881 plus
4680 5758 4938 5881 claire-

2838 5881 3054 5994 nent,
3122 5881 3518 5994 comment
3574 5881 3699 5994 elle
3767 5881 3959 5994 nous
4039 5881 4175 5994 doit
4243 5881 4469 5994 ſervir
4537 5881 4741 5994 d’une
4820 5881 4922 5994 de-

2842 6004 3177 6130 ineation
3261 6004 3309 6130 du
3404 6004 3751 6130 Terrain,
3799 6004 3859 6130 ou
3942 6004 4002 6130 du
4098 6004 4217 6130 Plan
4313 6004 4684 6130 d’Armes,
4744 6004 4923 6130 pour

2841 6128 3169 6246 leclarer
3216 6128 3485 6246 toutes
3532 6128 3626 6246 les
3685 6128 4200 6246 proportions
4282 6128 4399 6246 des
4505 6128 4927 6246 Diſtances,

2871 6249 2883 6376 &
2946 6249 3673 6376 conſequemment
3723 6249 3898 6376 auſſi
3948 6249 4450 6376 l’aſſeurance
4537 6249 4625 6376 d’y
4700 6249 4926 6376 appli-

2837 6375 2994 6499 quer
3038 6375 3139 6499 les
3228 6375 3774 6499 mouvements
3853 6375 4455 6499 convenables;
4522 6375 4689 6499 ainſi
4778 6375 4912 6499 que

2832 6497 3052 6623 ceux,
3113 6497 3223 6623 qui
3272 6497 3713 6623 prendront
3774 6497 3823 6623 la
3884 6497 4105 6623 peine
4190 6497 4252 6623 de
4313 6497 4484 6623 faire
4570 6497 4913 6623 quelque

2829 6616 3077 6757 eſpace
3148 6616 3207 6757 de
3254 6616 3513 6757 temps
3549 6616 3749 6757 leurs
3820 6616 4221 6757 exercices
4280 6616 4563 6757 deſſus,
4610 6616 4657 6757 le
4716 6616 4917 6757 trou-

2832 6744 3089 6882 veront
3150 6744 3199 6882 en
3285 6744 3505 6882 effe
3603 6744 3615 6882 &
3664 6744 3848 6882 avec
3897 6744 4411 6882 admiration.

4745 6841 4921 6961 LES
