5442 7366
714 696 873 781 LES
1018 696 1394 781 IVSTES
1596 696 2074 781 MESVRES
2248 696 2334 781 DE
2494 696 2595 781 LA

797 817 983 936 Garde,
1053 817 1088 936 de
1146 817 1181 936 la
1251 817 1495 936 Poignee,
1693 817 1728 936 du
1798 817 2101 936 Pommeau,
2159 817 2194 936 du
2264 817 2497 936 Pendant
2555 817 2579 936 de

767 945 970 1064 l’eſpee,
1066 945 1066 1064 &
1137 945 1173 1064 du
1233 945 1543 1064 Ceinturon,
1603 945 1937 1064 demonſtrées
1985 945 2068 1064 par
2116 945 2271 1064 noſtre
2331 945 2581 1064 Cercle,

826 1075 826 1191 &
871 1075 1189 1191 rapportées
1246 1075 1280 1191 au
1337 1075 1484 1191 corps
1541 1075 1575 1191 de
1620 1075 1654 1191 la
1722 1075 2006 1191 perſonne,
2051 1075 2085 1191 où
2154 1075 2267 1191 elles
2312 1075 2415 1191 font
2483 1075 2585 1191 voir

776 1201 881 1318 leur
928 1201 1209 1318 perfection
1279 1201 1373 1318 par
1431 1201 1466 1318 la
1513 1201 1806 1318 bienſeance
1864 1201 1899 1318 du
1958 1201 2098 1318 port,
2192 1201 2192 1318 &
2250 1201 2332 1318 par
2367 1201 2402 1318 la
2461 1201 2578 1318 com-

795 1329 966 1440 modité
1027 1329 1051 1440 de
1100 1329 1393 1440 l’uſage.

2862 340 3059 474 pour
3098 340 3334 474 faire,
3373 340 3425 474 je
3478 340 3556 474 ne
3608 340 3779 474 ſçay
3844 340 4093 474 quelle
4145 340 4420 474 parade
4499 340 4551 474 de
4617 340 4983 474 courage,

2870 472 2933 593 ou
2996 472 3336 593 pluſtoſt
3399 472 3462 593 de
3538 472 3991 593 couardiſe,
4054 472 4244 593 ſelon
4319 472 4370 593 le
4445 472 4836 593 proverbe
4937 472 4987 593 E-

2858 591 3178 732 pagnol,
3252 591 3362 732 qui
3424 591 3534 732 dit,
3608 591 3841 732 Cargado
3915 591 3940 732 de
4001 591 4198 732 hierro,
4247 591 4480 732 cargado
4542 591 4567 732 de
4628 591 4800 732 miedo.
4923 591 4972 732 La

2868 722 3107 853 forme
3179 722 3310 853 que
3358 722 3561 853 nous
3609 722 3729 853 luy
3812 722 4171 853 donnons
4255 722 4338 853 eſt
4398 722 4661 853 ſimple
4792 722 4792 853 &
4864 722 4996 853 ho-

2858 853 3112 956 neſte,
3215 853 3469 956 meſme
3550 853 3596 956 en
3676 853 3711 956 la
3803 853 4345 956 converſation
4437 853 4702 956 civile;
4829 853 4829 956 &
4910 853 4979 956 ne

2860 967 3061 1101 laiſſe
3112 967 3489 1101 pourtant
3577 967 3829 1101 d’eſtre
3892 967 3942 1101 du
4030 967 4194 1101 tout
4256 967 4646 1101 ſuffiſante
4697 967 4697 1101 à
4760 967 4797 1101 la
4885 967 4999 1101 de-

2864 1112 3115 1200 fenſe.

3018 1219 3247 1354 Apres
3285 1219 3336 1354 la
3412 1219 3857 1354 deſcription
3946 1219 4010 1354 de
4073 1219 4264 1354 ceſte
4315 1219 4594 1354 forme,
4645 1219 4683 1354 il
4734 1219 4823 1354 eſt
4874 1219 5001 1354 rai-

2859 1345 3231 1479 ſonnable
3304 1345 3424 1479 d’en
3508 1345 3917 1479 expliquer
3977 1345 4145 1479 auſſi
4181 1345 4278 1479 les
4326 1345 4614 1479 raiſons
4674 1345 4795 1479 des
4867 1345 4999 1479 me-

2870 1477 3098 1605 ſures,
3146 1477 3338 1605 pour
3410 1477 3902 1605 demonſtrer
3950 1477 3986 1605 ſa
4046 1477 4526 1605 perfeion.

3013 1600 3063 1735 La
3136 1600 3543 1735 longueur
3629 1600 3678 1735 du
3789 1600 4183 1735 Pommeau
4269 1600 4454 1735 avec
4503 1600 4540 1735 la
4627 1600 4984 1735 Poignee,

2873 1724 3060 1859 nous
3110 1724 3398 1859 l’avons
3448 1724 3623 1859 faite
3698 1724 3898 1859 egale
3948 1724 3960 1859 à
4010 1724 4048 1859 la
4110 1724 4310 1859 ligne
4398 1724 4460 1859 de
4523 1724 4985 1859 l’Eſquierre

2883 1849 3156 1987 depuis
3195 1849 3247 1987 le
3312 1849 3507 1987 coſté
3572 1849 3624 1987 du
3754 1849 4236 1987 Quadrangle
4301 1849 4626 1987 juſques
4678 1849 4743 1987 au
4834 1849 5003 1987 cen-

2876 1976 3000 2111 tre,
3075 1976 3187 2111 qui
3237 1976 3324 2111 eſt
3373 1976 3411 2111 la
3460 1976 3659 2111 juſte
3709 1976 4107 2111 longueur
4182 1976 4380 2111 d’une
4455 1976 4654 2111 main.
4753 1976 4915 2111 dont
4965 1976 5002 2111 il

2871 2101 3021 2233 faut
3079 2101 3137 2233 un
3218 2101 3334 2233 peu
3450 2101 3681 2233 moins
3762 2101 3890 2233 que
3959 2101 3994 2233 la
4098 2101 4341 2233 moitié
4411 2101 4608 2233 pour
4665 2101 4723 2233 le
4804 2101 5001 2233 Pom-

2895 2227 3120 2358 meau,
3176 2227 3232 2358 en
3300 2227 3491 2358 ſorte
3559 2227 3694 2358 que
3750 2227 3807 2358 le
3874 2227 4066 2358 reſte
4133 2227 4178 2358 en
4279 2227 4651 2358 demeure
4696 2227 4764 2358 un
4854 2227 4978 2358 peu

2884 2345 3316 2487 davantage
3376 2345 3651 2487 qu’une
3699 2345 4047 2487 paulme;
4119 2345 4226 2487 qui
4274 2345 4358 2487 eſt
4418 2345 4550 2487 une
4598 2345 4802 2487 juſte
4874 2345 4993 2487 me-

2863 2475 3019 2612 ſure
3091 2475 3151 2612 de
3199 2475 3235 2612 la
3308 2475 3524 2612 garde
3572 2475 3765 2612 pour
3825 2475 3993 2612 eſtre
4065 2475 4571 2612 empoignée,
4619 2475 4655 2612 en
4727 2475 5004 2612 toutes

2862 2597 3100 2739 ſortes
3172 2597 3362 2739 qu’on
3445 2597 3779 2739 voudra,
3886 2597 3886 2739 &
3946 2597 4624 2739 principalement
4672 2597 4684 2739 à
4743 2597 4993 2739 noſtre

2898 2725 3132 2861 mode.
3261 2725 3308 2861 Et
3366 2725 3413 2861 en
3495 2725 3846 2861 procede
3893 2725 3928 2861 la
3998 2725 4501 2861 commodité
4583 2725 4642 2861 de
4724 2725 4782 2861 ce
4864 2725 4993 2861 que

2862 2844 3006 2986 une
3066 2844 3234 2986 telle
3282 2844 3690 2986 longueur
3750 2844 3834 2986 eſt
3882 2844 4326 2986 juſtement
4409 2844 4721 2986 capable
4793 2844 4853 2986 de
4901 2844 5009 2986 lo-

2876 2977 2991 3112 ger
3043 2977 3094 3112 le
3145 2977 3390 3112 poing
3454 2977 3518 3112 de
3569 2977 3608 3112 la
3672 2977 4122 3112 perſonne,
4212 2977 4315 3112 qui
4392 2977 4482 3112 eſt
4546 2977 4546 3112 à
4623 2977 4752 3112 peu
4842 2977 5009 3112 pres

2875 3118 3031 3239 egal
3079 3118 3091 3239 à
3151 3118 3282 3239 une
3342 3118 3677 3239 paulme.

2981 3217 3031 3343 La
3144 3217 3357 3343 Garde
3432 3217 3570 3343 doit
3621 3217 3796 3343 auſſi
3846 3217 4047 3343 avoir
4097 3217 4134 3343 ſa
4185 3217 4385 3343 juſte
4435 3217 4836 3343 longueur
4899 3217 5012 3343 de-

2859 3341 3027 3487 puis
3111 3341 3207 3487 les
3303 3341 3699 3487 branches
3771 3341 3819 3487 en
3915 3341 4203 3487 avant,
4275 3341 4599 3487 aſſavoir
4683 3341 4719 3487 la
4803 3341 4995 3487 juſte

2898 3476 3130 3608 moitié
3204 3476 3265 3608 de
3314 3476 3350 3608 la
3412 3476 3815 3608 longueur
3864 3476 4402 3608 precedente.
4487 3476 4548 3608 Ce
4622 3476 4732 3608 qui
4780 3476 5000 3608 appa-

2864 3591 3121 3717 roiſtra
3176 3591 3288 3717 par
3355 3591 3834 3717 experience
3900 3591 3945 3717 en
4012 3591 4279 3717 noſtre
4335 3591 4736 3717 exercice,
4814 3591 4992 3717 quãd

2854 3714 2889 3831 il
2937 3714 3079 3831 ſera
3150 3714 3494 3831 queſtion
3577 3714 3636 3831 de
3695 3714 3980 3831 fermer
4015 3714 4063 3831 la
4146 3714 4383 3831 droite
4442 3714 4691 3831 ligne,
4774 3714 4821 3831 en
4892 3714 5011 3831 pa-

2860 3828 3025 3963 rant
3130 3828 3142 3963 &
3189 3828 3529 3963 bleſſant
3576 3828 3752 3963 tout
3823 3828 3823 3963 à
3928 3828 4187 3963 meſme
4245 3828 4539 3963 temps,
4586 3828 4738 3963 ſans
4797 3828 4996 3963 forli-

2873 3950 3043 4088 gner
3110 3950 3178 4088 de
3223 3950 3268 4088 la
3347 3950 3573 4088 main,
3618 3950 3787 4088 prou
3855 3950 3934 4088 ne
3990 3950 4182 4088 peu;
4250 3950 4340 4088 car
4419 3950 4475 4088 en
4577 3950 4667 4088 cas
4757 3950 4881 4088 que
4949 3950 4994 4088 la

2878 4084 3091 4206 garde
3162 4084 3245 4206 ait
3327 4084 3516 4206 ceſte
3599 4084 4036 4206 cõpetente
4119 4084 4391 4206 meſure
4462 4084 4521 4206 de
4568 4084 5005 4206 longueur,

2878 4201 2996 4333 elle
3067 4201 3079 4333 y
3126 4201 3268 4333 ſera
3339 4201 3706 4333 capable,
3813 4201 3825 4333 &
3872 4201 4334 4333 autrement
4405 4201 4654 4333 point.

3003 4324 3072 4433 Le
3153 4324 3407 4433 meſme
3476 4324 3522 4433 en
3592 4324 3730 4433 ſera
3788 4324 4180 4433 touchant
4226 4324 4330 4433 les
4411 4324 4780 4433 Branches
4838 4324 4907 4433 de
4953 4324 4987 4433 la

2880 4448 3106 4583 croix.
3181 4448 3658 4583 leſquelles,
3721 4448 3759 4583 ſi
3834 4448 3997 4583 elles
4085 4448 4487 4583 defaillent
4574 4448 4625 4583 de
4700 4448 4738 4583 la
4800 4448 5001 4583 juſte

2863 4571 3330 4702 proportion
3421 4571 3478 4702 de
3523 4571 3694 4702 leur
3762 4571 4081 4702 meſure,
4126 4571 4172 4702 en
4240 4571 4501 4702 ſeront
4547 4571 5013 4702 incommo-

2900 4704 3061 4826 dées
3172 4704 3172 4826 &
3246 4704 3741 4826 defaillantes
3803 4704 3840 4826 en
3914 4704 4075 4826 leur
4125 4704 4508 4826 principal
4558 4704 4817 4826 uſage;
4892 4704 5003 4826 qui

2885 4829 2968 4945 eſt
3040 4829 3099 4945 de
3159 4829 3682 4945 ſurprendre,
3753 4829 4027 4945 ſerrer,
4158 4829 4158 4945 &
4229 4829 4729 4945 contraindre
4800 4829 4836 4945 la
4919 4829 5003 4945 la-

2900 4955 2981 5073 me
3050 4955 3428 5073 contraire
3474 4955 3486 5073 à
3543 4955 3715 5073 faire
3796 4955 3899 5073 des
3968 4955 4232 5073 grands
4312 4955 4875 5073 mouvements
5001 4955 5013 5073 &

2896 5078 3005 5200 des
3066 5078 3334 5200 grands
3395 5078 3712 5200 circuits
3760 5078 3760 5200 à
3833 5078 4174 5200 l’entour
4235 5078 4308 5200 de
4357 5078 4393 5200 la
4466 5078 4734 5200 garde.
4893 5078 5002 5200 Car

2872 5205 3040 5323 ainſi
3112 5205 3244 5323 que
3292 5205 3388 5323 les
3436 5205 3832 5323 remparts
3892 5205 4096 5323 d’une
4156 5205 4313 5323 ville
4361 5205 4445 5323 ne
4517 5205 4829 5323 doivent
4889 5205 4997 5323 pas

2870 5329 3382 5447 ſimplement
3443 5329 3907 5447 empeſcher
3956 5329 4054 5447 les
4103 5329 4384 5447 aſſauts
4445 5329 4555 5447 des
4652 5329 4994 5447 Ennemis

2872 5444 2989 5581 par
3035 5444 3514 5581 l’entremiſe
3584 5444 3643 5581 de
3690 5444 3853 5581 leur
3935 5444 4461 5581 corpulence,
4554 5444 4706 5581 mais
4776 5444 5010 5581 beau-

2889 5578 3073 5697 coup
3146 5578 3317 5697 plus
3379 5578 3501 5697 par
3574 5578 3672 5697 les
3758 5578 4113 5697 defenſes
4186 5578 4651 5697 offenſives,
4737 5578 4847 5697 qui
4909 5578 5006 5697 les

2877 5700 3223 5826 puiſſent
3271 5700 3676 5826 rembarer
3783 5700 3795 5826 &
3843 5700 4248 5826 renverſer
4308 5700 4415 5826 par
4475 5700 4689 5826 terre;
4737 5700 4916 5826 ainſi
4951 5700 4999 5826 la

2891 5824 3156 5949 garde,
3220 5824 3333 5949 qui
3384 5824 3472 5949 eſt
3523 5824 3573 5949 le
3636 5824 3977 5949 rempart
4040 5824 4103 5949 de
4154 5824 4192 5949 la
4255 5824 4672 5949 perſonne,
4722 5824 4773 5949 ſe
4861 5824 5000 5949 doit

2878 5945 3277 6079 prevaloir
3324 5945 4004 6079 principalement
4074 5945 4133 6079 de
4180 5945 4286 6079 ſes
4344 5945 4731 6079 branches
4813 5945 5001 6079 pour

2894 6073 3444 6201 contreminer
3493 6073 4043 6201 l’Adverſaire,
4104 6073 4263 6201 auſſi
4312 6073 4459 6201 bien
4544 6073 4813 6201 qu’elle
4874 6073 4997 6201 fait

2883 6194 3020 6330 une
3083 6194 3332 6330 ſimple
3407 6194 3744 6330 defenſe,
3857 6194 3857 6330 &
3919 6194 4181 6330 parade
4244 6194 4294 6330 en
4369 6194 4618 6330 forme
4706 6194 5005 6330 d’eſcuſ-

2878 6322 3050 6457 ſon,
3118 6322 3382 6457 entant
3462 6322 3588 6457 que
3634 6322 3692 6457 le
3760 6322 3967 6457 corps
4024 6322 4139 6457 s’en
4207 6322 4391 6457 peut
4448 6322 4998 6457 aucunement

2904 6454 3228 6562 couvrir,
3295 6454 3351 6562 ou
3418 6454 3463 6562 ſe
3530 6454 3798 6562 cacher
3854 6454 4212 6562 derriere.

3049 6569 3224 6708 Voilà
3299 6569 3474 6708 donc
3537 6569 3812 6708 juſqu’à
3900 6569 4363 6708 maintenant
4426 6569 4526 6708 les
4601 6569 4877 6708 vrayes
5002 6569 5002 6708 &

2890 6696 2989 6835 les
3051 6696 3213 6835 plus
3288 6696 3860 6835 avantageuſes
3959 6696 4270 6835 meſures
4357 6696 4419 6835 de
4481 6696 4829 6835 l’Eſpee;
4892 6696 5016 6835 leſ-

2912 6820 3205 6961 quelles
3264 6820 3487 6961 eſtant
3546 6820 3992 6961 achevées,
4051 6820 4250 6961 nous
4297 6820 4767 6961 traitterons
4849 6820 5013 6961 con-

4641 6954 5009 7073 ſequem-

1069 1467 1500 1603 Aintenant
1563 1467 1727 1603 puis
1816 1467 1981 1603 qu’il
2069 1467 2145 1603 eſt
2221 1467 2715 1603 neceſſaire,

1054 1591 1182 1730 que
1233 1591 1527 1730 l’Eſpee
1617 1591 1872 1730 meſme
1923 1591 2013 1730 ait
2064 1591 2230 1730 auſſi
2281 1591 2332 1730 ſa
2383 1591 2716 1730 propor-

1035 1718 1241 1857 tion,
1313 1718 1422 1857 qui
1482 1718 2014 1857 correſponde
2075 1718 2123 1857 au
2232 1718 2438 1857 corps
2522 1718 2583 1857 de
2655 1718 2692 1857 la

1042 1845 1472 1982 perſonne,
1580 1845 1580 1982 &
1640 1845 1688 1982 au
1807 1845 2046 1982 Cercle
2094 1845 2465 1982 (comme
2512 1845 2716 1982 nous

557 1967 862 2109 l’avons
948 1967 1118 2109 deſia
1191 1967 1313 2109 fait
1386 1967 1764 2109 paroiſtre
1838 1967 1899 2109 au
2033 1967 2350 2109 Tableau
2435 1967 2703 2109 prece-

586 2094 746 2234 dent
832 2094 1017 2234 pour
1066 2094 1115 2234 le
1177 2094 1448 2234 regard
1534 2094 1595 2234 de
1657 2094 1706 2234 la
1780 2094 2039 2234 lame)
2100 2094 2297 2234 nous
2371 2094 2716 2234 pourſui-

566 2219 796 2345 vrons
842 2219 854 2345 à
923 2219 1107 2345 ceſte
1176 2219 1417 2345 heure
1486 2219 1498 2345 à
1590 2219 1636 2345 en
1739 2219 2234 2345 demonſtrer
2303 2219 2475 2345 auſſi
2510 2219 2567 2345 le
2625 2219 2717 2345 re-

555 2348 682 2489 ſte;
740 2348 855 2489 afin
948 2348 1144 2489 qu’on
1225 2348 1456 2489 voye,
1491 2348 1653 2489 tant
1710 2348 1757 2489 en
1826 2348 1872 2489 la
1976 2348 2230 2489 Garde,
2277 2348 2589 2489 comme
2635 2348 2693 2489 au

593 2474 1053 2613 Ceinturon,
1150 2474 1150 2613 &
1211 2474 1272 2613 au
1369 2474 1708 2613 Pendant
1769 2474 2108 2613 d’Eſpee,
2157 2474 2290 2613 que
2339 2474 2533 2613 nous
2581 2474 2715 2613 n’a-

565 2603 746 2740 vons
802 2603 1210 2740 introduit
1278 2603 1516 2740 aucun
1618 2603 2161 2740 changement
2263 2603 2308 2740 du
2444 2603 2704 2740 monde

557 2724 718 2855 ſans
775 2724 994 2855 raiſon
1062 2724 1189 2855 non
1292 2724 1522 2855 moins
1591 2724 2004 2855 evidente,
2073 2724 2199 2855 que
2268 2724 2589 2855 grande.

732 2768 780 2991 Or
851 2768 1029 2991 donc
1112 2768 1338 2991 voicy
1409 2768 1539 2991 que
1611 2768 1800 2991 nous
1884 2768 2062 2991 vous
2133 2768 2703 2991 repreſentons

556 2977 593 3116 la
655 2977 904 3116 forme
978 2977 1264 3116 entiere
1338 2977 1400 3116 de
1450 2977 1487 3116 la
1599 2977 1872 3116 Garde,
1996 2977 2008 3116 &
2095 2977 2157 3116 de
2219 2977 2257 3116 la
2343 2977 2703 3116 Poignee,

567 3101 966 3238 enſemble
1025 3101 1201 3238 avec
1248 3101 1306 3238 le
1389 3101 1870 3238 Pommeau,
1917 3101 1976 3238 au
2081 3101 2375 3238 dedans
2445 3101 2516 3238 de
2598 3101 2704 3238 ces

579 3228 773 3363 deux
877 3228 1420 3363 Quadrangles
1472 3228 1886 3363 oppoſites
1925 3228 2029 3363 ſur
2080 3228 2119 3363 la
2171 3228 2585 3363 longueur
2650 3228 2714 3363 de

553 3351 1087 3485 l’Eſquierre:
1163 3351 1507 3485 laquelle
1583 3351 1799 3485 piece
1863 3351 1926 3485 on
2003 3351 2015 3485 y
2092 3351 2232 3485 voit
2295 3351 2473 3485 eſtre
2549 3351 2715 3485 divi-

551 3480 669 3608 ſée
751 3480 798 3608 en
869 3480 1057 3608 trois
1128 3480 1469 3608 parties.
1598 3480 1692 3608 car
1763 3480 2410 3608 premierement
2492 3480 2610 3608 elle
2692 3480 2704 3608 y

572 3604 663 3728 eſt
743 3604 1153 3728 my-partie
1222 3604 1267 3728 en
1381 3604 1564 3728 deux
1655 3604 1951 3728 moitiez
2031 3604 2282 3728 egales
2339 3604 2339 3728 à
2396 3604 2704 3728 travers

554 3720 600 3839 le
668 3720 931 3839 centre
1000 3720 1057 3839 du
1183 3720 1709 3839 Quadrangle;
1823 3720 1823 3839 &
1880 3720 2040 3839 puis
2097 3720 2280 3839 lune
2372 3720 2703 3839 deſites

582 3831 895 3956 moitiez
965 3831 1336 3956 derechef
1393 3831 1440 3956 en
1533 3831 1730 3956 deux
1799 3831 2042 3956 egales
2124 3831 2506 3956 moindres
2564 3831 2715 3956 par-

566 3960 701 4087 ties
763 3960 873 4087 par
935 3960 972 4087 la
1033 3960 1230 4087 ligne
1341 3960 1844 4087 Collaterale.
1992 3960 2299 4087 Suivant
2361 3960 2705 4087 laquelle

566 4086 1203 4216 preſuppoſition
1265 4086 1328 4216 je
1390 4086 1515 4216 dis,
1565 4086 1702 4216 que
1740 4086 1790 4216 la
1902 4086 2114 4216 Garde
2189 4086 2327 4216 doit
2389 4086 2589 4216 avoir
2651 4086 2701 4216 en

556 4207 968 4343 longueur
1017 4207 1296 4343 autant
1357 4207 1526 4343 qu’il
1575 4207 1587 4343 y
1648 4207 1660 4343 a
1733 4207 1999 4343 depuis
2048 4207 2703 4343 l’entrecoupure

590 4337 642 4458 de
694 4337 733 4458 la
837 4337 1319 4458 Collateralle
1371 4337 1710 4458 juſqu’au
1814 4337 2114 4458 Centre:
2205 4337 2205 4458 &
2257 4337 2296 4458 la
2387 4337 2713 4458 Poignee

583 4457 974 4574 enſemble
1031 4457 1215 4574 avec
1249 4457 1307 4574 le
1387 4457 1847 4574 Pommeau,
1893 4457 2157 4574 autant
2249 4457 2398 4574 qu’il
2456 4457 2467 4574 y
2525 4457 2536 4574 a
2617 4457 2720 4574 de-

569 4581 739 4719 puis
805 4581 857 4719 le
949 4581 1211 4719 Centre
1277 4581 1618 4719 juſqu’au
1723 4581 1906 4719 coſté
2011 4581 2050 4719 du
2208 4581 2719 4719 Quadrangle,

591 4702 699 4846 qui
771 4702 855 4846 eſt
938 4702 1142 4846 deux
1202 4702 1345 4846 fois
1405 4702 1704 4846 autant;
1764 4702 1956 4846 vous
2028 4702 2542 4846 advertiſſant
2602 4702 2710 4846 par

601 4829 862 4969 meſme
921 4829 1147 4969 voye,
1218 4829 1349 4969 que
1396 4829 1456 4969 le
1503 4829 1931 4969 pommeau
2014 4829 2156 4969 doit
2216 4829 2394 4969 eſtre
2465 4829 2525 4969 de
2584 4829 2726 4969 for-

602 4963 685 5093 me
732 4963 804 5093 un
875 4963 1006 5093 peu
1065 4963 1232 5093 plus
1279 4963 1612 5093 longue,
1672 4963 1803 5093 que
1874 4963 2112 5093 ovale.

722 5077 781 5219 La
829 5077 1234 5219 longueur
1306 5077 1425 5219 des
1520 5077 1889 5219 Branches
1961 5077 2020 5219 de
2068 5077 2116 5219 la
2187 5077 2378 5219 croix
2449 5077 2592 5219 doit
2664 5077 2711 5219 e-

572 5205 721 5338 ſtre
796 5205 1093 5338 comme
1155 5205 1205 5338 la
1267 5205 1477 5338 ligne
1552 5205 1862 5338 Pedale,
1986 5205 1998 5338 &
2048 5205 2171 5338 par
2233 5205 2729 5338 conſequent

591 5329 791 5471 egale
854 5329 854 5471 à
904 5329 954 5471 la
1004 5329 1404 5471 longueur
1479 5329 1541 5471 de
1591 5329 1629 5471 la
1691 5329 1954 5471 plante
2016 5329 2154 5471 d’un
2229 5329 2429 5471 pied.
2491 5329 2554 5471 Le
2616 5329 2716 5471 re-

579 5471 676 5565 ſte
737 5471 872 5565 ſoit
921 5471 1043 5565 fait
1092 5471 1092 5565 à
1153 5471 1642 5565 l’advenant.

732 5576 833 5716 Par
897 5576 1327 5716 leſquelles
1403 5576 1732 5716 meſures
1782 5576 1808 5716 il
1858 5576 2251 5716 s’entend,
2314 5576 2580 5716 qu’elle
2630 5576 2732 5716 ſe-

595 5704 643 5828 ra
691 5704 739 5828 la
788 5704 1041 5828 forme
1113 5704 1185 5828 de
1221 5704 1270 5828 la
1378 5704 1631 5828 Garde.
1691 5704 2065 5828 alentour
2137 5704 2198 5828 de
2246 5704 2583 5828 laquelle
2643 5704 2704 5828 on

582 5830 927 5968 apporte
1008 5830 1664 5968 journellement
1756 5830 1906 5968 tant
1998 5830 2056 5968 de
2136 5830 2551 5968 nouvelles
2620 5830 2723 5968 in-

602 5964 967 6090 ventions
1081 5964 1081 6090 &
1138 5964 1321 6090 avec
1378 5964 1401 6090 ſi
1458 5964 1572 6090 peu
1663 5964 1731 6090 de
1800 5964 2336 6090 fondement,
2416 5964 2712 6090 comme

587 6079 626 6215 ſi
677 6079 729 6215 la
806 6079 1012 6215 façon
1102 6079 1412 6215 n’eſtoit
1476 6079 1605 6215 que
1682 6079 1875 6215 pour
1940 6079 2159 6215 ſervir
2236 6079 2365 6215 d’un
2455 6079 2713 6215 ſimple

601 6209 1027 6337 ornement
1124 6209 1185 6337 de
1246 6209 1294 6337 la
1367 6209 1829 6337 perſonne,
1902 6209 2231 6337 pluſtoſt
2328 6209 2449 6337 que
2534 6209 2717 6337 pour

616 6336 957 6471 quelque
1006 6336 1018 6471 à
1079 6336 1287 6471 faire,
1348 6336 1530 6471 qu’on
1616 6336 1665 6471 en
1750 6336 2116 6471 pourroit
2165 6336 2360 6471 avoir
2421 6336 2469 6471 en
2555 6336 2713 6471 tẽps

616 6457 675 6564 de
746 6457 1183 6564 neceſſité.
1325 6457 1443 6564 Les
1514 6457 1644 6564 uns
1715 6457 1880 6564 font
1939 6457 2034 6564 les
2105 6457 2495 6564 branches
2577 6457 2719 6564 cro-

617 6571 842 6718 chues
914 6571 914 6718 ,
997 6571 1044 6718 ou
1151 6571 1603 6718 courbées;
1674 6571 1781 6718 les
1840 6571 2339 6718 pommeaux
2410 6571 2731 6718 grands,

605 6715 897 6848 ronds,
946 6715 1141 6848 plats
1189 6715 1311 6848 par
1372 6715 1664 6848 deſſus;
1725 6715 2053 6848 d’autres
2126 6715 2138 6848 y
2187 6715 2357 6848 font
2430 6715 2734 6848 comme

624 6841 734 6963 des
808 6841 1236 6963 corbeilles
1297 6841 1664 6963 alentour
1749 6841 1823 6963 de
1884 6841 1921 6963 la
1994 6841 2398 6963 poignee;
2447 6841 2495 6963 le
2569 6841 2728 6963 tout
