5442 7366
766 3848 1422 3947 DISCOVRS
1590 3848 1711 3947 ET
1894 3848 2870 3947 DECLARATION
3038 3848 3312 3947 PLVS
3449 3848 4470 3947 PARTICVLIERE
4638 3848 4745 3947 DE

972 3983 1309 4066 L’VSAGE
1417 3983 1501 4066 ET
1622 3983 1754 4066 DES
1887 3983 2284 4066 MESVRES
2368 3983 2452 4066 DV
2561 3983 3162 4066 CEINTVRON
3259 3983 3331 4066 ET
3463 3983 3548 4066 DV
3656 3983 4113 4066 PENDANT
4234 3983 4306 4066 DE
4414 3983 4727 4066 L’ESPEE

960 4109 1265 4208 TIREES
1379 4109 1456 4208 DE
1596 4109 1939 4208 NOSTRE
2054 4109 2435 4208 CERCLE,
2524 4109 2906 4208 CONTRE
3020 4109 3148 4208 LES
3249 4109 3466 4208 ABVS
3580 4109 3656 4208 DE
3771 4109 4292 4208 PLVSIEVRS
4407 4109 4534 4208 QVI
4649 4109 4738 4208 EN

978 4245 1266 4322 VSENT
1375 4245 1459 4322 AV
1591 4245 2180 4322 CONTRAIRE.

1500 4401 1518 4626 E
1646 4401 1866 4626 croy
1976 4401 2177 4626 bien
2324 4401 2488 4626 que
2598 4401 2854 4626 nous
2946 4401 3330 4626 aurons
3440 4401 3641 4626 plus
3769 4401 3843 4626 de
3952 4401 4758 4626 contredilants
4849 4401 4923 4626 en

1440 4613 1629 4754 ceſte
1710 4613 2033 4754 matiere,
2087 4613 2195 4754 qui
2249 4613 2343 4754 eſt
2411 4613 2465 4754 de
2519 4613 2936 4754 recercher
2977 4613 3071 4754 les
3112 4613 3354 4754 juſtes
3435 4613 3759 4754 meſures
3826 4613 3880 4754 du
4001 4613 4419 4754 Ceinturon
4540 4613 4554 4754 &
4621 4613 4675 4754 du
4770 4613 4931 4754 Pen-

1461 4752 1618 4899 dant
1703 4752 1760 4899 de
1817 4752 2188 4899 l’Eſpee,
2245 4752 2444 4899 qu’en
2515 4752 2558 4899 la
2643 4752 3199 4899 precedente,
3270 4752 3384 4899 qui
3441 4752 3455 4899 a
3541 4752 3669 4899 eſté
3754 4752 3811 4899 de
3854 4752 4125 4899 l’eſpee
4210 4752 4523 4899 meſme.
4637 4752 4822 4899 Auſſi
4894 4752 4936 4899 le

1443 4890 2024 5040 changement,
2105 4890 2226 5040 que
2280 4890 2483 5040 nous
2537 4890 2550 5040 y
2591 4890 3199 5040 introduiſons,
3253 4890 3348 5040 eſt
3402 4890 3564 5040 plus
3618 4890 3888 5040 grand,
3942 4890 4064 5040 que
4118 4890 4428 5040 l’autre.
4550 4890 4672 5040 Car
4739 4890 4928 5040 nous

1425 5030 1783 5183 prenons
1825 5030 1866 5183 le
1949 5030 2349 5183 ceinturon
2418 5030 2584 5183 plus
2653 5030 2901 5183 court,
2998 5030 2998 5183 &
3053 5030 3095 5183 le
3150 5030 3522 5183 pendant
3578 5030 3729 5183 plus
3771 5030 4005 5183 long,
4074 5030 4226 5183 qu’à
4281 5030 4778 5183 l’ordinaire.
4875 5030 4944 5183 Et

1426 5171 1837 5320 touchant
1877 5171 1917 5320 la
2023 5171 2341 5320 maniere
2421 5171 2474 5320 de
2527 5171 2792 5320 porter
2832 5171 3111 5320 l’eſpee
3164 5171 3177 5320 à
3243 5171 3469 5320 coſté,
3522 5171 3694 5320 avec
3761 5171 4026 5320 ceſdits
4092 5171 4557 5320 ceinturons
4676 5171 4689 5320 &
4756 5171 4941 5320 pen-

584 5305 794 5459 dants
850 5305 1031 5459 (qui
1101 5305 1185 5459 eſt
1255 5305 1758 5459 repreſentée
1842 5305 1953 5459 par
2009 5305 2093 5459 les
2177 5305 2358 5459 deux
2428 5305 2973 5459 perſonnages
3043 5305 3462 5459 d’embas;)
3518 5305 3560 5459 la
3644 5305 4063 5459 difference
4132 5305 4174 5459 en
4258 5305 4356 5459 eſt
4398 5305 4593 5459 auſsi
4635 5305 4789 5459 fort
4831 5305 4929 5459 re-

588 5448 1038 5603 marquable
1116 5448 1347 5603 d’avec
1399 5448 1438 5603 la
1528 5448 1734 5603 mode
1798 5448 2172 5603 vulgaire:
2236 5448 2455 5603 parce
2532 5448 2648 5603 que
2712 5448 2906 5603 nous
2957 5448 3382 5603 attachons
3434 5448 3485 5603 le
3550 5448 3949 5603 ceinturon
4026 5448 4129 5603 ſur
4181 5448 4232 5603 le
4322 5448 4528 5603 milieu
4631 5448 4683 5603 du
4760 5448 4928 5603 ven-

553 5583 685 5737 tre,
792 5583 805 5737 &
858 5583 1627 5737 conſequemment
1667 5583 1866 5737 auſsi
1906 5583 1945 5737 le
2012 5583 2370 5737 pendant
2449 5583 2502 5737 de
2555 5583 2834 5737 l’eſpee
2887 5583 3033 5737 bien
3112 5583 3338 5737 avant
3391 5583 3444 5737 en
3537 5583 3908 5737 derriere;
3948 5583 4014 5737 au
4080 5583 4213 5737 lieu
4306 5583 4359 5737 de
4412 5583 4505 5737 les
4571 5583 4929 5737 attacher

617 5720 617 5882 &
672 5720 1002 5882 pendre,
1043 5720 1043 5882 à
1098 5720 1139 5882 la
1235 5720 1441 5882 mode
1496 5720 1922 5882 ordinaire,
1963 5720 2087 5882 l’un
2155 5720 2224 5882 au
2306 5720 2499 5882 coſté
2581 5720 2787 5882 droit,
2856 5720 3048 5882 quaſi
3117 5720 3405 5882 deſſous
3446 5720 3501 5882 le
3556 5720 3748 5882 bras,
3831 5720 3845 5882 &
3886 5720 4147 5882 l’autre
4202 5720 4312 5882 ſur
4353 5720 4394 5882 la
4463 5720 4779 5882 hanche
4847 5720 4902 5882 du

576 5858 768 6020 coſté
837 5858 1166 6020 gauche.
1399 5858 1440 6020 Il
1495 5858 1578 6020 eſt
1646 5858 1811 6020 vray
1879 5858 2003 6020 que
2058 5858 2250 6020 pour
2319 5858 2607 6020 couper
2662 5858 2964 6020 broche
3018 5858 3018 6020 à
3087 5858 3348 6020 toutes
3416 5858 3773 6020 diſputes,
3842 5858 3952 6020 qui
4006 5858 4061 6020 en
4144 5858 4665 6020 pourroyent
4734 5858 4940 6020 ſour-

586 5999 732 6158 dre,
785 5999 971 6158 nous
1024 5999 1223 6158 nous
1303 5999 1727 6158 pourrions
1794 5999 2218 6158 rapporter
2284 5999 2815 6158 ſimplement
2881 5999 2881 6158 à
2974 5999 3067 6158 ces
3147 5999 3332 6158 deux
3385 5999 3929 6158 perſonnages
4036 5999 4089 6158 A.
4168 5999 4208 6158 B.
4301 5999 4407 6158 qui
4447 5999 4619 6158 ſont
4712 5999 4938 6158 meſu-

560 6140 667 6296 rez
734 6140 922 6296 ſelon
989 6140 1030 6296 la
1097 6140 1567 6296 proportion
1661 6140 1715 6296 du
1822 6140 2091 6296 meſme
2198 6140 2480 6296 Cercle:
2547 6140 2789 6296 eſtant
2829 6140 3031 6296 leurs
3084 6140 3460 6296 hauteurs
3541 6140 4038 6296 compaſſées
4092 6140 4199 6296 ſur
4266 6140 4306 6296 la
4374 6140 4790 6296 longueur
4857 6140 4924 6296 de

737 6274 805 6433 V;
845 6274 940 6433 les
994 6274 1250 6433 eſpees
1291 6274 1398 6433 ſur
1452 6274 1493 6433 la
1587 6274 1830 6433 moitié
1911 6274 1965 6433 du
2100 6274 2532 6433 Diametre;
2572 6274 2667 6433 les
2734 6274 2896 6433 bras
2950 6274 3058 6433 ſur
3099 6274 3179 6433 un
3260 6274 3422 6433 tiers
3517 6274 3557 6433 du
3692 6274 4003 6433 meſme;
4110 6274 4124 6433 &
4178 6274 4218 6433 le
4299 6274 4475 6433 reſte
4556 6274 4556 6433 à
4637 6274 4920 6433 l’adve-

560 6416 809 6566 nant:
874 6416 1057 6566 auſsi
1110 6416 1201 6566 les
1293 6416 1751 6566 ceinturons
1817 6416 1922 6566 ſur
1987 6416 2196 6566 l’une
2288 6416 2393 6566 des
2458 6416 2733 6566 parties
2786 6416 3283 6566 prolongées
3362 6416 3414 6566 du
3545 6416 3951 6566 Diametre;
3990 6416 4082 6566 les
4147 6416 4553 6566 pendants
4618 6416 4684 6566 de
4723 6416 4933 6566 leurs

574 6552 832 6704 eſpees
873 6552 982 6704 ſur
1023 6552 1200 6704 trois
1268 6552 1526 6704 quarts
1580 6552 1648 6704 de
1689 6552 1730 6704 la
1825 6552 2097 6704 meſme
2152 6552 2383 6704 partie
2451 6552 2505 6704 en
2573 6552 3008 6704 longueur,
3117 6552 3117 6704 &
3185 6552 3226 6704 en
3294 6552 3593 6704 largeur
3648 6552 3756 6704 ſur
3811 6552 3852 6704 la
3906 6552 4110 6704 ligne
4191 6552 4491 6704 Pedale:
4545 6552 4912 6704 portants

563 6692 821 6843 leſdits
903 6692 1364 6843 ceinturons
1460 6692 1473 6843 &
1527 6692 1921 6843 pendants
1976 6692 2152 6843 ſelon
2234 6692 2492 6843 noſtre
2560 6692 3090 6843 deſcription;
3212 6692 3212 6843 &
3280 6692 3402 6843 que
3470 6692 3660 6843 leurs
3728 6692 4013 6843 figures
4068 6692 4353 6843 eſtants
4421 6692 4598 6843 ainſi
4665 6692 4924 6843 repre-

4591 6837 4932 6945 ſentées.

2841 298 2952 426 ces
3014 298 3200 426 deux
3262 298 3845 426 perſonnages,
3907 298 4018 426 qui
4068 298 4229 426 ſont
4279 298 4328 426 au
4403 298 4527 426 bas
4589 298 4650 426 de
4700 298 4750 426 la
4849 298 4948 426 Ta-

2830 423 2980 547 ble.
3068 423 3093 547 il
3143 423 3155 547 a
3231 423 3518 547 enſuivi
3581 423 3631 547 la
3719 423 3919 547 mode
3981 423 4369 547 vulgaire,
4445 423 4557 547 qui
4607 423 4782 547 n’eſt
4833 423 4958 547 pas

2822 548 2858 664 la
2966 548 3386 664 meilleure.
3446 548 3482 664 il
3554 548 3914 664 vaudroit
4021 548 4285 664 mieux,
4417 548 4417 664 &
4489 548 4717 664 ſeroit
4789 548 4945 664 plus

2842 674 3269 795 commode
3329 674 3464 795 que
3512 674 3610 795 les
3659 674 3903 795 bords
3951 674 4232 795 fuſſent
4305 674 4586 795 droits,
4634 674 4817 795 ſelon
4903 674 4939 795 la

2825 795 3069 918 figure
3142 795 3191 918 du
3264 795 3642 918 triangle,
3703 795 3813 918 qui
3874 795 3923 918 en
4008 795 4459 918 demonſtre
4532 795 4569 918 la
4642 795 4947 918 forme;

2825 916 2837 1046 à
2899 916 3108 1046 raiſon
3206 916 3624 1046 qu’eſtants
3710 916 4054 1046 courbez
4128 916 4177 1046 en
4287 916 4607 1046 dehors,
4668 916 4705 1046 il
4767 916 4951 1046 peut

2827 1042 3144 1169 advenir
3242 1042 3438 1169 qu’ils
3511 1042 4000 1169 aboutiſſent
4146 1042 4146 1169 &
4220 1042 4696 1169 s’attachent
4757 1042 4965 1169 quel-

2842 1170 2967 1290 que
3024 1170 3172 1290 part
3240 1170 3297 1290 au
3388 1170 3650 1290 corps,
3707 1170 3764 1290 ou
3855 1170 3991 1290 aux
4059 1170 4821 1290 accouſtrements,
4947 1170 4958 1290 &

2837 1293 3042 1415 qu’ils
3115 1293 3465 1415 donnent
3525 1293 3718 1415 alors
3778 1293 3935 1415 plus
4020 1293 4092 1415 de
4153 1293 4527 1415 faſcherie
4599 1293 4599 1415 à
4672 1293 4937 1415 porter

2829 1415 3132 1538 l’eſpee.
3208 1415 3259 1538 ce
3335 1415 3524 1538 qu’ils
3587 1415 3676 1538 ne
3739 1415 4118 1538 feroyent
4169 1415 4321 1538 pas,
4384 1415 4510 1538 s’ils
4586 1415 4953 1538 eſtoyent

2849 1540 3127 1630 droits.

3009 1662 3222 1787 Quant
3285 1662 3360 1787 eſt
3435 1662 3498 1787 de
3548 1662 3586 1787 la
3636 1662 4038 1787 longueur
4100 1662 4151 1787 du
4251 1662 4702 1787 Ceinturon,
4753 1662 4941 1787 nous

2833 1786 2880 1907 en
2951 1786 3296 1907 prenons
3343 1786 3509 1907 auſſi
3545 1786 3592 1907 la
3675 1786 3948 1907 meſure
3996 1786 4103 1907 ſur
4150 1786 4399 1907 noſtre
4494 1786 4791 1907 Cercle,
4850 1786 4945 1907 aſ-

2816 1910 3056 2034 ſavoir
3116 1910 3164 2034 en
3224 1910 3272 2034 la
3332 1910 3561 2034 partie
3621 1910 4029 2034 adjouſtée
4077 1910 4606 2034 auDiametre
4678 1910 4943 2034 depuis

2816 2033 2854 2158 la
2942 2033 3497 2158 Circõference
3547 2033 3874 2158 juſqu’au
3963 2033 4252 2158 dernier
4303 2033 4504 2158 bout
4567 2033 4618 2158 du
4756 2033 4958 2158 Quar-

2813 2155 2876 2283 ré
2940 2155 3422 2283 circonſcrit.
3498 2155 3536 2283 Et
3599 2155 3751 2283 puis
3828 2155 3954 2283 que
4018 2155 4208 2283 ceſte
4246 2155 4449 2283 ligne
4512 2155 4601 2283 eſt
4665 2155 4855 2283 egale
4931 2155 4931 2283 à

2813 2281 2852 2409 la
2958 2281 3355 2409 Diagonale
3421 2281 3474 2409 du
3606 2281 4122 2409 Quadrangle,
4188 2281 4308 2409 qui
4374 2281 4466 2409 eſt
4519 2281 4572 2409 le
4665 2281 4943 2409 double

2838 2405 2889 2529 de
2940 2405 2978 2529 la
3029 2405 3234 2529 ligne
3310 2405 3604 2529 Pedale;
3655 2405 3948 2529 comme
3999 2405 4038 2529 la
4089 2405 4293 2529 ligne
4370 2405 4625 2529 Pedale
4689 2405 4778 2529 eſt
4842 2405 4944 2529 de-

2807 2528 3084 2650 rechef
3121 2528 3181 2650 le
3265 2528 3543 2650 double
3603 2528 3676 2650 de
3724 2528 3760 2650 la
3845 2528 4183 2650 derniere
4267 2528 4593 2650 parcelle
4665 2528 4943 2650 adjou-

2809 2653 2957 2775 ſtée
3007 2653 3068 2775 au
3179 2653 3599 2775 Diametre;
3648 2653 3673 2775 il
3747 2653 4093 2775 s’enſuit,
4179 2653 4303 2775 que
4352 2653 4414 2775 le
4512 2653 4920 2775 Ceinturon

2828 2775 3055 2900 eſtant
3105 2775 3307 2900 prins
3382 2775 3685 2900 comme
3773 2775 3798 2900 4.
3861 2775 3924 2900 de
4037 2775 4037 2900 C
4100 2775 4428 2900 juſques
4491 2775 4491 2900 à
4591 2775 4642 2900 A;
4705 2775 4831 2900 que
4881 2775 4944 2900 le

2834 2901 3171 3026 Pendant
3231 2901 3279 3026 en
3351 2901 3387 3026 ſa
3448 2901 3845 3026 longueur
3905 2901 4615 3026 perpendiculaire
4675 2901 4723 3026 en
4796 2901 4940 3026 ſera

2828 3023 3135 3149 comme
3199 3023 3238 3149 3.
3302 3023 3366 3149 de
3455 3023 3468 3149 C
3507 3023 3801 3149 juſqu’à
3865 3023 3903 3149 la
3993 3023 4300 3149 Pedale;
4415 3023 4415 3149 &
4466 3023 4940 3149 finalement

2813 3147 2915 3274 ſur
2967 3147 3005 3274 la
3069 3147 3235 3274 baſe
3311 3147 3362 3274 en
3426 3147 3528 3274 ſon
3592 3147 3758 3274 plus
3809 3147 4013 3274 large
4077 3147 4371 3274 comme
4434 3147 4486 3274 2.
4562 3147 4626 3274 de
4741 3147 4741 3274 C
4805 3147 4945 3274 juſ-

2831 3278 3016 3399 qu’au
3122 3278 3373 3399 centre
3439 3278 3492 3399 du
3624 3278 4140 3399 Quadrangle.

566 298 1141 425 ſequemment
1191 298 1365 425 avec
1415 298 1727 425 pareille
1802 298 2189 425 briefveté
2327 298 2327 425 &
2402 298 2676 425 perſpi-

581 421 769 548 cuité
844 421 894 548 du
1007 421 1408 548 Ceinturon
1533 421 1533 548 &
1608 421 1658 548 du
1758 421 2084 548 Pendant
2147 421 2497 548 d’eſpee,
2573 421 2685 548 qui

564 544 848 673 ſoyent
895 544 990 673 les
1073 544 1297 673 mieux
1345 544 1652 673 ſeants,
1758 544 1758 673 &
1806 544 1912 673 les
1959 544 2113 673 plus
2172 544 2669 673 commodes,

572 668 722 801 tant
797 668 985 801 pour
1047 668 1085 801 la
1172 668 1422 801 porter
1509 668 1522 801 à
1622 668 1884 801 coſté,
1959 668 2096 801 que
2159 668 2346 801 pour
2409 668 2446 801 la
2534 668 2671 801 deſ-

582 804 878 917 gainer.

716 917 1002 1043 Parlons
1049 917 1538 1043 premierent
1597 917 1716 1043 des
1800 917 2109 1043 meſures
2193 917 2240 1043 du
2336 917 2669 1043 Pendant

579 1042 641 1169 de
690 1042 989 1169 l’eſpee,
1101 1042 1101 1169 &
1175 1042 1238 1169 de
1300 1042 1673 1169 chaſcune
1722 1042 1735 1169 à
1797 1042 1971 1169 part.
2120 1042 2294 1169 Nous
2394 1042 2680 1169 diſons,

581 1167 701 1294 que
749 1167 797 1294 ſa
845 1167 1253 1294 longueur
1313 1167 1457 1294 doit
1529 1167 1709 1294 eſtre
1793 1167 1985 1294 egale
2057 1167 2069 1294 à
2129 1167 2177 1294 la
2249 1167 2489 1294 partie
2561 1167 2669 1294 ad-

558 1289 861 1415 jouſtée
946 1289 995 1415 du
1140 1289 1504 1415 Diametre
1589 1289 1856 1415 depuis
1916 1289 1953 1415 la
2062 1289 2668 1415 Circonference

554 1413 840 1541 juſqu’à
892 1413 931 1541 la
983 1413 1191 1541 ligne
1269 1413 1556 1541 Pedale;
1647 1413 1647 1541 &
1712 1413 1842 1541 que
1907 1413 2063 1541 c’eſt
2102 1413 2155 1541 là
2207 1413 2246 1541 la
2298 1413 2467 1541 plus
2532 1413 2688 1541 con-

557 1537 881 1665 venable
962 1537 1228 1665 meſure
1286 1537 1356 1665 de
1402 1537 1668 1665 toutes
1726 1537 1773 1665 en
1830 1537 2259 1665 longueur,
2294 1537 2444 1665 tant
2490 1537 2676 1665 pour

562 1660 749 1787 tenir
784 1660 1064 1787 l’eſpee
1111 1660 1484 1787 attachée
1531 1660 1589 1787 au
1671 1660 1928 1787 corps,
1986 1660 2115 1787 que
2173 1660 2360 1787 pour
2441 1660 2488 1787 en
2546 1660 2675 1787 fai-

555 1782 616 1913 re
664 1782 712 1913 le
785 1782 1377 1913 deſgainement
1426 1782 1607 1913 avec
1655 1782 1825 1913 plus
1885 1782 1946 1913 de
2006 1782 2320 1913 facilité.

704 1909 753 2031 Et
801 1909 862 2031 au
934 1909 1213 2031 regard
1273 1909 1334 2031 de
1382 1909 1431 2031 ſa
1479 1909 1818 2031 largeur,
1879 1909 1915 2031 en
2000 1909 2169 2031 voilà
2230 1909 2266 2031 la
2351 1909 2666 2031 meſure,

566 2029 680 2157 qui
744 2029 820 2157 eſt
870 2029 1378 2157 repreſentée
1428 2029 1530 2157 ſur
1580 2029 1821 2157 noſtre
1910 2029 2151 2157 Cercle
2201 2029 2316 2157 par
2366 2029 2404 2157 la
2455 2029 2658 2157 ligne

588 2152 903 2280 Pedale;
1012 2152 1544 2280 demonſtrant
1592 2152 1641 2280 le
1689 2152 1858 2280 plus
1919 2152 2040 2280 bas
2161 2152 2173 2280 &
2246 2152 2548 2280 comme
2608 2152 2645 2280 la

559 2275 718 2421 baſe
816 2275 878 2421 de
951 2275 1000 2421 la
1086 2275 1331 2421 figure
1429 2275 1723 2421 entiere
1821 2275 1882 2421 de
1968 2275 2225 2421 noſtre
2323 2275 2666 2421 Pendant

574 2398 887 2514 d’eſpee.

710 2507 812 2652 Car
850 2507 888 2652 il
951 2507 1104 2652 faut
1180 2507 1307 2652 que
1371 2507 1422 2652 la
1485 2507 1727 2652 figure
1816 2507 2095 2652 entiere
2159 2507 2210 2652 en
2299 2507 2426 2652 ſoit
2477 2507 2655 2652 faite

554 2645 600 2774 en
670 2645 915 2774 forme
974 2645 1534 2774 triangulaire,
1615 2645 1907 2774 comme
1954 2645 1989 2774 il
2047 2645 2129 2774 eſt
2199 2645 2654 2774 repreſenté

562 2765 925 2899 derechef
985 2765 1034 2899 en
1118 2765 1179 2899 ce
1264 2765 1518 2899 meſme
1602 2765 1844 2899 Cercle
1905 2765 1965 2899 au
2050 2765 2280 2899 dedãs
2352 2765 2413 2899 de
2473 2765 2654 2899 chaſ-

554 2891 660 3024 cun
752 2891 858 3024 des
964 2891 1532 3024 Quadrangles,
1598 2891 1928 3024 prenant
1994 2891 2034 3024 la
2100 2891 2312 3024 ligne
2404 2891 2655 3024 Pedale

553 3018 736 3143 pour
785 3018 822 3143 la
883 3018 1090 3143 baſe,
1213 3018 1225 3143 &
1261 3018 1371 3143 les
1445 3018 1640 3143 deux
1750 3018 2239 3143 Collaterales
2300 3018 2495 3143 pour
2556 3018 2654 3143 les

559 3138 755 3270 deux
817 3138 1099 3270 coſtez;
1136 3138 1136 3270 à
1185 3138 1616 3270 l’imitation
1702 3138 1997 3270 duquel
2046 3138 2366 3270 triangle
2415 3138 2452 3270 il
2501 3138 2661 3270 faut

545 3261 715 3390 auſſi
776 3261 1153 3390 façonner
1213 3261 1274 3390 le
1347 3261 1687 3390 pendant
1772 3261 1845 3390 de
1906 3261 2221 3390 l’eſpee.
2343 3261 2671 3390 Encores

558 3387 681 3516 que
743 3387 792 3516 le
866 3387 1162 3516 Peintre
1224 3387 1310 3516 n’a
1372 3387 1496 3516 pas
1545 3387 1693 3516 bien
1804 3387 2088 3516 enſuivi
2149 3387 2335 3516 ceſte
2409 3387 2668 3516 regle,

549 3506 793 3625 quand
848 3506 881 3625 il
959 3506 970 3625 a
1036 3506 1490 3625 repreſenté
1556 3506 1656 3625 les
1745 3506 1933 3625 deux
2010 3506 2265 3625 coſtez
2342 3506 2398 3625 du
2486 3506 2663 3625 pen-

552 3620 712 3739 dant
786 3620 835 3739 de
884 3620 1155 3739 l’eſpee
1217 3620 1599 3739 courbez,
1648 3620 1685 3739 en
1759 3620 2239 3739 laPremiere
2289 3620 2535 3739 figure
2609 3620 2671 3739 de
