5442 7366
408 295 759 448 ſentées,
847 295 905 448 on
1008 295 1008 448 y
1096 295 1242 448 voit
1315 295 1461 448 une
1564 295 2090 448 merveilleuſe
2178 295 2383 448 grace
2456 295 2471 448 à
2558 295 2822 448 porter
2939 295 2953 448 &
3012 295 3027 448 à
3114 295 3509 448 deſgainer
3568 295 3875 448 l’eſpee,
3934 295 4095 448 plus
4197 295 4475 448 grande
4563 295 4826 448 quelle

409 435 602 591 n’eſt
685 435 741 591 en
824 435 865 591 la
948 435 1170 591 façon
1267 435 1710 591 ordinaire.
1834 435 1890 591 de
1959 435 2153 591 ſorte
2236 435 2360 591 que
2430 435 2485 591 le
2554 435 2707 591 ſeul
2776 435 3053 591 regard
3136 435 3191 591 de
3274 435 3371 591 ces
3440 435 3731 591 figures
3786 435 3980 591 nous
4035 435 4409 591 pourroit
4451 435 4672 591 ſervir
4741 435 4811 591 de

411 581 822 732 ſuffiſante
878 581 1176 732 preuve
1233 581 1431 732 pour
1502 581 1559 732 ce
1629 581 1743 732 que
1800 581 1998 732 nous
2069 581 2126 732 en
2196 581 2735 732 pretendons,
2792 581 2962 732 puis
3047 581 3203 732 qu’il
3259 581 3274 732 y
3330 581 3727 732 apparoiſt
3784 581 3826 732 la
3897 581 4053 732 plus
4096 581 4436 732 parfaite
4493 581 4819 732 propor-

407 721 609 873 tion,
690 721 893 873 qu’on
974 721 1339 873 pourroit
1420 721 1825 873 ſouhaiter
1907 721 1961 873 en
2055 721 2217 873 telle
2298 721 2569 873 choſe.
2704 721 3150 873 Toutesfois
3217 721 3406 873 pour
3488 721 3920 873 reſpondre
4001 721 4474 873 clairement
4542 721 4555 873 à
4636 721 4812 873 tout

416 864 466 1010 ce
554 864 680 1010 que
743 864 1133 1010 pluſieurs
1208 864 1624 1010 voudront
1712 864 2064 1010 objeer
2115 864 2618 1010 alencontre,
2668 864 2870 1010 nous
2945 864 3335 1010 mettrons
3373 864 3486 1010 icy
3537 864 3625 1010 les
3688 864 4342 1010 conſiderations
4418 864 4468 1010 en
4556 864 4820 1010 avant,

424 1006 539 1156 qui
578 1006 783 1156 nous
847 1006 975 1156 ont
1039 1006 1488 1156 perſuadez
1552 1006 1552 1156 à
1655 1006 1937 1156 quitter
2001 1006 2155 1156 leur
2245 1006 2693 1156 couſtume,
2757 1006 2950 1156 pour
3001 1006 3052 1156 en
3142 1006 3552 1156 ordonner
3604 1006 3745 1156 une
3796 1006 4014 1156 autre
4104 1006 4514 1156 meilleure.

572 1145 642 1292 Le
712 1145 1116 1292 principal
1214 1145 1423 1292 motif
1521 1145 1563 1292 du
1661 1145 2219 1292 changement
2289 1145 2289 1292 a
2372 1145 2582 1292 eſté,
2665 1145 2721 1292 de
2805 1145 2944 1292 voir
3000 1145 3042 1292 la
3140 1145 3307 1292 male
3377 1145 3628 1292 grace,
3726 1145 3740 1292 &
3782 1145 4479 1292 l’incommodité
4549 1145 4605 1292 de
4661 1145 4828 1292 leur

431 1288 812 1435 maniere;
878 1288 983 1435 qui
1049 1288 1141 1435 eſt
1193 1288 1364 1435 telle
1430 1288 1561 1435 que
1601 1288 1693 1435 les
1759 1288 2008 1435 eſpees
2048 1288 2219 1435 leur
2271 1288 2640 1435 pendent
2692 1288 3350 1435 ordinairement
3402 1288 3455 1435 au
3547 1288 3797 1435 corps,
3836 1288 3994 1435 ſans
4060 1288 4375 1435 aucune
4428 1288 4809 1435 fermeté,

406 1428 570 1576 ſans
625 1428 802 1576 eſtre
857 1428 1350 1576 ſouſtenues
1418 1428 1541 1576 par
1582 1428 1637 1576 le
1692 1428 2157 1576 ceinturon,
2212 1428 2212 1576 à
2294 1428 2499 1576 cauſe
2568 1428 2622 1576 de
2677 1428 2718 1576 ſa
2773 1428 3224 1576 longueur,
3306 1428 3416 1576 qui
3484 1428 3553 1576 ne
3621 1428 3799 1576 peut
3854 1428 4032 1576 faire
4073 1428 4292 1576 autre
4374 1428 4620 1576 choſe,
4675 1428 4812 1576 que

405 1566 691 1720 retenir
745 1566 1221 1720 ſeulement
1262 1566 1547 1720 l’eſpee
1615 1566 1874 1720 qu’elle
1928 1566 2010 1720 ne
2064 1566 2119 1720 ſe
2173 1566 2431 1720 recule
2486 1566 2595 1720 pas
2649 1566 2812 1720 trop
2880 1566 2935 1720 en
3003 1566 3315 1720 arriere,
3370 1566 3492 1720 non
3574 1566 3696 1720 pas
3737 1566 3778 1720 la
3832 1566 4254 1720 ſouſtenir.
4349 1566 4526 1720 dont
4567 1566 4607 1720 il
4662 1566 4675 1720 y
4743 1566 4784 1720 en

399 1707 413 1860 a
466 1707 866 1860 pluſieurs
933 1707 1039 1860 qui
1093 1707 1692 1860 s’entortillent
1732 1707 1786 1860 le
1852 1707 2265 1860 ceinturon
2332 1707 2705 1860 alentour
2785 1707 2839 1860 de
2892 1707 2932 1860 la
3012 1707 3398 1860 ceinture,
3438 1707 3625 1860 pour
3678 1707 3718 1860 le
3771 1707 4265 1860 raccourcir,
4291 1707 4425 1860 afin
4505 1707 4664 1860 qu’il
4731 1707 4811 1860 ai-

416 1846 486 1997 de
555 1846 555 1997 à
638 1846 1081 1997 ſouſtenir;
1178 1846 1289 1997 qui
1358 1846 1442 1997 eſt
1511 1846 1580 1997 un
1663 1846 2107 1997 argument
2148 1846 2578 1997 infallible,
2633 1846 2688 1997 de
2744 1846 3021 1997 n’avoir
3076 1846 3201 1997 pas
3242 1846 3298 1997 ſa
3339 1846 3533 1997 juſte
3630 1846 3949 1997 meſure:
4004 1846 4157 1997 ſans
4240 1846 4295 1997 ce
4378 1846 4572 1997 qu’on
4655 1846 4808 1997 voit

407 1997 1027 2141 pareillement,
1104 1997 1220 2141 que
1272 1997 1324 2141 la
1375 1997 1659 2141 pointe
1750 1997 1802 2141 de
1853 1997 2124 2141 l’eſpee
2176 1997 2344 2141 leur
2396 1997 2602 2141 vient
2667 1997 3312 2141 ordinairement
3364 1997 3403 2141 ſi
3454 1997 3687 2141 haut,
3790 1997 3803 2141 &
3855 1997 4397 2141 notamment
4462 1997 4500 2141 en
4604 1997 4823 2141 cour-

400 2124 603 2278 rant,
666 2124 717 2278 ou
818 2124 1046 2278 allant
1110 2124 1122 2278 à
1186 2124 1477 2278 cheval,
1528 2124 1654 2278 que
1718 2124 1946 2278 outre
1984 2124 2034 2278 la
2123 2124 2579 2278 malſeance,
2630 2124 2693 2278 ils
2756 2124 2807 2278 en
2883 2124 3048 2278 ſont
3098 2124 3719 2278 incommodez
3770 2124 4112 2278 homme
4226 2124 4226 2278 &
4289 2124 4555 2278 cheval
4606 2124 4821 2278 touts

416 2260 860 2419 enſemble,
900 2260 954 2419 la
1008 2260 1290 2419 pointe
1371 2260 1424 2419 de
1478 2260 1747 2419 l’eſpee
1788 2260 1922 2419 luy
1976 2260 2406 2419 tombant,
2460 2260 2662 2419 quaſi
2716 2260 3039 2419 comme
3092 2260 3160 2419 un
3254 2260 3617 2419 eſperon,
3671 2260 3778 2419 ſur
3832 2260 3886 2419 le
3967 2260 4115 2419 dos,
4182 2260 4249 2419 au
4330 2260 4451 2419 lieu
4545 2260 4612 2419 de
4666 2260 4828 2419 s’ac-

412 2398 915 2562 commoder
978 2398 1644 2562 honneſtement
1720 2398 1783 2562 au
1883 2398 2097 2562 corps
2185 2398 2235 2562 de
2298 2398 2348 2562 la
2424 2398 2864 2562 perſonne.
2964 2398 3065 2562 car
3115 2398 3216 2562 les
3279 2398 3530 2562 armes
3593 2398 3756 2562 ſont
3806 2398 4234 2562 inventées
4309 2398 4498 2562 pour
4561 2398 4812 2562 aides.

445 2553 500 2700 Et
582 2553 636 2700 de
691 2553 814 2700 fait
882 2553 1195 2700 onvoit,
1264 2553 1386 2700 que
1441 2553 1837 2700 pluſieurs
1932 2553 2218 2700 Gentils
2259 2553 2641 2700 hommes
2750 2553 2764 2700 &
2860 2553 3310 2700 Chevaliers,
3378 2553 3487 2700 qui
3528 2553 3692 2700 ſont
3760 2553 3828 2700 un
3896 2553 4019 2700 peu
4101 2553 4155 2700 en
4224 2553 4428 2700 aage,
4469 2553 4810 2700 portent

401 2680 595 2841 leurs
665 2680 915 2841 eſpees
957 2680 971 2841 à
1026 2680 1068 2841 la
1165 2680 1373 2841 mode
1457 2680 1512 2841 de
1568 2680 1818 2841 noſtre
1901 2680 2429 2841 deſcription,
2485 2680 2596 2841 qui
2651 2680 2749 2841 eſt
2790 2680 2832 2841 la
2901 2680 3054 2841 plus
3124 2680 3568 2841 ancienne,
3638 2680 3791 2841 plus
3860 2680 4124 2841 facile,
4249 2680 4249 2841 &
4360 2680 4582 2841 mieux
4652 2680 4832 2841 fon-

421 2817 537 2978 dée
614 2817 678 2978 de
730 2817 1001 2978 toutes
1052 2817 1142 2978 les
1194 2817 1477 2978 autres:
1568 2817 1619 2978 de
1671 2817 2019 2978 laquelle
2070 2817 2122 2978 ſe
2173 2817 2341 2978 ſont
2392 2817 3088 2978 temerairement
3140 2817 3616 2978 fourvoyez,
3681 2817 3848 2978 ceux
3926 2817 4042 2978 qui
4093 2817 4145 2978 en
4235 2817 4351 2978 ont
4390 2817 4815 2978 introduit

430 2962 682 3124 depuis
762 2962 1147 3124 quelques
1200 2962 1492 3124 annees
1545 2962 1678 3124 une
1731 2962 1956 3124 autre
2036 2962 2089 3124 de
2142 2962 2302 3124 fort
2381 2962 2753 3124 mauvaiſe
2833 2962 3085 3124 grace,
3151 2962 3390 3124 uſitée
3457 2962 4160 3124 principalement
4240 2962 4346 3124 des
4412 2962 4824 3124 François,

458 3095 472 3263 &
512 3095 1187 3263 accommodée,
1214 3095 1403 3263 ſelon
1498 3095 1660 3263 qu’il
1741 3095 1822 3263 me
1876 3095 2213 3263 ſemble,
2267 3095 2605 3263 pluſtoſt
2659 3095 2672 3263 à
2713 3095 2767 3263 la
2821 3095 3307 3263 proportion
3388 3095 3455 3263 de
3496 3095 3698 3263 leurs
3752 3095 4508 3263 accouſtrements,
4562 3095 4684 3263 que
4765 3095 4819 3263 de

387 3237 594 3401 leurs
677 3237 926 3401 corps,
981 3237 1133 3401 ſans
1188 3237 1312 3401 nul
1395 3237 1657 3401 eſgard
1726 3237 1795 3401 de
1836 3237 2153 3401 l’uſage,
2222 3237 2333 3401 qui
2402 3237 2650 3401 devoit
2719 3237 2899 3401 eſtre
2940 3237 2981 3401 la
3050 3237 3243 3401 ſeule
3368 3237 3368 3401 &
3450 3237 3754 3401 unique
3809 3237 4223 3401 intention
4333 3237 4389 3401 de
4458 3237 4830 3401 l’ordon-

405 3381 695 3540 nance.
840 3381 892 3540 Or
958 3381 1287 3540 l’erreur
1340 3381 1353 3540 a
1406 3381 1616 3540 prins
1669 3381 1774 3540 ſon
1866 3381 2156 3540 origine
2235 3381 2288 3540 de
2353 3381 2419 3540 ce
2485 3381 2643 3540 qu’il
2696 3381 2814 3540 n’y
2867 3381 2880 3540 a
2933 3381 3051 3540 pas
3117 3381 3170 3540 eu
3262 3381 3314 3540 de
3380 3381 3722 3540 certaine
3814 3381 4091 3540 meſure
4144 3381 4249 3540 ſur
4315 3381 4407 3540 les
4512 3381 4815 3540 Ceintu-

399 3528 572 3674 rons
684 3528 684 3674 &
770 3528 1167 3674 Pendants
1241 3528 1600 3674 d’eſpees-
1687 3528 1749 3674 de
1799 3528 1997 3674 ſorte
2071 3528 2269 3674 qu’on
2331 3528 2430 3674 les
2480 3528 2480 3674 a
2554 3528 2913 3674 changez
2988 3528 3037 3674 de
3099 3528 3359 3674 temps
3421 3528 3471 3674 en
3545 3528 3842 3674 temps,
3941 3528 3941 3674 &
3991 3528 4078 3674 les
4127 3528 4140 3674 a
4214 3528 4276 3674 on
4350 3528 4635 3674 portez
4685 3528 4809 3674 au-

408 3655 815 3805 cunesfois
853 3655 1121 3805 longs,
1235 3655 1235 3805 &
1299 3655 1464 3805 plus
1503 3655 1770 3805 longs,
1872 3655 1872 3805 &
1923 3655 2088 3805 plus
2152 3655 2419 3805 courts
2483 3655 2890 3805 derechef,
2954 3655 3081 3805 que
3144 3655 3399 3805 noſtre
3463 3655 3934 3805 alsignation
4010 3655 4086 3805 ne
4175 3655 4545 3805 monſtre.
4634 3655 4812 3805 dont

398 3788 425 3951 il
479 3788 559 3951 ne
612 3788 666 3951 ſe
719 3788 880 3951 faut
947 3788 1054 3951 pas
1121 3788 1455 3951 esbahir,
1509 3788 1589 3951 s’il
1656 3788 1710 3951 en
1790 3788 2138 3951 procede
2218 3788 2325 3951 des
2365 3788 2659 3951 fautes.

607 3926 709 4073 Ces
760 3926 1453 4073 inconvenients,
1543 3926 1555 4073 &
1607 3926 1991 4073 pluſieurs
2043 3926 2299 4073 autres
2338 3926 2825 4073 ſemblables
2889 3926 2953 4073 on
3017 3926 3107 4073 les
3158 3926 3671 4073 previendra,
3723 3926 3774 4073 en
3864 3926 4094 4073 uſant
4159 3926 4159 4073 à
4235 3926 4505 4073 noſtre
4607 3926 4812 4073 mode

427 4064 565 4222 d’un
647 4064 1072 4222 ceinturon
1140 4064 1305 4222 plus
1373 4064 1620 4222 court,
1675 4064 1784 4222 qui
1839 4064 1976 4222 ſoit
2045 4064 2360 4222 capable
2429 4064 2483 4222 de
2566 4064 2950 4222 ſouslever
3004 4064 3045 4222 la
3114 4064 3388 4222 charge
3470 4064 3512 4222 du
3594 4064 3964 4222 pendant
4032 4064 4101 4222 de
4156 4064 4471 4222 l’eſpee;
4567 4064 4581 4222 &
4649 4064 4800 4222 d’un

411 4203 775 4379 pendant
831 4203 999 4379 plus
1055 4203 1251 4379 long
1335 4203 1461 4379 qu’à
1516 4203 2006 4379 l’ordinaire,
2048 4203 2356 4379 attaché
2440 4203 2761 4379 derriere
2803 4203 3167 4379 l’eſpaule
3237 4203 3573 4379 gauche,
3615 4203 3797 4379 ainſi
3853 4203 4020 4379 qu’il
4076 4203 4174 4379 eſt
4230 4203 4678 4379 pourtrait,
4734 4203 4804 4379 au

414 4344 540 4506 bas
611 4344 667 4506 de
737 4344 794 4506 ce
878 4344 1201 4506 Tableau
1286 4344 1328 4506 en
1398 4344 1440 4506 la
1497 4344 1890 4506 premiere
1947 4344 2383 4506 perſonne.
2523 4344 2580 4506 Or
2622 4344 2650 4506 il
2706 4344 2790 4506 eſt
2847 4344 3015 4506 vray
3086 4344 3212 4506 que
3283 4344 3339 4506 ce
3395 4344 3761 4506 pendant
3831 4344 4112 4506 d’eſpee
4183 4344 4408 4506 ſeroit
4464 4344 4619 4506 ſans
4675 4344 4830 4506 fau-

413 4479 465 4655 te
517 4479 686 4655 trop
738 4479 972 4655 long,
1024 4479 1101 4655 s’il
1153 4479 1465 4655 n’eſtoit
1517 4479 1738 4655 retiré
1803 4479 1854 4655 en
1932 4479 2192 4655 avant,
2309 4479 2309 4655 &
2374 4479 2698 4655 comme
2763 4479 3192 4655 raccourci
3257 4479 3373 4655 par
3425 4479 3906 4655 l’aſſiſtence
3984 4479 4036 4655 du
4139 4479 4620 4655 ceinturon:
4711 4479 4828 4655 du-

435 4619 586 4798 quel
641 4619 683 4798 la
738 4619 1137 4798 briefveté
1192 4619 1233 4798 le
1289 4619 1646 4798 ſouſlage
1715 4619 2170 4798 tellement,
2239 4619 2362 4798 que
2417 4619 2459 4798 la
2528 4619 2775 4798 garde,
2872 4619 2872 4798 &
2913 4619 2968 4798 le
3023 4619 3436 4798 fourreau,
3519 4619 3533 4798 &
3574 4619 3615 4798 la
3684 4619 3960 4798 pointe
4028 4619 4083 4798 en
4166 4619 4552 4798 viennent
4634 4619 4786 4798 chaſ

420 4762 537 4918 cun
628 4762 680 4918 en
745 4762 914 4918 leur
979 4762 1174 4918 juſte
1278 4762 1291 4918 &
1356 4762 1850 4918 convenable
1928 4762 2318 4918 hauteur;
2383 4762 2617 4918 ayant
2682 4762 2733 4918 le
2811 4762 3279 4918 ceinturon,
3318 4762 3370 4918 le
3422 4762 3825 4918 fourreau,
3929 4762 3942 4918 &
3981 4762 4033 4918 le
4098 4762 4462 4918 pendant
4527 4762 4813 4918 d’eſpee

409 4895 849 5080 tellement
903 4895 1263 5080 affermis
1369 4895 1383 5080 &
1423 4895 1663 5080 ſerrez
1729 4895 2009 5080 contre
2049 4895 2103 5080 le
2156 4895 2409 5080 corps,
2476 4895 2636 5080 qu’il
2703 4895 2743 5080 en
2823 4895 3076 5080 reuſſit
3129 4895 3169 5080 la
3236 4895 3556 5080 parfaite
3623 4895 4089 5080 proportion
4196 4895 4249 5080 de
4316 4895 4369 5080 la
4449 4895 4823 5080 commo-

429 5036 569 5194 dité
671 5036 683 5194 &
760 5036 823 5194 de
861 5036 912 5194 la
988 5036 1521 5194 bienſeance,
1585 5036 1788 5194 qu’on
1864 5036 1877 5194 y
1940 5036 2309 5194 pourroit
2359 5036 2766 5194 ſouhaiter
2817 5036 3007 5194 pour
3070 5036 3312 5194 entier
3375 5036 4048 5194 contentement,
4112 5036 4277 5194 tant
4353 5036 4404 5194 en
4505 5036 4810 5194 matiere

442 5177 497 5360 de
551 5177 825 5360 porter
879 5177 1153 5360 l’eſpee
1207 5177 1262 5360 au
1358 5177 1590 5360 coſté,
1658 5177 1781 5360 que
1836 5177 2027 5360 pour
2082 5177 2123 5360 la
2177 5177 2355 5360 tirer
2410 5177 2573 5360 hors
2642 5177 2696 5360 du
2778 5177 3188 5360 fourreau.
3298 5177 3475 5360 dont
3530 5177 3653 5360 l’un
3721 5177 3776 5360 ſe
3830 5177 3981 5360 voit
4049 5177 4090 5360 en
4158 5177 4199 5360 la
4268 5177 4691 5360 premiere,
4814 5177 4828 5360 &

416 5316 685 5478 l’autre
741 5316 798 5478 en
868 5316 911 5478 la
967 5316 1320 5478 ſeconde
1377 5316 1617 5478 figure
1674 5316 1730 5478 au
1801 5316 1928 5478 bas
1999 5316 2055 5478 de
2098 5316 2140 5478 la
2225 5316 2465 5478 Table.
2578 5316 2677 5478 Car
2733 5316 2790 5478 au
2875 5316 2988 5478 fait
3073 5316 3115 5478 du
3214 5316 3864 5478 deſgainement,
3906 5316 4090 5478 ceſte
4189 5316 4500 5478 maniere
4570 5316 4641 5478 s’y
4697 5316 4810 5478 ac-

427 5457 884 5631 commode
937 5457 978 5631 ſi
1018 5457 1663 5631 parfaitement,
1730 5457 1918 5631 qu’on
1998 5457 2039 5631 le
2092 5457 2280 5631 peut
2334 5457 2657 5631 parfaire
2710 5457 2858 5631 ſans
2925 5457 2939 5631 y
2992 5457 3409 5631 appliquer
3462 5457 3771 5631 aucune
3825 5457 4080 5631 force,
4120 5457 4214 5631 ny
4268 5457 4510 5631 aucun
4617 5457 4805 5631 mou-

424 5613 801 5770 vement,
877 5613 1002 5770 que
1053 5613 1367 5770 naturel
1480 5613 1480 5770 &
1543 5613 1971 5770 ordinaire.

638 5737 775 5913 Mais
829 5737 993 5913 puis
1062 5737 1185 5913 que
1253 5737 1458 5913 nous
1499 5737 1745 5913 avons
1813 5737 2141 5913 propoſé
2237 5737 2292 5913 de
2374 5737 2647 5913 traiter
2716 5737 2907 5913 ceſte
2989 5737 3290 5913 matiere
3372 5737 3413 5913 du
3508 5737 4124 5913 deſgainement
4178 5737 4356 5913 tout
4397 5737 4411 5913 à
4465 5737 4643 5913 plein
4739 5737 4780 5913 en

421 5876 463 6039 la
577 5876 791 6039 Table
848 5876 1247 6039 ſuivante,
1346 5876 1346 6039 &
1417 5876 1546 6039 que
1617 5876 1674 6039 ce
1731 5876 1902 6039 n’eſt
1944 5876 2058 6039 icy
2115 5876 2656 6039 proprement
2699 5876 2756 6039 le
2799 5876 2927 6039 lieu
3027 5876 3084 6039 de
3140 5876 3425 6039 parler,
3482 5876 3610 6039 que
3696 5876 3753 6039 de
3810 5876 3852 6039 la
3909 5876 4379 6039 bienſeance
4465 5876 4508 6039 du
4593 5876 4807 6039 port;

417 6013 616 6194 nous
669 6013 749 6194 ne
802 6013 1213 6194 paſſerons
1266 6013 1492 6194 point
1545 6013 1704 6194 plus
1770 6013 2023 6194 outre,
2076 6013 2261 6194 nous
2341 6013 2872 6194 contentants
2938 6013 3403 6194 d’adjouſter
3469 6013 3588 6194 icy
3642 6013 4172 6194 ſimplement
4225 6013 4318 6194 les
4371 6013 4663 6194 raiſons
4730 6013 4783 6194 du

430 6151 1028 6337 changement;
1137 6151 1137 6337 &
1177 6151 1273 6337 les
1341 6151 1585 6337 cauſes
1640 6151 1830 6337 pour
1871 6151 2292 6337 leſquelles
2360 6151 2414 6337 on
2509 6151 2645 6337 doit
2713 6151 3080 6337 attacher
3134 6151 3243 6337 les
3284 6151 3569 6337 ſuſdits
3637 6151 4099 6337 ceinturon,
4194 6151 4208 6337 &
4262 6151 4629 6337 pendant
4697 6151 4820 6337 d’e-

427 6290 623 6481 ſpee,
680 6290 778 6481 ſur
834 6290 876 6481 le
974 6290 1185 6481 milieu
1283 6290 1340 6481 du
1424 6290 1719 6481 ventre,
1845 6290 1845 6481 &
1915 6290 2224 6481 derriere
2280 6290 2632 6481 l’eſpaule
2702 6290 3053 6481 gauche,
3123 6290 3446 6481 comme
3502 6290 3601 6481 les
3671 6290 3952 6481 figures
4036 6290 4654 6481 demonſtrent.
4780 6290 4794 6481 A

421 6431 757 6586 l’entree
825 6431 892 6586 de
959 6431 1053 6586 ces
1121 6431 1767 6586 conſiderations
1821 6431 2009 6586 nous
2103 6431 2440 6586 mettons
2494 6431 2682 6586 pour
2736 6431 3248 6586 fondement
3301 6431 3651 6586 general,
3719 6431 3840 6586 que
3894 6431 3974 6586 ny
4042 6431 4096 6586 le
4203 6431 4674 6586 Ceinturon,
4728 6431 4809 6586 ny

420 6570 474 6742 le
569 6570 960 6742 Pendant,
1001 6570 1082 6742 ne
1163 6570 1473 6742 doivent
1541 6570 1649 6742 pas
1703 6570 1892 6742 eſtre
1946 6570 2310 6742 attachez
2378 6570 2432 6742 au
2540 6570 2742 6742 corps
2823 6570 2877 6742 de
2945 6570 2985 6742 la
3053 6570 3444 6742 perſonne
3512 6570 3674 6742 ſans
3728 6570 3971 6742 aucun
4065 6570 4349 6742 uſage:
4430 6570 4524 6742 car
4605 6570 4808 6742 com-

464 6710 547 6895 me
616 6710 672 6895 on
741 6710 824 6895 ne
920 6710 1045 6895 met
1100 6710 1211 6895 pas
1266 6710 1418 6895 une
1473 6710 1764 6895 couple
1833 6710 1888 6895 de
1957 6710 2303 6895 chevaux
2358 6710 2358 6895 à
2414 6710 2455 6895 la
2524 6710 2842 6895 charue,
2884 6710 3008 6895 afin
3105 6710 3299 6895 qu’un
3368 6710 3520 6895 ſeul
3575 6710 3630 6895 en
3699 6710 4170 6895 ſouſtienne
4225 6710 4460 6895 toute
4501 6710 4543 6895 la
4612 6710 4819 6895 char-

4494 6866 4576 7000 ge,
4659 6866 4810 7000 mais
