5442 7366
789 296 871 447 ge,
968 296 1120 447 mais
1175 296 1381 447 qu’ils
1423 296 2043 447 s’entreaident,
2139 296 2139 447 &
2194 296 2622 447 ſoulagent
2704 296 3366 447 mutuellement:
3421 296 3600 447 auſsi
3669 296 4014 447 voulons
4069 296 4262 447 nous
4317 296 4923 447 pareillement,
4992 296 5116 447 que

759 434 812 584 le
879 434 1279 584 ceinturon
1413 434 1413 584 &
1453 434 1506 584 le
1560 434 1920 584 pendant
1987 434 2574 584 s’entreaident
2614 434 2628 584 à
2681 434 2948 584 porter
2988 434 3309 584 l’eſpee.
3402 434 3416 584 &
3456 434 3469 584 à
3522 434 3562 584 la
3616 434 3816 584 tenir
3910 434 4337 584 deuement
4404 434 4764 584 affermie
4844 434 5111 584 contre

762 570 804 721 le
873 570 1123 721 corps,
1179 570 1331 721 tant
1387 570 1387 721 à
1457 570 1748 721 cheval,
1804 570 1929 721 qu’à
1998 570 2207 721 pied.
2346 570 2401 721 De
2471 570 2651 721 ceſte
2721 570 3179 721 hypotheſe
3235 570 3402 721 ſont
3443 570 3666 721 tirées
3735 570 3818 721 les
3888 570 4402 721 concluſions
4444 570 4874 721 ſuivantes.

929 713 1565 864 Premierement
1632 713 1831 864 qu’on
1910 713 1977 864 ne
2069 713 2215 864 doit
2268 713 2627 864 attacher
2666 713 2719 864 le
2825 713 3237 864 Ceinturon
3316 713 3422 864 ſur
3462 713 3502 864 le
3582 713 3767 864 coſté
3847 713 4059 864 droit,
4165 713 4258 864 &le
4324 713 4683 864 pendant
4736 713 4842 864 ſur
4895 713 4948 864 le
5014 713 5080 864 co

756 845 850 999 ſté
917 845 1240 999 gauche,
1294 845 1603 999 comme
1683 845 2060 999 quelques
2113 845 2248 999 uns
2301 845 2422 999 ont
2490 845 2557 999 de
2624 845 3081 999 couſtume.
3215 845 3323 999 Car
3390 845 3430 999 en
3524 845 3578 999 ce
3632 845 3954 999 faiſant,
4008 845 4048 999 ſi
4089 845 4129 999 le
4209 845 4626 999 ceinturon
4707 845 5110 999 ſouſtient

753 994 1335 1141 aucunement
1375 994 1666 1141 l’eſpee,
1693 994 1733 1141 il
1772 994 2143 1141 aviendra
2222 994 2474 1141 qu’elle
2527 994 2805 1141 pendra
2871 994 2990 1141 par
3070 994 3348 1141 devant
3388 994 3441 1141 la
3507 994 3904 1141 perſonne
3970 994 4036 1141 de
4089 994 4407 1141 travers,
4460 994 4513 1141 en
4579 994 4698 1141 luy
4778 994 5109 1141 croiſant

755 1128 848 1279 les
901 1128 1248 1279 genoux.
1355 1128 1528 1279 Pour
1595 1128 1782 1279 ceſte
1849 1128 2049 1279 cauſe
2102 1128 2289 1279 nous
2342 1128 2583 1279 avons
2636 1128 2996 1279 ordonné
3076 1128 3130 1279 de
3183 1128 3597 1279 l’attacher
3637 1128 3743 1279 ſur
3797 1128 3850 1279 le
3930 1128 4144 1279 milieu
4237 1128 4290 1279 du
4370 1128 4664 1279 ventre,
4771 1128 4784 1279 &
4824 1128 4864 1279 le
4931 1128 5118 1279 pen-

775 1264 938 1418 dant
1020 1264 1074 1418 de
1129 1264 1442 1418 l’eſpeeà
1510 1264 1987 1418 l’advenant,
2041 1264 2313 1418 autant
2368 1264 2531 1418 plus
2586 1264 2640 1418 en
2708 1264 3008 1418 arriere;
3049 1264 3171 1418 afin
3267 1264 3389 1418 que
3444 1264 3716 1418 l’eſpee
3770 1264 4138 1418 revienne
4192 1264 4397 1418 ſurle
4465 1264 4655 1418 coſté
4737 1264 4792 1418 de
4846 1264 4887 1418 la
4955 1264 5105 1418 per-

752 1401 992 1558 ſonne
1045 1401 1112 1558 un
1192 1401 1312 1558 peu
1392 1401 1539 1558 vers
1579 1401 1632 1558 le
1699 1401 2046 1558 derriere,
2153 1401 2153 1558 &
2220 1401 2473 1558 qu’elle
2527 1401 2660 1558 ſoit
2713 1401 3140 1558 ſouſtenue
3194 1401 3314 1558 par
3354 1401 3407 1558 le
3461 1401 3834 1558 pendant
3874 1401 3888 1558 à
3941 1401 4141 1558 l’aide
4221 1401 4275 1558 du
4355 1401 4835 1558 ceinturon;
4942 1401 4955 1558 &
5009 1401 5102 1558 af-

753 1538 1027 1697 fermie
1110 1538 1370 1697 contre
1439 1538 1480 1697 le
1576 1538 1782 1697 corps
1837 1538 1947 1697 par
2002 1538 2043 1697 la
2098 1538 2290 1697 juſte
2358 1538 2825 1697 proportion
2921 1538 2976 1697 de
3017 1538 3058 1697 la
3141 1538 3484 1697 diſtance
3552 1538 3621 1697 de
3662 1538 3785 1697 l’un
3868 1538 3868 1697 à
3923 1538 4225 1697 l’autre.
4389 1538 5020 1697 Secondement
5075 1538 5117 1697 il

744 1685 1058 1836 appert,
1123 1685 1254 1836 que
1293 1685 1345 1836 le
1450 1685 1868 1836 Ceinturon
1973 1685 2117 1836 doit
2182 1685 2352 1836 eſtre
2417 1685 2561 1836 plus
2627 1685 2875 1836 court,
2927 1685 3123 1836 qu’on
3202 1685 3280 1836 ne
3320 1685 3372 1836 le
3424 1685 3542 1836 fait
3607 1685 4300 1836 ordinairement;
4352 1685 4457 1836 car
4509 1685 4653 1836 ſans
4719 1685 4849 1836 cela
4915 1685 4954 1836 il
5019 1685 5098 1836 ne

749 1816 1342 1974 peutſoulager
1383 1816 1438 1974 le
1493 1816 1879 1974 pendant;
1948 1816 2293 1974 d’autant
2361 1816 2527 1974 qu’il
2582 1816 2954 1974 demeure
3023 1816 3188 1974 trop
3257 1816 3547 1974 laſche.
3726 1816 3891 1974 Pour
3960 1816 4001 1974 le
4070 1816 4484 1974 troiſieme
4552 1816 4897 1974 s’enſuit,
4966 1816 5104 1974 que

738 1955 792 2111 le
874 1955 1212 2111 Pendant
1294 1955 1429 2111 doit
1497 1955 1673 2111 eſtre
1713 1955 1781 2111 au
1862 1955 2255 2111 contraire
2296 1955 2458 2111 plus
2512 1955 2729 2111 long:
2783 1955 2878 2111 car
2932 1955 2932 2111 à
3027 1955 3298 2111 meſure
3379 1955 3569 2111 qu’on
3637 1955 3691 2111 le
3745 1955 4002 2111 prend
4057 1955 4219 2111 plus
4287 1955 4531 2111 court,
4558 1955 4612 2111 le
4680 1955 5086 2111 ceinturon

744 2095 850 2248 s’en
930 2095 1275 2248 relaſche
1328 2095 1328 2248 à
1381 2095 1885 2248 l’advenant;
1978 2095 2031 2248 de
2084 2095 2283 2248 ſorte
2349 2095 2508 2248 qu’il
2548 2095 2906 2248 faudroit
2960 2095 3145 2248 auſsi
3198 2095 3649 2248 raccourcir
3702 2095 3702 2248 à
3795 2095 4074 2248 meſme
4140 2095 4618 2248 proportion
4684 2095 4724 2248 le
4804 2095 5095 2248 ceintu-

738 2241 922 2388 ron:
1006 2241 1049 2388 ce
1133 2241 1232 2388 qui
1289 2241 1359 2388 ne
1416 2241 1599 2388 peut
1670 2241 1881 2388 eſtre.
2023 2241 2065 2388 Il
2121 2241 2164 2388 en
2248 2241 2531 2388 paroiſt
2587 2241 2771 2388 auſſi
2813 2241 3561 2388 ſemblablement,
3632 2241 3759 2388 que
3801 2241 3858 2388 le
3942 2241 4281 2388 Pendant
4352 2241 4507 2388 doit
4563 2241 4733 2388 eſtre
4803 2241 4874 2388 un
4959 2241 5086 2388 peu

743 2370 904 2530 plus
972 2370 1173 2530 court
1254 2370 1375 2530 que
1428 2370 1616 2530 n’eſt
1657 2370 1711 2530 le
1778 2370 2248 2530 ceinturon:
2315 2370 2503 2530 pour
2570 2370 2624 2530 ce
2691 2370 2893 2530 qu’on
2987 2370 3054 2530 ne
3135 2370 3350 2530 porte
3417 2370 3538 2530 pas
3592 2370 3860 2530 l’eſpee
3927 2370 4384 2530 juſtement
4451 2370 4505 2530 au
4613 2370 4855 2530 coſté,
4949 2370 5110 2530 mais

735 2516 804 2667 un
901 2516 1025 2667 peu
1108 2516 1149 2667 en
1232 2516 1494 2667 arriere
1577 2516 1825 2667 devers
1867 2516 1908 2667 le
1977 2516 2336 2667 pendant
2419 2516 2488 2667 de
2543 2516 2860 2667 l’eſpee,
2943 2516 3053 2667 qui
3122 2516 3260 2667 doit
3315 2516 3495 2667 eſtre
3550 2516 3605 2667 le
3660 2516 3826 2667 plus
3895 2516 4143 2667 court,
4185 2516 4309 2667 afin
4419 2516 4585 2667 qu’il
4640 2516 4681 2667 la
4764 2516 4888 2667 tire
4985 2516 5109 2667 d’a-

741 2653 1104 2805 vantage.
1198 2653 1292 2805 car
1360 2653 1467 2805 s’il
1534 2653 1750 2805 eſtoit
1830 2653 1978 2805 egal
2045 2653 2113 2805 au
2207 2653 2691 2805 ceinturon,
2745 2653 3013 2805 l’eſpee
3067 2653 3457 2805 pendroit
3511 2653 3578 2805 au
3659 2653 3860 2805 juſte
3928 2653 4425 2805 entredeux.
4627 2653 5097 2805 Maintenant

752 2783 903 2943 qu’il
958 2783 1054 2943 eſt
1109 2783 1260 2943 plus
1328 2783 1575 2943 court,
1616 2783 1794 2943 auſſi
1835 2783 2109 2943 l’eſpee
2151 2783 2274 2943 s’en
2342 2783 2904 2943 accommode
2959 2783 3028 2943 un
3110 2783 3233 2943 peu
3316 2783 3768 2943 d’avantage
3836 2783 3891 2943 en
3960 2783 4261 2943 arriere.
4344 2783 4385 2943 Il
4440 2783 4494 2943 en
4577 2783 4864 2943 appert
4919 2783 5111 2943 auſſi

728 2922 932 3079 pour
972 2922 1013 3079 le
1081 2922 1571 3079 cinquieme,
1612 2922 2061 3079 pourquoy
2102 2922 2660 3079 leCeinturon
2782 2922 2782 3079 &
2823 2922 3231 3079 lePendãt
3299 2922 3612 3079 doivent
3653 2922 3857 3079 avoir
3898 2922 3939 3079 la
3993 2922 4197 3079 juſte
4238 2922 4673 3079 longueur,
4728 2922 4850 3079 que
4905 2922 5095 3079 nous

722 3063 887 3220 leur
928 3063 1174 3220 avons
1216 3063 1586 3220 aſſignée,
1627 3063 1764 3220 non
1833 3063 1997 3220 plus
2066 3063 2381 3220 grande,
2463 3063 2477 3220 &
2518 3063 2696 3220 auſſi
2751 3063 2874 3220 non
2957 3063 3121 3220 plus
3176 3063 3683 3220 petite:pour
3752 3063 3807 3220 ce
3875 3063 4040 3220 qu’il
4095 3063 4191 3220 n’y
4245 3063 4259 3220 a
4314 3063 4547 3220 point
4616 3063 4890 3220 d’autre
4986 3063 5109 3220 me-

723 3196 917 3358 ſure,
973 3196 1097 3358 que
1167 3196 1500 3358 ceſte-cy
1556 3196 1778 3358 ſeule,
1833 3196 1944 3358 qui
2000 3196 2125 3358 ſoit
2180 3196 2847 3358 proportionnée
2902 3196 2902 3358 à
2972 3196 3152 3358 tenir
3208 3196 3250 3358 la
3319 3196 3541 3358 garde
3597 3196 3652 3358 en
3722 3196 3763 3358 ſa
3847 3196 4346 3358 convenable
4388 3196 4777 3358 hauteur,
4860 3196 4874 3358 &
4916 3196 4916 3358 à
4971 3196 5096 3358 luy

739 3334 1042 3497 donner
1107 3334 1147 3497 la
1226 3334 1581 3497 ſituation
1674 3334 1713 3497 la
1792 3334 1950 3497 plus
2029 3334 2358 3497 parfaite
2450 3334 2503 3497 de
2569 3334 2872 3497 toutes,
2924 3334 3122 3497 pour
3201 3334 3464 3497 mettre
3517 3334 3517 3497 à
3622 3334 3886 3497 meſme
3951 3334 4215 3497 temps
4320 3334 4320 3497 &
4360 3334 4373 3497 à
4425 3334 4531 3497 ſon
4610 3334 4741 3497 aiſe
4794 3334 4834 3497 la
4926 3334 5071 3497 main

735 3469 977 3629 droite
1040 3469 1040 3629 à
1091 3469 1396 3629 l’eſpee,
1498 3469 1511 3629 &
1549 3469 1587 3629 la
1663 3469 1968 3629 gauche
2019 3469 2082 3629 au
2159 3469 2565 3629 fourreau,
2603 3469 2794 3629 pour
2870 3469 3315 3629 accomplir
3379 3469 3493 3629 con
3557 3469 4166 3629 ſecutivement
4230 3469 4688 3629 l’operation
4802 3469 4865 3629 du
4967 3469 5107 3629 deſ-

735 3610 1225 3763 gainement,
1301 3610 1401 3763 qui
1464 3610 1552 3763 eſt
1590 3610 1640 3763 la
1703 3610 2092 3763 premiere
2143 3610 2645 3763 preparation
2733 3610 2922 3763 pour
2972 3610 3022 3763 ſe
3110 3610 3374 3763 mettre
3437 3610 3474 3763 en
3587 3610 3927 3763 deſenſe:
4002 3610 4203 3763 voire
4253 3610 4429 3763 auſſi
4505 3610 4693 3763 pour
4781 3610 5095 3763 repoſer

706 3739 762 3890 le
818 3739 1070 3890 coude
1155 3739 1197 3890 du
1281 3739 1449 3890 bras
1505 3739 1800 3890 gauche
1884 3739 2151 3890 deſſus,
2221 3739 2263 3890 en
2333 3739 2375 3890 la
2474 3739 2824 3890 maniere,
2923 3739 2937 3890 &
2979 3739 3175 3890 pour
3217 3739 3315 3890 les
3372 3739 3652 3890 cauſes,
3708 3739 3821 3890 qui
3863 3739 4045 3890 ſont
4101 3739 4564 3890 expliquées
4620 3739 4677 3890 au
4775 3739 5083 3890 Tableau

714 3881 1163 4038 precedent
1217 3881 1326 4038 ſur
1367 3881 1407 4038 la
1475 3881 1720 4038 figure
1829 3881 1911 4038 A.
2169 3881 2224 4038 En
2292 3881 2374 4038 fin
2442 3881 2564 4038 par
2632 3881 2727 4038 ces
2782 3881 3067 4038 raiſons
3108 3881 3135 4038 il
3203 3881 3244 4038 ſe
3312 3881 3489 4038 voit,
3557 3881 3680 4038 que
3734 3881 4006 4038 noſtre
4061 3881 4278 4038 façon
4374 3881 4428 4038 de
4482 3881 4755 4038 porter
4795 3881 5095 4038 l’eſpee,

719 4016 901 4171 n’eſt
957 4016 1069 4171 pas
1111 4016 1572 4171 ſeulement
1628 4016 1796 4171 plus
1852 4016 2327 4171 commode,
2397 4016 2522 4171 que
2564 4016 2620 4171 la
2676 4016 3054 4171 vulgaire;
3137 4016 3291 4171 mais
3361 4016 3613 4171 qu’elle
3696 4016 3738 4171 en
3822 4016 4088 4171 gaigne
4158 4016 4339 4171 auſſi
4381 4016 4437 4171 le
4493 4016 4647 4171 prix
4689 4016 4759 4171 au
4829 4016 5108 4171 regard

744 4153 796 4297 de
848 4153 887 4297 la
952 4153 1485 4297 bienſeance,
1589 4153 1589 4297 &
1667 4153 1719 4297 de
1784 4153 2278 4297 l’ornement
2356 4153 2421 4297 de
2473 4153 3006 4297 proportion;
3071 4153 3383 4297 dequoy
3448 4153 3513 4297 on
3591 4153 3734 4297 voit
3812 4153 4007 4297 quaſi
4059 4153 4332 4297 arriver
4371 4153 4423 4297 le
4488 4153 4943 4297 ſemblable
5021 4153 5074 4297 en

722 4292 994 4437 toutes
1049 4292 1349 4437 choſes.
1403 4292 1499 4437 car
1553 4292 1731 4437 ſelon
1826 4292 1881 4437 ce
1949 4292 2140 4437 qu’en
2208 4292 2222 4437 a
2276 4292 2740 4437 teſmoigné
2781 4292 2835 4437 le
2890 4292 3135 4437 grand
3244 4292 3544 4437 Orateur
3640 4292 3653 4437 &
3721 4292 3871 4437 Pere
3953 4292 4008 4437 de
4049 4292 4594 4437 l’Eloquence
4676 4292 5085 4437 Romaine,

723 4430 764 4578 la
834 4430 1124 4578 beauté
1208 4430 1581 4578 conſiſte,
1692 4430 1706 4578 &
1748 4430 1803 4578 ſe
1886 4430 2302 4578 deſcouvre
2371 4430 3022 4578 ordinairement
3091 4430 3133 4578 en
3216 4430 3534 4578 lVſage
3617 4430 3922 4578 meſme.
4047 4430 4088 4578 Si
4171 4430 4504 4578 quelque
4587 4430 4809 4578 choſe
4892 4430 5099 4578 eſloi-

738 4565 920 4723 gnée
1004 4565 1060 4723 de
1102 4565 1437 4723 l’utilité,
1479 4565 1563 4723 ne
1604 4565 1800 4723 laiſſe
1870 4565 1982 4723 pas
2051 4565 2107 4723 de
2163 4565 2498 4723 ſembler
2554 4565 3043 4723 aucunefois
3085 4565 3281 4723 belle
3337 4565 3462 4723 aux
3518 4565 3965 4723 ignorants,
4007 4565 4440 4723 toutesfois
4482 4565 4580 4723 les
4636 4565 4803 4723 gens
4873 4565 4943 4723 de
4985 4565 5083 4723 ju-

738 4705 1060 4864 gement
1127 4705 1141 4864 y
1194 4705 1812 4864 recognoiſſent
1866 4705 2268 4864 touſiours
2322 4705 2456 4864 une
2510 4705 3127 4864 imperfeion,
3194 4705 3302 4864 qui
3355 4705 3758 4864 obſcurcit
3798 4705 3852 4864 le
3906 4705 4134 4864 luſtre
4214 4705 4268 4864 de
4322 4705 4469 4864 leur
4537 4705 5020 4864 apparence.
