5442 7366
1119 1299 1406 1418 DEC
1521 1299 2498 1418 LARATION
2747 1299 3015 1418 DES
3284 1299 4510 1418 OPERATIONS

1857 1465 1968 1553 DV
2150 1465 2777 1553 TABLEAV
2958 1465 3738 1553 TROISIEME.

692 3382 797 3486 LA
976 3382 1543 3486 MANIERE
1678 3382 1782 3486 DE
1917 3382 2290 3486 TIRER
2424 3382 2574 3486 L’E-

789 3508 983 3621 SPEE
1102 3508 1188 3621 EN
1306 3508 1942 3621 AVANCEANT

1056 3618 1382 3743 Occaſion
1467 3618 1527 3743 de
1588 3618 1757 3743 tirer
1805 3618 2071 3743 l’eſpee
2132 3618 2180 3743 en
2277 3618 2663 3743 avançant

987 3746 1047 3868 ſe
1106 3746 1488 3868 preſente,
1535 3746 1785 3868 quand
1833 3746 2226 3868 l’Ennemi
2286 3746 2369 3868 eſt
2417 3746 2476 3868 au
2560 3746 2667 3868 de-

1004 3870 1160 3969 vant
1228 3870 1284 3969 de
1340 3870 1530 3969 nous
1597 3870 1642 3969 en
1731 3870 2224 3969 raiſonnable
2291 3870 2672 3969 diſtance,

1040 3989 1052 4112 &
1126 3989 1249 4112 que
1298 3989 1335 4112 la
1397 3989 1766 4112 neceſſité
1815 3989 2012 4112 nous
2061 3989 2294 4112 preſſe
2344 3989 2344 4112 à
2405 3989 2663 4112 noſtre

558 4119 890 4210 defenſe.
1022 4119 1122 4210 Car
1188 4119 1254 4210 de
1310 4119 1619 4210 reculer
1697 4119 1741 4210 en
1829 4119 2106 4210 arriere
2194 4119 2238 4210 en
2327 4119 2470 4210 une
2559 4119 2658 4210 oc-

559 4237 918 4363 currence
977 4237 1001 4363 ſi
1049 4237 1479 4363 neceſſaire
1587 4237 1587 4363 &
1647 4237 1682 4363 ſi
1742 4237 2160 4363 evidente,
2232 4237 2364 4363 que
2435 4237 2662 4363 ſeroit

547 4363 652 4484 ce,
698 4363 884 4484 ſinon
954 4363 1268 4484 allumer
1337 4363 1663 4484 d’autant
1721 4363 1884 4484 plus
1942 4363 2000 4484 le
2081 4363 2418 4484 courage
2500 4363 2569 4484 de
2616 4363 2651 4484 la

550 4486 775 4607 partie
835 4486 1143 4607 adverſe
1202 4486 1321 4607 par
1369 4486 1511 4607 une
1582 4486 1843 4607 eſpece
1915 4486 1974 4607 de
2021 4486 2413 4607 retirade,
2508 4486 2662 4607 qu’il

536 4609 894 4732 pourroit
951 4609 1286 4732 prendre
1344 4609 1344 4732 à
1413 4609 1505 4732 ſon
1586 4609 2070 4732 advantage,
2128 4609 2428 4732 comme
2497 4609 2520 4732 ſi
2589 4609 2636 4732 on

542 4733 620 4856 ne
684 4733 917 4856 l’oſaſt
994 4733 1201 4856 point
1265 4733 1769 4856 approcher.
1898 4733 2066 4856 C’eſt
2131 4733 2570 4856 pourquoy
2635 4733 2661 4856 il

538 4858 652 4977 luy
709 4858 857 4977 faut
914 4858 1085 4977 aller
1131 4858 1587 4977 hardiment
1655 4858 1712 4977 au
1815 4858 2089 4977 devant
2214 4858 2226 4977 &
2294 4858 2659 4977 alencon-

545 4983 687 5107 tre,
752 4983 948 5107 pour
992 4983 1046 5107 le
1112 4983 1471 5107 recevoir
1526 4983 1711 5107 avec
1777 4983 1918 5107 une
2006 4983 2420 5107 reſolution
2518 4983 2659 5107 ani-

572 5102 840 5226 meuſe;
896 5102 996 5226 car
1075 5102 1298 5226 mieux
1365 5102 1533 5226 vaut
1577 5102 1756 5226 faire
1812 5102 1902 5226 ſon
2002 5102 2248 5226 devoir
2304 5102 2415 5226 par
2494 5102 2661 5226 cou-

544 5228 741 5348 rage,
799 5228 927 5348 que
973 5228 1089 5348 par
1147 5228 1624 5348 contrainte.
1717 5228 1914 5348 Allez
1984 5228 2204 5348 donc,
2286 5228 2657 5348 marchez,

609 5352 609 5476 &
668 5352 855 5476 tirez
902 5352 1172 5476 l’eſpee
1243 5352 1431 5476 ſelon
1513 5352 1548 5476 la
1642 5352 1994 5476 maniere,
2053 5352 2182 5476 que
2252 5352 2440 5476 nous
2510 5352 2675 5476 pre-

547 5475 898 5600 tendons
980 5475 1038 5600 de
1143 5475 1541 5600 monſtrer,
1588 5475 1705 5600 par
1763 5475 1810 5600 la
1868 5475 2488 5600 repreſentation
2594 5475 2652 5600 de

561 5599 670 5743 ces
730 5599 996 5743 quatre
1044 5599 1334 5743 figures
1407 5599 1467 5743 de
1552 5599 1878 5743 moindre
1939 5599 2132 5743 taille
2192 5599 2192 5743 à
2277 5599 2434 5743 main
2506 5599 2676 5743 gau-

564 5717 687 5846 che
761 5717 822 5846 de
871 5717 908 5846 la
994 5717 1252 5846 Table,
1338 5717 1731 5846 marquées
1817 5717 1940 5846 A.B.
2014 5717 2038 5846 C.
2112 5717 2149 5846 D.

1248 5904 1727 6004 FIGVRE
1922 5904 1997 6004 A.

1040 6026 1630 6178 Remierement
1736 6026 1949 6178 apres
2043 6026 2256 6178 avoir
2385 6026 2669 6178 marché

1024 6174 1259 6304 deux,
1338 6174 1562 6304 trois,
1640 6174 1696 6304 ou
1809 6174 2066 6304 quatre
2145 6174 2257 6304 pas
2324 6174 2369 6304 en
2448 6174 2661 6304 avant

1015 6300 1192 6426 ſelon
1274 6300 1521 6426 voſtre
1579 6300 2108 6426 commodité,
2155 6300 2331 6426 vous
2390 6300 2672 6426 empoi-

1026 6422 1311 6553 gnerez
1385 6422 1447 6553 de
1496 6422 1534 6553 la
1620 6422 1756 6553 main
1856 6422 2153 6553 gauche
2202 6422 2252 6553 le
2314 6422 2661 6553 pendant

555 6549 731 6672 avec
768 6549 831 6672 le
881 6549 1232 6672 fourreau
1320 6549 1382 6672 de
1433 6549 1721 6672 l’eſpee,
1758 6549 2122 6672 joignant
2160 6549 2210 6672 la
2272 6549 2523 6672 garde,
2573 6549 2686 6672 du-

556 6664 707 6793 rant
769 6664 819 6793 la
907 6664 1321 6793 demarche
1408 6664 1458 6793 du
1546 6664 1709 6793 pied
1797 6664 2135 6793 gauche;
2248 6664 2248 6793 &
2336 6664 2586 6793 quand
2649 6664 2674 6793 il

1523 1659 1753 1879 Yant
1869 1659 2464 1879 demonſtré
2541 1659 2694 1879 par
2771 1659 2829 1879 la
2925 1659 3539 1879 declaration
3673 1659 3731 1879 du
3884 1659 4307 1879 iableau
4441 1659 4480 1879 I.
4575 1659 4633 1879 la
4710 1659 4979 1879 iuſte

1471 1856 1754 2016 meſure
1825 1856 1881 2016 de
1924 1856 1924 2016 l
2023 1856 2235 2016 Eſpee
2320 1856 2376 2016 de
2433 1856 2899 2016 chaſquune
2970 1856 3394 2016 perſonne;
3493 1856 3493 2016 &
3549 1856 3606 2016 en
3676 1856 3719 2016 la
3804 1856 4270 2016 deſcription
4355 1856 4411 2016 du
4496 1856 4567 2016 II.
4609 1856 4652 2016 la
4736 1856 4948 2016 vraye

1440 2005 1847 2157 longueur
1945 2005 1959 2157 &
2001 2005 2310 2157 largeur
2380 2005 2437 2157 du
2535 2005 2928 2157 Pendant,
2998 2005 3110 2157 qui
3153 2005 3279 2157 luy
3335 2005 3461 2157 ſoit
3518 2005 4093 2157 pareillement
4163 2005 4851 2157 proportionné:
4922 2005 4950 2157 Il

1436 2137 1747 2295 s’enſuit
1801 2137 1910 2295 par
1977 2137 2194 2295 ordre
2248 2137 2248 2295 à
2315 2137 2559 2295 parler
2627 2137 2681 2295 du
2802 2137 3438 2295 Deſgainement,
3492 2137 3600 2295 qui
3655 2137 3830 2295 eſtla
3898 2137 4290 2295 premiere
4331 2137 4574 2295 aion
4669 2137 4723 2295 de
4777 2137 4940 2295 tou-

1436 2284 1529 2435 tes
1608 2284 1821 2435 celles
1900 2284 1953 2435 de
2020 2284 2351 2435 l’eſpee:
2417 2284 2471 2435 de
2537 2284 2882 2435 laquelle
2935 2284 3134 2435 nous
3187 2284 3651 2435 traitterons
3691 2284 3810 2435 icy
3863 2284 3943 2435 un
4023 2284 4142 2435 peu
4208 2284 4275 2435 au
4341 2284 4566 2435 large,
4633 2284 4951 2435 comme

1472 2414 1528 2574 de
1584 2414 1849 2574 choſe,
1919 2414 2017 2574 qui
2073 2414 2170 2574 eſt
2240 2414 2296 2574 de
2352 2414 2519 2574 plus
2575 2414 2869 2574 grande
2910 2414 3469 2574 importance,
3539 2414 3664 2574 que
3720 2414 4111 2574 pluſieurs
4153 2414 4237 2574 ne
4307 2414 4684 2574 penſent;
4796 2414 4809 2574 &
4893 2414 4949 2574 de

552 2558 904 2712 laquelle
969 2558 1021 2712 on
1100 2558 1113 2712 a
1178 2558 1282 2712 veu
1348 2558 1361 2712 à
1439 2558 1752 2712 diverſes
1804 2558 1948 2712 fois
1987 2558 2313 2712 advenir
2392 2558 2457 2712 de
2522 2558 2796 2712 grands
2835 2558 3501 2712 inconvenients
3540 2558 3553 2712 à
3618 2558 3801 2712 ceux
3866 2558 3983 2712 qui
4023 2558 4179 2712 n’en
4270 2558 4662 2712 ſavoyent
4727 2558 4845 2712 pas
4897 2558 4949 2712 la

571 2696 774 2855 vraye
869 2696 1222 2855 maniere,
1289 2696 1357 2855 de
1411 2696 1615 2855 ſorte
1682 2696 1872 2855 qu’ils
1940 2696 1954 2855 y
2008 2696 2143 2855 ont
2198 2696 2333 2855 eſté
2401 2696 2753 2855 ſurprins
2808 2696 2916 2855 par
2957 2696 3160 2855 leurs
3255 2696 3770 2855 Adverſaires,
3811 2696 4231 2855 tellement
4312 2696 4434 2855 que
4488 2696 4760 2855 l’eſpee
4800 2696 4963 2855 leur

551 2837 564 2993 a
631 2837 765 2993 eſté
819 2837 1127 2993 rendue
1208 2837 1489 2993 nutile.
1597 2837 1771 2993 Pour
1852 2837 1865 2993 y
1932 2837 2388 2993 remedier,
2442 2837 2482 2993 il
2549 2837 2710 2993 faut
2790 2837 2978 2993 qu’on
3045 2837 3085 2993 la
3152 2837 3367 2993 ſache
3421 2837 3595 2993 tirer
3676 2837 4212 2993 dextrement,
4252 2837 4279 2993 ſi
4333 2837 4494 2993 bien
4588 2837 4789 2993 qu’on
4869 2837 4950 2993 ne

557 2974 627 3132 s’y
697 2974 1117 3132 empeſche
1172 2974 1298 3132 pas
1340 2974 1466 3132 ſoy
1550 2974 1857 3132 meſme,
1899 2974 1969 3132 ou
2053 2974 2263 3132 qu’on
2333 2974 2403 3132 ne
2459 2974 2500 3132 le
2556 2974 2794 3132 puiſſe
2850 2974 3032 3132 eſtre
3088 2974 3199 3132 par
3255 2974 3577 3132 autruy.
3731 2974 3773 3132 Or
3814 2974 3856 3132 il
3912 2974 3926 3132 y
3982 2974 3982 3132 a
4066 2974 4248 3132 deux
4332 2974 4695 3132 manieres
4751 2974 4947 3132 prin-

567 3114 838 3263 cipales
902 3114 967 3263 de
1018 3114 1070 3263 le
1122 3114 1354 3263 faire;
1393 3114 1599 3263 l’une
1664 3114 1702 3263 en
1780 3114 2231 3263 avançant,
2335 3114 2347 3263 &
2386 3114 2657 3263 l’autre
2722 3114 2773 3263 en
2838 3114 3264 3263 reculant.

2818 3376 3090 3506 tombe
3147 3376 3158 3506 à
3215 3376 3452 3506 terre,
3498 3376 3566 3506 de
3611 3376 3871 3506 l’autre
3962 3376 4098 3506 main
4189 3376 4370 3506 vous
4415 3376 4777 3506 prendez
4834 3376 4947 3506 vo-

2896 3501 2942 3608 --
3006 3501 3108 3608 -
3108 3501 3744 3608 ------VM11L
3855 3501 3975 3608 vc
4021 3501 4076 3608 Ie
4150 3501 4344 3608 digt
4390 3501 4648 3608 indice
4694 3501 4731 3608 la
4786 3501 4952 3608 brã-

2827 3603 2943 3729 che
3013 3603 3465 3729 exterieure
3534 3603 3639 3729 par
3708 3603 3998 3729 dedans
4033 3603 4079 3729 la
4149 3603 4392 3729 garde.

3554 3788 4008 3899 FIGVRE
4211 3788 4274 3899 B.

3334 3949 3772 4081 Ourſuivant
3843 3949 3855 4081 à
3949 3949 4281 4081 marcher
4352 3949 4517 4081 plus
4588 3949 4872 4081 outre,
4932 3949 4943 4081 à

3312 4076 3569 4204 meſme
3647 4076 3904 4204 temps
4004 4076 4139 4204 que
4228 4076 4407 4204 vous
4485 4076 4809 4204 leverez
4898 4076 4943 4204 le

3278 4197 3455 4330 pied
3515 4197 3740 4330 droit,
3799 4197 3988 4330 vous
4036 4197 4427 4330 fermerez
4486 4197 4640 4330 bien
4711 4197 4853 4330 fort
4900 4197 4948 4330 la

3304 4322 3449 4455 main
3557 4322 3919 4455 gauche,
3980 4322 3992 4455 à
4076 4322 4136 4455 ce
4221 4322 4354 4455 que
4414 4322 4691 4455 l’eſpee
4824 4322 4824 4455 &
4897 4322 4945 4455 le

2825 4444 3172 4560 fourreau
3248 4444 3324 4560 ne
3379 4444 4052 4560 s’entreſuivent;
4160 4444 4160 4560 &
4247 4444 4291 4560 en
4389 4444 4866 4560 continuant
4932 4444 4942 4560 à

2816 4567 2861 4688 la
2917 4567 3386 4688 reſtraindre
3453 4567 3497 4688 en
3564 4567 3843 4688 arriere
3977 4567 3977 4688 &
4056 4567 4212 4688 vers
4268 4567 4324 4688 le
4391 4567 4558 4688 bas,
4636 4567 4938 4688 comme

2823 4689 2994 4829 auſſi
3043 4689 3043 4829 à
3104 4689 3361 4829 porter
3410 4689 3459 4829 le
3520 4689 3692 4829 pied
3753 4689 3802 4829 en
3875 4689 4010 4829 l’air
4059 4689 4071 4829 à
4132 4689 4365 4829 coſté,
4438 4689 4500 4829 un
4597 4689 4720 4829 peu
4793 4689 4952 4829 plus

2819 4813 2998 4953 haut
3070 4813 3249 4953 qu’en
3321 4813 3357 4953 la
3441 4813 3847 4953 demarche
3919 4813 4325 4953 ordinaire,
4373 4813 4540 4953 (afin
4624 4813 4767 4953 qu’à
4815 4813 4958 4953 l’ai-

2831 4937 2904 5073 de
3013 4937 3013 5073 &
3074 4937 3074 5073 à
3134 4937 3583 5073 l’advenant
3644 4937 3971 5073 d’iceluy
4020 4937 4189 5073 tout
4238 4937 4286 5073 le
4359 4937 4553 5073 coſté
4626 4937 4808 5073 droit
4881 4937 4929 5073 du

2830 5062 3087 5201 corps,
3181 5062 3193 5201 &
3240 5062 3755 5201 notamment
3802 5062 3860 5201 le
3907 5062 4071 5201 bras
4130 5062 4364 5201 puiſſe
4446 5062 4727 5201 monter
4774 5062 4938 5201 plus

2816 5189 3038 5323 haut)
3083 5189 3138 5323 au
3238 5189 3494 5323 meſme
3549 5189 3805 5323 temps
3871 5189 4049 5323 vous
4104 5189 4382 5323 tirerez
4438 5189 4715 5323 l’eſpee
4771 5189 4937 5323 avec

2812 5311 2858 5447 le
2928 5311 3182 5447 doigt,
3251 5311 3366 5447 qui
3424 5311 3713 5447 enſerre
3759 5311 3805 5447 la
3863 5311 4209 5447 branche
4278 5311 4786 5447 exterieure;
4867 5311 4913 5447 en

2826 5433 3159 5571 ouvrant
3216 5433 3262 5571 la
3365 5433 3594 5571 main,
3651 5433 3778 5571 afin
3881 5433 4133 5571 qu’elle
4236 5433 4477 5571 monte
4545 5433 4706 5571 plus
4775 5433 4935 5571 aiſe-

2851 5558 3006 5692 mẽt,
3041 5558 3327 5692 juſqu’à
3387 5558 3542 5692 tant
3601 5558 3732 5692 que
3780 5558 3828 5692 la
3875 5558 4066 5692 lame
4126 5558 4257 5692 ſoit
4328 5558 4590 5692 dehors
4638 5558 4686 5692 le
4745 5558 4948 5692 four-

2818 5681 3025 5816 reau.
3183 5681 3243 5816 De
3304 5681 3499 5816 ſorte
3584 5681 3778 5816 qu’en
3875 5681 4069 5816 ceſte
4130 5681 4434 5816 aion,
4495 5681 4543 5816 le
4616 5681 4823 5816 pied,
4883 5681 4920 5816 la

2859 5805 3055 5944 main,
3104 5805 3423 5944 gauche,
3533 5805 3533 5944 &
3607 5805 3877 5944 droite,
3926 5805 4306 5944 l’eſpaule,
4367 5805 4416 5944 le
4478 5805 4686 5944 bras,
4797 5805 4797 5944 &
4858 5805 4907 5944 en

2813 5930 3109 6039 ſomme
3163 5930 3382 6039 touts
3426 5930 3525 6039 les
3601 5930 3984 6039 membres
4028 5930 4083 6039 ſe
4148 5930 4488 6039 donnent
4575 5930 4925 6039 mutuelle

2819 6056 3261 6182 aſſiſtence,
3296 6056 3487 6182 l’unà
3547 6056 3845 6182 l’autre.
3976 6056 4036 6182 Ce
4108 6056 4215 6182 qui
4263 6056 4573 6182 advient
4621 6056 4680 6182 au
4764 6056 4931 6182 con-

2816 6182 3037 6303 traire
3083 6182 3095 6303 à
3164 6182 3351 6303 ceux
3409 6182 3525 6303 qui
3571 6182 4246 6303 s’accouſtument
4292 6182 4304 6303 à
4385 6182 4769 6303 deſgainer
4816 6182 4932 6303 l’e-

2820 6307 2991 6430 ſpee
3064 6307 3113 6430 en
3174 6307 3467 6430 laiſſant
3516 6307 3565 6430 le
3638 6307 3809 6430 pied
3870 6307 4054 6430 droit
4115 6307 4164 6430 en
4249 6307 4469 6430 terre.
4579 6307 4677 6430 car
4738 6307 4774 6430 il
4848 6307 4933 6430 eſt

2812 6430 3247 6550 impoſſible
3316 6430 3522 6550 qu’ils
3568 6430 3637 6550 ne
3694 6430 3809 6550 s’en
3889 6430 4267 6550 trouvent
4313 6430 4932 6550 incommodez.

2841 6554 3075 6673 Apres
3134 6554 3321 6673 donc
3403 6554 3532 6673 que
3591 6554 3778 6673 vous
3825 6554 4048 6673 aurez
4107 6554 4224 6673 tiré
4282 6554 4552 6673 l’eſpee
4611 6554 4657 6673 en
4740 6554 4927 6673 ceſte

2849 6674 3212 6805 maniere,
3282 6674 3469 6805 vous
3539 6674 3972 6805 arreſterez
4042 6674 4101 6805 un
4194 6674 4346 6805 bien
4440 6674 4557 6805 peu
4639 6674 4697 6805 le
4767 6674 4943 6805 pied

4757 6815 4931 6900 droit
