5442 7366
3041 691 3148 829 LA
3331 691 3894 829 MANIERE
4047 691 4153 829 DE
4291 691 4672 829 TIRER
4794 691 4946 829 L’E-

3111 847 3303 931 SPEE
3399 847 3495 931 EN
3603 847 4167 931 RECVLANT.

3361 982 3361 1119 L
3431 982 3733 1119 s’enſuit
3803 982 3931 1119 que
3989 982 4186 1119 nous
4256 982 4732 1119 deſcrivions
4813 982 5022 1119 main-

3324 1107 3598 1242 tenant
3655 1107 3700 1242 la
3803 1107 4121 1242 maniere
4201 1107 4269 1242 de
4349 1107 4520 1242 tirer
4577 1107 4850 1242 l’eſpee
4941 1107 4987 1242 en

3321 1228 3713 1366 reculant.
3796 1228 3903 1366 Car
3951 1228 3986 1366 il
4034 1228 4355 1366 advient
4402 1228 4770 1366 ſouvent,
4818 1228 5008 1366 quãd

3332 1355 3388 1492 on
3465 1355 3510 1492 ſe
3587 1355 3865 1492 trouve
3932 1355 3976 1492 en
4087 1355 4564 1492 compagnie
4620 1355 4798 1492 avec
4864 1355 5020 1492 plu-

2867 1470 3098 1622 ſieurs
3155 1470 3640 1622 perſonnes,
3709 1470 3893 1622 qu’au
3974 1470 4101 1622 lieu
4205 1470 4274 1622 de
4355 1470 4770 1622 converſer
4827 1470 5012 1622 hon-

2869 1596 3270 1747 neſtemẽt
3331 1596 3756 1747 enſemble,
3804 1596 3841 1747 il
3889 1596 3974 1747 s’y
4035 1596 4326 1747 eſmeut
4399 1596 4509 1747 des
4581 1596 5019 1747 queſtions,

2879 1723 2985 1868 par
3032 1723 3459 1868 leſquelles
3518 1723 3577 1868 on
3660 1723 3743 1868 eſt
3802 1723 4193 1868 contraint
4264 1723 4323 1868 de
4418 1723 4678 1868 mettre
4725 1723 4761 1868 la
4844 1723 4998 1868 main

2872 1848 3007 1996 aux
3056 1848 3339 1996 armes.
3450 1848 3511 1996 ce
3598 1848 3708 1996 qui
3782 1848 3868 1996 eſt
3942 1848 4126 1996 aſſez
4225 1848 4520 1996 difficile
4643 1848 4643 1996 &
4741 1848 5012 1996 dange-

2871 1970 3064 2118 reux
3112 1970 3124 2118 à
3172 1970 3377 2118 faire,
3449 1970 3787 2118 d’autant
3847 1970 3979 2118 que
4064 1970 4220 2118 c’eſt
4281 1970 4739 2118 l’ordinaire
4835 1970 4895 2118 de
4967 1970 5016 2118 ſe

2869 2095 3065 2247 tenir
3146 2095 3192 2247 en
3285 2095 3758 2247 compagnie
3827 2095 3931 2247 les
4001 2095 4128 2247 uns
4197 2095 4220 2247 ſi
4278 2095 4439 2247 pres
4532 2095 4647 2247 des
4716 2095 5017 2247 autres,

2889 2223 3084 2365 qu’on
3152 2223 3346 2365 nous
3392 2223 3758 2365 pourroit
3826 2223 4215 2365 aiſement
4283 2223 4535 2365 ſauter
4603 2223 4649 2365 au
4763 2223 5015 2365 corps,

2882 2345 2942 2493 ou
3014 2345 3351 2493 prendre
3399 2345 3459 2493 le
3507 2345 3699 2493 bras,
3747 2345 3808 2493 ou
3880 2345 3916 2493 la
3988 2345 4204 2493 garde
4276 2345 4349 2493 de
4397 2345 4709 2493 l’eſpee,
4757 2345 4806 2493 en
4878 2345 5022 2493 ſor-

2865 2470 2933 2605 te
3000 2470 3190 2605 qu’on
3268 2470 3458 2605 nous
3525 2470 3839 2605 oſteroit
3895 2470 4062 2605 tout
4163 2470 4309 2605 moy
4364 2470 4409 2605 en
4510 2470 4577 2605 de
4644 2470 4846 2605 nous
4913 2470 5013 2605 de-

2865 2599 3170 2730 fendre.
3264 2599 3276 2730 A
3346 2599 3475 2730 cela
3534 2599 3569 2730 il
3616 2599 3721 2730 n’y
3768 2599 3780 2730 a
3838 2599 4050 2730 autre
4108 2599 4425 2730 remede
4495 2599 4765 2730 qu’une
4824 2599 5023 2730 bon-

2866 2723 2940 2855 ne
3013 2723 3232 2855 façon
3342 2723 3403 2855 de
3501 2723 3891 2855 deſgainer
3952 2723 4220 2855 l’eſpee
4305 2723 4354 2855 en
4439 2723 4866 2855 reculant:
4927 2723 5013 2855 la-

2878 2849 3123 2981 quelle
3197 2849 3282 2981 eſt
3319 2849 3442 2981 icy
3503 2849 4017 2981 repreſentée
4079 2849 4189 2981 par
4238 2849 4336 2981 les
4409 2849 4667 2981 quatre
4728 2849 5022 2981 figures

2863 2974 3272 3101 ſuivantes
3358 2974 3383 3101 E.
3433 2974 3470 3101 F.
3544 2974 3569 3101 G.
3643 2974 3668 3101 H.
3755 2974 3866 3101 qui
3915 2974 4076 3101 ſont
4126 2974 4138 3101 à
4188 2974 4609 3101 l’oppoſite
4683 2974 4794 3101 des
4856 2974 5017 3101 qua-

2866 3106 2969 3226 tre
3038 3106 3622 3226 precedentes.

3592 3267 4067 3386 FIGVRE
4279 3267 4345 3386 E.

3360 3419 3599 3562 Aiſant
3690 3419 3872 3562 deux
3952 3419 4009 3562 ou
4100 3419 4282 3562 trois
4350 3419 4475 3562 pas
4555 3419 4600 3562 en
4691 3419 5021 3562 arriere,

3333 3552 3460 3667 ſoir
3534 3552 3725 3667 a’on
3799 3552 3884 3667 air
3936 3552 4413 3667 commencé
4465 3552 4656 3667 avec
4709 3552 4762 3667 le
4836 3552 4942 3667 pie
5005 3552 5016 3667 d

3353 3646 3538 3767 droit
3610 3646 3661 3767 ou
3733 3646 3918 3767 avec
3959 3646 4010 3767 le
4082 3646 4421 3767 gauche,
4493 3646 4647 3767 rauu
4719 3646 4790 3767 al
4842 3646 5016 3767 viſcr

3356 3769 3910 3896 d’empoigner
4021 3769 4082 3896 de
4156 3769 4205 3896 la
4328 3769 4476 3896 main
4587 3769 4882 3896 gauche
4968 3769 5017 3896 le

2865 3895 3223 4009 pendant
3295 3895 3354 4009 de
3426 3895 3724 4009 l’eſpee,
3796 3895 4190 4009 enſemble
4249 3895 4440 4009 avec
4500 3895 4548 4009 le
4607 3895 5025 4009 fourreau,

2863 4020 3040 4134 tout
3088 4020 3453 4134 joignant
3500 4020 3548 4134 la
3618 4020 3890 4134 garde,
3984 4020 4243 4134 durant
4314 4020 4350 4134 la
4432 4020 4845 4134 demarche
4939 4020 4987 4134 du

2871 4142 3037 4258 pied
3108 4142 3451 4258 gauche;
3557 4142 3569 4258 &
3640 4142 3687 4258 en
3746 4142 3805 4258 le
3888 4142 4207 4258 mettant
4255 4142 4266 4258 à
4325 4142 4562 4258 terre,
4633 4142 4692 4258 de
4739 4142 5011 4258 l’autre

2895 4264 3036 4382 main
3130 4264 3177 4382 on
3259 4264 3588 4382 prendra
3635 4264 3964 4382 l’eſpee,
4046 4264 4093 4382 en
4187 4264 4657 4382 embraſſant
4728 4264 4916 4382 avec
4963 4264 5010 4382 le

2879 4389 3083 4517 doigt
3119 4389 3382 4517 indice
3430 4389 3466 4517 la
3526 4389 3873 4517 branche
3945 4389 4388 4517 exterieure
4448 4389 4568 4517 par
4628 4389 4915 4517 dedans
4963 4389 5011 4517 la

2880 4511 3142 4639 garde;
3205 4511 3505 4639 comme
3555 4511 3605 4639 la
3655 4511 3905 4639 figure
3980 4511 4467 4639 demonſtre.

3601 4700 4070 4824 FIGVRE
4281 4700 4313 4824 F.

3315 4853 3588 4987 ’Eſpee
3666 4853 3848 4987 donc
3913 4853 4199 4987 prinſe,
4316 4853 4316 4987 &
4368 4853 4420 4987 le
4485 4853 4654 4987 pied
4719 4853 5005 4987 gauche

3322 4980 3580 5093 planté
3638 4980 3697 5093 en
3767 4980 3989 5093 terre,
4036 4980 4200 5093 tout
4259 4980 4259 5093 à
4317 4980 4645 5093 l’inſtant
4715 4980 4762 5093 on
4856 4980 5008 5093 eſle-

3331 5088 3486 5232 vera
3542 5088 3841 5232 l’autre,
3897 5088 4085 5232 pour
4152 5088 4562 5232 continuer
4606 5088 4651 5232 la
4739 5088 5005 5232 meſme

3331 5231 3720 5353 retirade,
3800 5231 3845 5353 en
3937 5231 4223 5353 ſerrant
4303 5231 4760 5353 cependant
4828 5231 4977 5353 bien

2860 5348 3006 5478 fort
3054 5348 3090 5478 la
3175 5348 3320 5478 main
3417 5348 3744 5478 gauche,
3804 5348 3913 5478 qui
3974 5348 4155 5478 tient
4204 5348 4252 5478 le
4313 5348 4664 5478 pendant
4724 5348 4906 5478 avec
4954 5348 5003 5478 le

2863 5475 3224 5610 fourreau
3311 5475 3373 5610 de
3423 5475 3734 5610 l’eſpee,
3784 5475 3821 5610 la
3883 5475 4244 5610 pouſſant
4331 5475 4642 5610 meſmes
4704 5475 4779 5610 un
4866 5475 4990 5610 peu

2871 5599 3029 5727 vers
3078 5599 3126 5727 le
3175 5599 3333 5727 bas,
3381 5599 3576 5727 pour
3625 5599 3807 5727 tirer
3843 5599 4123 5727 l’eſpee
4184 5599 4330 5727 tant
4390 5599 4549 5727 plus
4597 5599 5010 5727 aiſement,

2879 5722 3148 5856 durant
3183 5722 3230 5856 la
3300 5722 3850 5856 continuation
3931 5722 4002 5856 de
4095 5722 4387 5856 monter
4434 5722 4492 5856 le
4563 5722 4738 5856 pied
4820 5722 5007 5856 droit

2874 5847 2922 5977 en
2996 5847 3130 5977 l’air
3179 5847 3191 5977 à
3265 5847 3485 5977 coſté,
3521 5847 3595 5977 un
3668 5847 3790 5977 peu
3852 5847 4023 5977 plus
4072 5847 4243 5977 haut
4316 5847 4512 5977 qu’en
4597 5847 4634 5977 la
4732 5847 5013 5977 demar-

2883 5969 3002 6107 che
3085 5969 3524 6107 ordinaire;
3584 5969 3893 6107 ſuivant
3952 5969 4011 6107 au
4106 5969 4296 6107 reſte
4379 5969 4427 6107 en
4510 5969 4688 6107 tout
4807 5969 4819 6107 &
4890 5969 4997 6107 par

2872 6094 3041 6229 tout
3089 6094 3185 6229 les
3246 6094 3800 6229 obſervations
3873 6094 3981 6229 qui
4041 6094 4089 6229 en
4174 6094 4331 6229 ſont
4427 6094 4861 6229 dechifrées
4933 6094 4982 6229 en

2865 6219 2916 6357 la
2993 6219 3440 6357 deſcription
3529 6219 3581 6357 de
3632 6219 3683 6357 la
3734 6219 3977 6357 figure
4066 6219 4105 6357 B.
4220 6219 4322 6357 Car
4386 6219 4437 6357 ce
4501 6219 4654 6357 ſont
4731 6219 4999 6357 toutes

2864 6342 2966 6485 les
3042 6342 3346 6485 meſmes
3397 6342 3752 6485 aions,
3854 6342 3866 6485 &
3917 6342 4019 6485 n’y
4069 6342 4082 6485 a
4146 6342 4285 6485 que
4361 6342 4552 6485 ceſte
4640 6342 5008 6485 differen-

2886 6465 2985 6606 ce,
3047 6465 3172 6606 que
3221 6465 3408 6606 l’une
3507 6465 3607 6606 des
3681 6465 3967 6606 figures
4042 6465 4377 6606 travaille
4452 6465 4501 6606 en
4576 6465 4998 6606 avançant,

2936 6579 2936 6719 &
2987 6579 3240 6719 l’autre
3304 6579 3354 6719 en
3430 6579 3823 6719 reculant.

4705 6811 5005 6899 FIGV-

635 382 818 505 droit
887 382 933 505 en
990 382 1127 505 l’air
1185 382 1185 505 à
1253 382 1448 505 coſté
1517 382 1574 505 de
1643 382 1860 505 vous,
1906 382 2089 505 pour
2169 382 2215 505 en
2318 382 2730 505 continuer

622 511 787 623 plus
834 511 1210 623 aiſement
1258 511 1352 623 les
1410 511 1705 623 aions
1740 511 2175 623 ſuivantes.
2257 511 2304 623 Et
2375 511 2528 623 c’eſt
2575 511 2740 623 pro-

622 638 984 754 prement
1041 638 1109 754 ce
1189 638 1313 754 que
1359 638 1404 754 la
1472 638 1710 754 figure
1778 638 2300 754 repreſente:
2391 638 2482 754 car
2550 638 2720 754 vous

621 752 921 876 voyez,
1001 752 1128 876 que
1186 752 1278 876 ſon
1371 752 1532 876 pied
1625 752 1798 876 droit
1878 752 1971 876 eſt
2040 752 2271 876 encor
2351 752 2571 876 eſlevé
2651 752 2698 876 en

611 879 826 998 haut,
921 879 921 998 &
969 879 1231 998 l’eſpee
1291 879 1291 998 à
1350 879 1577 998 peine
1636 879 1720 998 eſt
1779 879 1898 998 elle
1958 879 2125 998 hors
2196 879 2244 998 du
2316 879 2721 998 fourreau.

1327 1058 1781 1166 FIGVRE
2001 1058 2063 1166 C.

1113 1235 1217 1359 Our
1286 1235 1817 1359 continuerce
1886 1235 1990 1359 qui
2047 1235 2382 1359 s’enſuit,
2440 1235 2705 1359 durant

1063 1365 1097 1482 la
1154 1365 1371 1482 pauſe
1450 1365 1507 1482 du
1599 1365 1758 1482 pied
1850 1365 2021 1482 droit
2089 1365 2260 1482 vous
2317 1365 2705 1482 fermerez

1083 1486 1446 1581 derechef
1502 1486 1548 1581 la
1638 1486 1774 1581 main
1865 1486 2160 1581 droite,
2262 1486 2262 1581 &
2330 1486 2715 1581 tournant

1061 1608 1108 1726 le
1155 1608 1486 1726 poignet
1569 1608 1616 1726 du
1687 1608 1853 1726 bras
1924 1608 2291 1726 porterez
2338 1608 2385 1726 la
2444 1608 2705 1726 pointe

620 1724 677 1831 de
744 1724 980 1831 voſtre
1025 1724 1070 1831 la
1127 1724 1318 1831 lame
1385 1724 2015 1831 circulairement
2083 1724 2128 1831 en
2195 1724 2409 1831 haut,
2454 1724 2522 1831 de
2567 1724 2713 1831 ſor-

606 1851 662 1961 te
730 1851 978 1961 qu’elle
1034 1851 1192 1961 face
1249 1851 1384 1961 une
1451 1851 1688 1961 demie
1767 1851 2364 1961 circonference
2432 1851 2477 1961 en
2545 1851 2702 1961 l’air,

598 1969 882 2096 juſqu’à
953 1969 1000 2096 ce
1072 1969 1332 2096 qu’elle
1391 1969 1664 2096 vienne
1735 1969 1782 2096 au
1889 1969 2126 2096 deſſus
2209 1969 2268 2096 de
2351 1969 2588 2096 voſtre
2671 1969 2718 2096 e-

602 2092 845 2205 ſpaule
917 2092 1184 2205 droite,
1220 2092 1329 2205 ſur
1365 2092 1414 2205 la
1475 2092 1802 2205 hauteur
1911 2092 1911 2205 &
1959 2092 1959 2205 à
2032 2092 2226 2205 coſté
2298 2092 2359 2205 de
2407 2092 2444 2205 la
2504 2092 2722 2205 teſte,

592 2220 819 2339 ayant
862 2220 905 2339 la
970 2220 1229 2339 pointe
1294 2220 1348 2339 en
1424 2220 1747 2339 arriere,
1866 2220 1877 2339 &
1920 2220 1974 2339 le
2028 2220 2438 2339 pommeau
2514 2220 2568 2339 en
2654 2220 2708 2339 a-

605 2344 805 2461 vant,
850 2344 1029 2461 avec
1084 2344 1140 2461 le
1196 2344 1352 2461 bras
1430 2344 1486 2461 un
1587 2344 1698 2461 peu
1799 2344 2134 2461 courbé;
2212 2344 2502 2461 comme
2546 2344 2591 2461 il
2647 2344 2703 2461 ſe

604 2465 746 2579 voit
817 2465 853 2579 en
924 2465 972 2579 la
1019 2465 1292 2579 figure.

1294 2626 1758 2726 FIGVRE
1975 2626 2052 2726 D.

1094 2803 1510 2927 Ontinuant
1591 2803 2054 2927 l’operation
2158 2803 2713 2927 precedente,

1051 2934 1229 3048 vous
1319 2934 1789 3048 ramenerez
1867 2934 2146 3048 l’eſpee
2225 2934 2292 3048 de
2370 2934 2549 3048 haut
2638 2934 2694 3048 en

1037 3046 1191 3174 bas,
1246 3046 1543 3174 comme
1609 3046 1741 3174 d’un
1807 3046 2357 3174 arrieremain,
2412 3046 2522 3174 par
2599 3046 2709 3174 de-

1049 3172 1209 3298 vant
1266 3172 1517 3298 voſtre
1563 3172 1791 3298 teſte,
1837 3172 1882 3298 en
1985 3172 2293 3298 mettant
2350 3172 2704 3298 quand&

598 3285 783 3424 quãd
832 3285 881 3424 le
930 3285 1102 3424 pied
1176 3285 1348 3424 droit
1421 3285 1458 3424 en
1532 3285 1765 3424 terre;
1864 3285 1864 3424 &
1937 3285 2196 3424 durant
2257 3285 2392 3424 que
2441 3285 2490 3424 le
2552 3285 2712 3424 gau-

593 3405 706 3530 che
763 3405 900 3530 ſera
968 3405 1013 3530 en
1081 3405 1320 3530 aion
1400 3405 1468 3530 de
1525 3405 1991 3530 cheminer,
2093 3405 2627 3530 continuerez
2695 3405 2707 3530 à

586 3534 831 3638 POrter
874 3534 927 3638 le
988 3534 1093 3638 bra
1250 3534 1250 3638 &
1303 3534 1408 3638 l’eſ
1513 3534 1565 3638 e-
1635 3534 1722 3638 pa
1810 3534 1915 3638 dv
2037 3534 2387 3638 --a
2553 3534 2702 3638 irri-

573 3634 682 3761 ne,
718 3634 1130 3761 tellement
1203 3634 1324 3761 que
1373 3634 1421 3761 la
1494 3634 1906 3761 demarche
1978 3634 2027 3761 du
2124 3634 2330 3761 pied,
2427 3634 2439 3761 &
2487 3634 2524 3761 la
2609 3634 2705 3761 de-

574 3755 832 3884 ſcente
930 3755 992 3884 de
1078 3755 1348 3884 l’eſpee
1422 3755 1754 3884 finiſſent
1840 3755 1901 3884 au
2036 3755 2294 3884 meſme
2368 3755 2700 3884 inſtant;

607 3882 915 4006 mettant
962 3882 1010 4006 le
1069 3882 1234 4006 pied
1305 3882 1341 4006 en
1424 3882 1648 4006 terre,
1755 3882 1755 4006 &
1802 3882 2098 4006 laiſſant
2169 3882 2595 4006 deſcendre
2654 3882 2701 4006 le

584 4005 738 4123 bras
809 4005 1105 4123 eſtendu
1200 4005 1591 4123 enſemble
1650 4005 1828 4123 avec
1876 4005 2148 4123 l’eſpee
2207 4005 2207 4123 à
2278 4005 2468 4123 coſté
2551 4005 2610 4123 de
2658 4005 2705 4123 la

592 4133 808 4246 cuiſſe
876 4133 1170 4246 droite,
1250 4133 1295 4246 en
1385 4133 1771 4246 tournant
1827 4133 1884 4246 au
2009 4133 2269 4246 meſme
2337 4133 2598 4246 temps
2654 4133 2700 4246 la

581 4257 921 4373 branche
990 4257 1421 4373 interieure
1511 4257 1557 4373 en
1670 4257 2022 4373 dedans,
2158 4257 2169 4373 &
2260 4257 2578 4373 mettant
2646 4257 2702 4373 le

583 4372 862 4500 poulce
920 4372 1420 4500 alencontre.
1525 4372 1630 4500 Par
1676 4372 1851 4500 ainſi
1920 4372 2095 4500 vous
2153 4372 2386 4500 aurez
2432 4372 2700 4500 l’eſpee

607 4495 769 4619 dans
839 4495 873 4619 la
977 4495 1128 4619 main
1209 4495 1393 4619 ſelon
1474 4495 1509 4619 la
1625 4495 1937 4619 maniere
2018 4495 2087 4619 de
2156 4495 2411 4619 noſtre
2492 4495 2700 4619 Prati-

607 4619 787 4746 que,
911 4619 923 4746 &
990 4619 1249 4746 ſeront
1328 4619 1609 4746 toutes
1677 4619 1801 4746 vos
1868 4619 2172 4746 aions
2240 4619 2713 4746 promptes,

609 4742 1039 4870 gaillardes,
1085 4742 1678 4870 bien-ſeantes,
1783 4742 1794 4870 &
1864 4742 2410 4870 convenables
2457 4742 2457 4870 à
2550 4742 2701 4870 mar-

610 4876 766 4985 cher
822 4876 1213 4985 touſiours
1258 4876 1481 4985 avant
1526 4876 1682 4985 ſans
1727 4876 1928 4985 nulle
1973 4876 2565 4985 interruption.

744 4997 1209 5113 L’operation
1286 4997 1519 5113 eſtant
1574 4997 1972 5113 achevée,
2028 4997 2205 5113 vous
2260 4997 2703 5113 avancerez

616 5122 981 5237 derechef
1039 5122 1086 5237 le
1157 5122 1333 5237 pied
1416 5122 1639 5237 droit,
1757 5122 1769 5237 &
1839 5122 2204 5237 porterez
2275 5122 2333 5237 au
2451 5122 2710 5237 meſme

604 5242 856 5359 temps
902 5242 947 5359 le
1004 5242 1165 5359 bras
1210 5242 1393 5359 avec
1462 5242 1725 5359 l’eſpee
1794 5242 1840 5359 en
1920 5242 2206 5359 avant;
2274 5242 2594 5359 aſſavoir
2652 5242 2709 5359 le

587 5366 755 5486 bras
799 5366 1347 5486 aucunement
1414 5366 1748 5486 courbé,
1793 5366 1860 5486 un
1927 5366 2050 5486 peu
2117 5366 2284 5486 plus
2329 5366 2508 5486 haut
2575 5366 2709 5486 que

588 5491 634 5606 la
704 5491 1107 5606 ceinture,
1211 5491 1211 5606 &
1257 5491 1303 5606 la
1361 5491 1546 5606 lame
1638 5491 1696 5606 de
1765 5491 2065 5606 travers
2134 5491 2249 5606 par
2330 5491 2596 5606 devant
2665 5491 2711 5606 le

607 5614 876 5731 corps,
958 5614 1005 5731 en
1098 5614 1414 5731 croiſant
1496 5614 1567 5731 de
1637 5614 1824 5731 biaiz
1883 5614 1929 5731 la
2000 5614 2374 5731 poitrine,
2421 5614 2608 5731 avec
2667 5614 2702 5731 la

609 5740 872 5854 pointe
930 5740 987 5854 un
1067 5740 1193 5854 peu
1284 5740 1719 5854 montante.
1799 5740 1971 5854 Voilà
2040 5740 2440 5854 comment
2486 5740 2520 5854 il
2566 5740 2726 5854 fau-

622 5861 704 5981 dra
797 5861 1126 5981 marcher
1172 5861 1337 5981 tout
1407 5861 1594 5981 droit
1641 5861 1653 5981 à
1712 5861 1958 5981 voſtre
2005 5861 2380 5981 homme,
2427 5861 2708 5981 juſqu’à

620 5986 675 6103 ce
742 5986 1155 6103 qu’eſtants
1211 5986 1445 6103 venus
1490 5986 1501 6103 à
1591 5986 1858 6103 meſure
1948 5986 2059 6103 des
2126 5986 2316 6103 vous
2383 5986 2718 6103 pouvoir

600 6107 942 6226 toucher
976 6107 1101 6226 l’un
1169 6107 1465 6226 l’autre,
1510 6107 1693 6226 vous
1749 6107 1931 6226 vous
1977 6107 2216 6226 alliez,
2273 6107 2716 6226 gouverner

605 6227 784 6349 ſelon
891 6227 1010 6349 que
1082 6227 1177 6349 les
1273 6227 1666 6349 occaſions
1726 6227 1785 6349 ſe
1857 6227 2465 6349 preſenteront.
2620 6227 2715 6349 De-

629 6353 868 6472 quoy,
948 6353 1130 6472 vous
1198 6353 1631 6472 trouverez
1699 6353 1893 6472 aſſez
1972 6353 2450 6472 d’exemples
2507 6353 2553 6472 en
2655 6353 2724 6472 ce

610 6468 819 6600 livre,
856 6468 1029 6600 avec
1078 6468 1509 6600 ſuffiſantes
1558 6468 1805 6600 regles
1915 6468 1915 6600 &
1965 6468 2519 6600 inſtruions,
2568 6468 2728 6600 tant

627 6594 804 6723 pour
842 6594 1158 6723 l’aſſaut,
1209 6594 1335 6723 que
1386 6594 1575 6723 pour
1626 6594 1664 6723 la
1740 6594 2068 6723 defenſe.
