5442 7366
2867 324 2925 455 de
2982 324 3284 455 reculer
3342 324 3666 455 encores
3736 324 4211 455 davantage,
4269 324 4326 455 ou
4419 324 4512 455 s’il
4570 324 4651 455 eſt
4697 324 4952 455 temps

2869 452 2931 575 de
2980 452 3153 575 faire
3202 452 3301 575 ſes
3350 452 3832 575 approches.
3906 452 4350 575 Leſquelles
4387 452 4424 575 il
4473 452 4733 575 faudra
4782 452 4967 575 faire

2859 576 2897 702 en
2973 576 3011 702 la
3099 576 3352 702 meſme
3403 576 3592 702 ſorte
3668 576 3820 702 qu’il
3870 576 3959 702 eſt
4022 576 4110 702 dit
4174 576 4237 702 cy
4300 576 4591 702 deſſus,
4654 576 4957 702 aſſavoir

2855 706 2903 826 en
2975 706 3360 826 avançant
3432 706 3793 826 derechef
3853 706 3901 826 le
3973 706 4142 826 pied
4226 706 4454 826 droit,
4587 706 4587 826 &
4659 706 4707 826 ſe
4803 706 4972 826 met-

2838 833 2989 951 tant
3047 833 3104 951 au
3209 833 3463 951 meſme
3509 833 3764 951 temps
3810 833 4088 951 l’eſpee
4169 833 4238 951 de
4296 833 4585 951 travers
4655 833 4770 951 par
4863 833 4967 951 de-

2844 958 3003 1077 vant
3048 958 3105 1077 le
3184 958 3445 1077 corps,
3513 958 3559 1077 le
3627 958 3786 1077 bras
3854 958 4410 1077 aucunement
4490 958 4842 1077 courbé,
4898 958 4944 1077 la

2863 1083 2999 1205 main
3113 1083 3386 1205 droite,
3443 1083 3614 1205 avec
3682 1083 3716 1205 la
3807 1083 4058 1205 garde,
4126 1083 4422 1205 environ
4502 1083 4547 1205 la
4616 1083 4957 1205 hauteur

2850 1209 2908 1327 de
2954 1209 3001 1327 la
3070 1209 3463 1327 ceinture;
3520 1209 3567 1327 en
3636 1209 3694 1327 ſe
3751 1209 4075 1327 croiſant
4133 1209 4179 1327 la
4248 1209 4595 1327 poitrine
4664 1209 4837 1327 avec
4907 1209 4941 1327 la

2827 1332 3104 1456 pointe
3151 1332 3220 1456 un
3289 1332 3416 1456 peu
3485 1332 3994 1456 aſcendante.

1264 340 1730 453 FIGVRE
1948 340 1995 453 G.

1061 499 1246 632 Vand
1283 499 1555 632 l’eſpee
1604 499 1740 632 ſera
1802 499 1975 632 hors
2036 499 2086 632 du
2160 499 2567 632 fourreau,
2617 499 2666 632 on

1020 629 1164 756 fera
1249 629 1610 756 derechef
1707 629 1839 756 une
1936 629 2177 756 petite
2273 629 2502 756 pauſe
2611 629 2659 756 du

1020 748 1194 885 pied
1256 748 1467 885 droit,
1516 748 1566 885 le
1615 748 1888 885 tenant
1950 748 2186 885 eſlevé
2235 748 2235 885 à
2310 748 2557 885 coſté;
2669 748 2669 885 &

1028 878 1297 1013 durant
1355 878 1577 1013 icelle
1647 878 1693 1013 on
1822 878 2101 1013 menera
2160 878 2195 1013 la
2276 878 2545 1013 pointe
2615 878 2685 1013 de

550 1002 597 1138 ſa
667 1002 853 1138 lame
935 1002 1577 1138 circulairement
1647 1002 1693 1138 en
1787 1002 1962 1138 haut
2055 1002 2324 1138 dehors
2370 1002 2429 1138 le
2475 1002 2674 1138 bras,

572 1124 618 1266 en
699 1124 897 1266 ſorte
978 1124 1175 1266 qu’on
1257 1124 1303 1266 la
1373 1124 1524 1266 face
1628 1124 1907 1266 monter
2011 1124 2673 1266 diagonalement

556 1252 673 1388 par
731 1252 999 1388 devant
1045 1252 1092 1388 la
1150 1252 1534 1388 poitrine,
1580 1252 1755 1388 avec
1813 1252 1871 1388 un
1941 1252 2116 1388 tour
2197 1252 2267 1388 de
2325 1252 2372 1388 la
2465 1252 2663 1388 main,

559 1374 778 1508 aſſiſté
888 1374 949 1508 de
1035 1374 1377 1508 quelque
1462 1374 1706 1508 petite
1792 1374 2500 1508 accommodation
2597 1374 2646 1508 du

550 1502 746 1632 bras,
795 1502 1076 1632 juſqu’à
1137 1502 1284 1632 tant
1358 1502 1480 1632 que
1553 1502 1590 1632 la
1676 1502 1884 1632 garde
1957 1502 2202 1632 arrive
2251 1502 2251 1632 à
2300 1502 2667 1632 l’endroit

568 1627 615 1755 du
685 1627 1023 1755 ſommet
1093 1627 1152 1755 de
1198 1627 1245 1755 la
1303 1627 1490 1755 teſte
1548 1627 1618 1755 un
1688 1627 1817 1755 peu
1898 1627 1910 1755 à
2003 1627 2318 1755 cartier,
2365 1627 2412 1755 la
2482 1627 2668 1755 lame

547 1751 1031 1888 reſpondant
1105 1751 1216 1888 par
1303 1751 1539 1888 deſſus
1588 1751 1997 1888 l’eſpaule,
2071 1751 2245 1888 avec
2294 1751 2331 1888 la
2393 1751 2666 1888 pointe

547 1876 619 2015 un
691 1876 812 2015 peu
884 1876 1185 2015 hauſſée
1282 1876 1607 2015 derriere
1667 1876 1715 2015 le
1812 1876 1968 2015 dos;
2041 1876 2330 2015 auquel
2390 1876 2679 2015 inſtant

565 2001 610 2139 on
723 2001 1285 2139 commencera
1387 2001 2017 2139 enſemblement
2084 2001 2095 2139 à
2163 2001 2512 2139 pancher
2590 2001 2647 2139 du

557 2125 772 2253 corps
819 2125 927 2253 ſur
974 2125 1022 2253 le
1094 2125 1392 2253 devant,
1499 2125 1499 2253 &
1559 2125 1559 2253 à
1618 2125 1892 2253 retirer
1952 2125 2000 2253 en
2071 2125 2345 2253 arriere
2393 2125 2453 2253 le
2500 2125 2679 2253 pied

569 2253 789 2395 droit,
850 2253 959 2395 qui
1020 2253 1106 2395 eſt
1155 2253 1338 2395 pour
1386 2253 1435 2395 le
1484 2253 1801 2395 preſent
1862 2253 2143 2395 encore
2216 2253 2497 2395 eſlevé;
2546 2253 2668 2395 ſui-

552 2388 712 2511 vant
781 2388 838 2511 ce
906 2388 1100 2511 qu’on
1180 2388 1329 2511 voit
1386 2388 1432 2511 en
1500 2388 1546 2511 la
1603 2388 1877 2511 figure.

1253 2570 1726 2672 FIGVRE
1946 2570 2009 2672 H.

1009 2697 1458 2843 Inalement
1539 2697 1585 2843 on
1689 2697 2138 2843 pourſuivra
2207 2697 2219 2843 à
2311 2697 2553 2843 mener
2622 2697 2657 2843 la

1000 2843 1191 2968 lame
1262 2843 1905 2968 circulairement
1965 2843 2072 2968 par
2143 2843 2382 2968 deſſus
2429 2843 2465 2968 ſa
2536 2843 2679 2968 tes-

1000 2968 1060 3093 te
1133 2968 1399 3093 devers
1459 2968 1507 3093 le
1592 2968 1785 3093 coſté
1858 2968 2184 3093 gauche,
2317 2968 2317 3093 &
2389 2968 2425 3093 en
2522 2968 2679 3093 con-

998 3093 1312 3216 tinuant
1381 3093 1381 3216 à
1462 3093 1799 3216 pancher
1891 3093 1938 3216 du
2042 3093 2309 3216 corps,
2378 3093 2436 3216 on
2517 3093 2657 3216 fera

554 3216 851 3342 comme
908 3216 976 3342 un
1079 3216 1262 3342 coup
1342 3216 1399 3342 de
1479 3216 1742 3342 revers
1811 3216 1856 3342 en
1948 3216 2119 3342 l’air,
2199 3216 2668 3342 deſcendant

560 3342 1217 3465 diagonalement
1266 3342 1378 3465 par
1452 3342 1724 3465 devant
1774 3342 1823 3465 la
1873 3342 2269 3465 poitrine:
2381 3342 2381 3465 &
2455 3342 2467 3465 à
2529 3342 2678 3465 l’in-

541 3465 736 3590 ſtant
800 3465 956 3590 qu’il
1008 3465 1202 3590 paſſe
1241 3465 1474 3590 ladite
1539 3465 1876 3590 poitrine
1992 3465 2005 3590 &
2044 3465 2096 3590 la
2148 3465 2381 3590 partie
2459 3465 2666 3590 ſupe-

536 3590 786 3703 rieure
857 3590 907 3703 du
987 3590 1228 3703 corps,
1278 3590 1328 3703 on
1398 3590 1448 3703 ſe
1509 3590 1820 3703 retircra
1880 3590 2000 3703 ave
2100 3590 2151 3703 le
2211 3590 2381 3703 pied
2461 3590 2672 3703 droit,

559 3698 663 3836 qui
733 3698 813 3836 eſt
871 3698 1206 3836 encores
1264 3698 1529 3836 eſlevé,
1599 3698 1645 3836 en
1714 3698 2038 3836 arriere,
2095 3698 2372 3836 autant
2453 3698 2650 3836 qu’un

564 3821 785 3960 grand
850 3821 967 3960 pas
1019 3821 1071 3960 ſe
1123 3821 1305 3960 peut
1357 3821 1773 3960 eſtendre;
1877 3821 1890 3960 &
1942 3821 1942 3960 à
1994 3821 2332 3960 l’inſtant
2397 3821 2553 3960 qu’il
2618 3821 2670 3960 ſe

569 3945 822 4080 mettra
888 3945 932 4080 en
1009 3945 1241 4080 terre,
1296 3945 1351 4080 on
1428 3945 1737 4080 retirera
1792 3945 2354 4080 pareillement
2409 3945 2453 4080 le
2508 3945 2673 4080 bras

562 4064 748 4191 droit
810 4064 1108 4191 eſtendu
1183 4064 1195 4191 à
1257 4064 1480 4191 coſté;
1567 4064 1580 4191 &
1629 4064 1915 4191 laiſſera
1977 4064 2039 4191 on
2113 4064 2349 4191 ſuivre
2398 4064 2448 4191 le
2510 4064 2671 4191 pied

556 4190 850 4324 gauche
909 4190 956 4324 en
1026 4190 1415 4324 trainant,
1462 4190 1803 4324 laſchant
1862 4190 1909 4324 au
2015 4190 2273 4324 meſme
2332 4190 2591 4324 temps
2626 4190 2673 4324 la

570 4313 790 4446 main,
917 4313 917 4446 &
986 4313 1368 4446 tournant
1437 4313 1483 4446 la
1564 4313 1900 4446 branche
1969 4313 2408 4446 interieure
2501 4313 2559 4446 de
2628 4313 2663 4446 la

567 4431 776 4573 garde
825 4431 1379 4573 horizontale,
1428 4431 1490 4573 de
1551 4431 1920 4573 verticale
1994 4431 2252 4573 qu’elle
2314 4431 2572 4573 eſtoit,
2671 4431 2671 4573 &

552 4562 1193 4685 enſemblement
1275 4562 1601 4685 retirant
1683 4562 1741 4685 le
1822 4562 2102 4685 poulce
2207 4562 2265 4685 de
2382 4562 2673 4685 deſſous

544 4685 758 4825 icelle
821 4685 872 4825 en
960 4685 1237 4825 deſſus.
1312 4685 1375 4825 Ce
1438 4685 1816 4825 qu’eſtant
1866 4685 2017 4825 fait,
2055 4685 2118 4825 on
2181 4685 2345 4825 aura
2395 4685 2672 4825 l’eſpee

546 4810 558 4953 à
607 4810 644 4953 la
730 4810 939 4953 main,
988 4810 1161 4953 ainſi
1222 4810 1419 4953 qu’on
1480 4810 1529 4953 la
1603 4810 1738 4953 doit
1800 4810 2021 4953 tenir,
2095 4810 2267 4953 ſelon
2340 4810 2377 4953 la
2463 4810 2672 4953 mode

559 4947 620 5069 de
682 4947 939 5069 noſtre
1012 4947 1404 5069 Pratique.

681 5039 716 5186 Il
797 5039 878 5186 eſt
947 5039 1098 5186 bien
1202 5039 1469 5186 certain
1573 5039 1701 5186 que
1782 5039 1886 5186 ces
1967 5039 2430 5186 operations
2500 5039 2674 5186 vous

547 5181 1043 5319 ſembleront
1137 5181 1196 5319 du
1291 5181 2011 5319 commencement
2094 5181 2236 5319 fort
2318 5181 2661 5319 difficiles

563 5304 624 5446 ou
721 5304 977 5446 meſme
1026 5304 1526 5446 impoſſibles
1563 5304 1575 5446 à
1624 5304 1856 5446 faire,
1904 5304 1904 5446 à
1978 5304 2185 5446 cauſe
2246 5304 2319 5446 de
2380 5304 2539 5446 tant
2612 5304 2673 5446 de

555 5431 791 5569 petits
839 5431 1099 5569 points
1146 5431 1158 5569 à
1229 5431 1584 5569 obſerver
1644 5431 1691 5569 en
1762 5431 1798 5569 ſi
1845 5431 1963 5569 peu
2058 5431 2117 5569 de
2176 5431 2461 5569 temps;
2520 5431 2674 5569 mais

548 5554 1291 5694 l’accouſtumance
1348 5554 1531 5694 vous
1600 5554 1645 5694 en
1737 5554 1874 5694 fera
1931 5554 2309 5694 paroiſtre
2377 5554 2423 5694 le
2503 5554 2674 5694 con-

553 5679 820 5818 traire,
880 5679 941 5818 de
1001 5679 1195 5818 ſorte
1256 5679 1389 5818 que
1450 5679 1631 5818 vous
1680 5679 2298 5818 recognoiſtrez
2358 5679 2370 5818 à
2443 5679 2480 5818 la
2552 5679 2673 5818 fin,

580 5803 698 5942 que
769 5803 829 5942 ce
876 5803 1041 5942 ſont
1101 5803 1361 5942 toutes
1432 5803 1692 5942 choſes
1739 5803 2177 5942 naturelles
2284 5803 2284 5942 &
2343 5803 2638 5942 faciles.

708 5927 1103 6065 Touchant
1149 5927 1207 6065 le
1266 5927 1452 6065 coup
1545 5927 1603 6065 de
1684 5927 1975 6065 revers,
2056 5927 2231 6065 dont
2289 5927 2486 6065 nous
2556 5927 2672 6065 fai-

553 6051 721 6192 ſons
806 6051 1119 6192 mention
1215 6051 1263 6192 en
1335 6051 1371 6192 la
1444 6051 1901 6192 declaration
1997 6051 2058 6192 de
2142 6051 2322 6192 ceſte
2383 6051 2672 6192 figure,

552 6177 588 6316 il
625 6177 782 6316 faut
831 6177 1109 6316 ſavoir,
1170 6177 1328 6316 qu’il
1388 6177 1558 6316 n’eſt
1618 6177 1739 6316 pas
1788 6177 2127 6316 inutile:
2212 6177 2297 6316 car
2357 6177 2406 6316 au
2515 6177 2672 6316 con-

556 6301 776 6443 traire
825 6301 862 6443 il
910 6301 1057 6443 ſert
1131 6301 1657 6443 grandement
1730 6301 1730 6443 à
1804 6301 1999 6443 tenir
2060 6301 2158 6443 les
2244 6301 2452 6443 gents
2525 6301 2672 6443 tant

564 6428 727 6560 plus
789 6428 1216 6560 eſloignez,
1303 6428 1316 6560 &
1366 6428 1554 6560 pour
1604 6428 1655 6560 ſe
1705 6428 1880 6560 faire
1930 6428 2231 6560 largue;
2269 6428 2319 6560 au
2419 6428 2658 6560 moyen

577 6553 882 6687 dequoy
952 6553 999 6687 on
1069 6553 1081 6687 a
1140 6553 1304 6687 plus
1362 6553 1421 6687 de
1491 6553 1971 6687 commodité
2053 6553 2112 6687 de
2158 6553 2205 6687 ſe
2287 6553 2545 6687 mettre
2604 6553 2650 6687 en

580 6678 911 6810 defenſe.
1030 6678 1266 6810 Ayant
1337 6678 1514 6810 donc
1574 6678 1857 6810 achevé
1940 6678 2129 6810 ceſte
2212 6678 2567 6810 derniere
2626 6678 2685 6810 a-

614 6804 808 6934 ion,
847 6804 886 6934 il
924 6804 1196 6934 faudra
1261 6804 1520 6934 juger,
1571 6804 1662 6934 s’il
1727 6804 1817 6934 eſt
1882 6804 2296 6934 deſormais
2374 6804 2697 6934 beſoing

2944 1866 3026 1940 LA
3179 1866 3592 1940 MANIERE
3733 1866 3804 1940 DE
3933 1866 4534 1940 PRESENTER
4652 1866 4663 1940 A
4758 1866 4934 1940 SON

3016 1979 3478 2065 CONTRAIRE
3565 1979 3825 2065 L’ESPEE
3911 1979 3979 2065 EN
4065 1979 4354 2065 DROITE
4431 1979 4681 2065 LIGNE.

3338 2102 3447 2220 Oilà
3531 2102 3580 2220 en
3665 2102 3955 2220 ſomme
4028 2102 4088 2220 ce
4149 2102 4270 2220 qui
4355 2102 4440 2220 m’a
4500 2102 4779 2220 ſemblé
4839 2102 4961 2220 ne-

3297 2227 3600 2344 ceſſaire
3670 2227 3729 2344 de
3787 2227 3974 2344 vous
4021 2227 4406 2344 propoſer
4453 2227 4838 2344 touchant
4885 2227 4943 2344 le

3299 2353 3912 2473 deſgainement
3985 2353 4059 2473 de
4120 2353 4451 2473 l’eſpee.
4573 2353 4867 2473 Venons
4928 2353 4941 2473 à

3283 2477 3319 2597 la
3403 2477 3752 2597 Pratique
3824 2477 3884 2597 de
3933 2477 4402 2597 l’Exercice,
4486 2477 4498 2597 &
4559 2477 4968 2597 commen-

2840 2603 3018 2724 çons
3068 2603 3182 2724 par
3220 2603 3271 2724 la
3372 2603 3600 2724 Droite
3651 2603 3892 2724 ligne,
3955 2603 4297 2724 laquelle
4335 2603 4373 2724 il
4424 2603 4576 2724 faut
4626 2603 4956 2724 appren-

2843 2727 2943 2844 dre
2999 2727 3211 2844 avant
3266 2727 3489 2844 toute
3545 2727 3757 2844 autre
3824 2727 4036 2844 choſe
4081 2727 4092 2844 à
4159 2727 4560 2844 preſenter
4649 2727 4950 2844 dextre-

2859 2850 3039 2972 ment
3086 2850 3098 2972 à
3158 2850 3409 2972 voſtre
3481 2850 3720 2972 partie
3792 2850 4151 2972 adverſe,
4222 2850 4402 2972 avec
4486 2850 4725 2972 geſtes
4796 2850 4964 2972 pro-

2822 2975 2988 3096 pres
3094 2975 3094 3096 &
3165 2975 3745 3096 convenables,
3793 2975 3994 3096 pour
4030 2975 4515 3096 l’attendre;
4622 2975 4634 3096 &
4681 2975 4717 3096 la
4811 2975 4965 3096 meſ-

2856 3101 2926 3220 me
2996 3101 3229 3220 eſtant
3287 3101 3847 3220 pareillement
3905 3101 4348 3220 preſentée,
4430 3101 4558 3220 que
4639 3101 4826 3220 vous
4873 3101 4966 3220 ſa-

2833 3226 3040 3341 chiez
3098 3226 3259 3341 auſſi
3305 3226 3351 3341 la
3432 3226 3755 3341 maniere
3824 3226 3882 3341 de
3939 3226 4112 3341 faire
4193 3226 4320 3341 vos
4389 3226 4838 3341 approches
4908 3226 4965 3341 a-

2819 3350 3277 3467 lencontre.
3371 3350 3547 3467 Nous
3594 3350 3899 3467 laiſſons
3946 3350 3958 3467 à
4016 3350 4169 3467 part
4228 3350 4369 3467 une
4416 3350 4721 3467 infinité
4791 3350 4967 3467 d’au-

2826 3473 2972 3589 tres
3021 3473 3421 3589 poſtures,
3543 3473 3543 3589 &
3603 3473 3652 3589 en
3761 3473 4211 3589 choiſiſſons
4271 3473 4454 3589 ceſte
4514 3473 4757 3589 ſeule,
4842 3473 4951 3589 qui

2843 3590 2922 3705 ct
2967 3590 3001 3705 la
3069 3590 3227 3705 plus
3294 3590 3790 3705 convenable
3835 3590 4027 3705 pour
4072 3590 4106 3705 la
4185 3590 4804 3705 demonſtration
4883 3590 4951 3705 de

2822 3711 2961 3826 nos
3007 3711 3458 3826 preceptes,
3504 3711 3700 3826 voire
3758 3711 3920 3826 auſſi
3966 3711 4012 3826 la
4093 3711 4474 3826 meilleure
4544 3711 4613 3826 de
4659 3711 4960 3826 toutes.

2838 3831 3208 3957 I’advoue
3257 3831 3406 3957 bien
3504 3831 3653 3957 qu’il
3727 3831 3739 3957 y
3813 3831 3850 3957 en
3924 3831 3936 3957 a
4011 3831 4072 3957 de
4122 3831 4295 3957 plus
4369 3831 4838 3957 mignardes,
4949 3831 4961 3957 &

2845 3953 2903 4075 de
2961 3953 3124 4075 plus
3171 3953 3554 4075 furieuſes
3612 3953 3659 4075 en
3740 3953 4229 4075 apparence:
4322 3953 4473 4075 mais
4520 3953 4554 4075 ſi
4613 3953 4938 4075 celles-là

2824 4078 2990 4199 ſont
3049 4078 3713 4199 accompagnées
3820 4078 3879 4199 de
3962 4078 4117 4199 plus
4223 4078 4283 4199 de
4354 4078 4650 4199 luſtre,
4722 4078 4781 4199 ou
4888 4078 4947 4199 de

2861 4203 3263 4330 mauvaiſes
3369 4203 3653 4330 mines,
3735 4203 4078 4330 ceſte-cy
4149 4203 4291 4330 l’eſt
4373 4203 4810 4330 davantage
4893 4203 4952 4330 de

2827 4325 3242 4453 prudence
3352 4325 3352 4453 &
3425 4325 3486 4453 de
3547 4325 3791 4453 force.
3901 4325 4243 4453 Parquoy
4316 4325 4609 4453 laiſſant
4670 4325 4768 4453 les
4841 4325 4951 4453 au-

2822 4450 2978 4569 tres
3022 4450 3033 4569 à
3100 4450 3289 4569 ceux
3355 4450 3467 4569 qui
3522 4450 3600 4569 s’y
3655 4450 4033 4569 plaiſent,
4100 4450 4289 4569 nous
4355 4450 4555 4569 nous
4633 4450 4967 4569 conten-

2827 4579 3099 4703 terons
3147 4579 3337 4703 pour
3384 4579 3431 4703 le
3491 4579 3799 4703 preſent
3870 4579 3929 4703 de
4001 4579 4190 4703 ceſte
4261 4579 4499 4703 droite
4558 4579 4807 4703 ligne;
4890 4579 4961 4703 de

2825 4695 3165 4812 laquelle
3235 4695 3434 4812 nous
3516 4695 3949 4812 deſcrirons
4031 4695 4078 4812 en
4172 4695 4231 4812 ce
4336 4695 4641 4812 Tableau
4723 4695 4758 4812 la
4851 4695 4968 4812 ma-

2827 4825 3037 4947 niere
3142 4825 3154 4947 &
3200 4825 3516 4947 l’ordre,
3574 4825 3877 4947 comme
3924 4825 3959 4947 il
4017 4825 4029 4947 y
4087 4825 4239 4947 faut
4286 4825 4718 4947 proceder,
4764 4825 4963 4947 nous

2829 4948 3315 5054 remettants
3375 4948 3375 5054 à
3448 4948 3812 5054 diſcourir
3897 4948 3958 5054 de
4031 4948 4080 5054 ſa
4152 4948 4504 5054 nobleſſe
4638 4948 4638 5054 &
4735 4948 4784 5054 de
4869 4948 4966 5054 ſes

2825 5075 3265 5190 avantages
3310 5075 3366 5190 au
3434 5075 3806 5190 prochain
3885 5075 4325 5190 enſuivant.

2958 5197 2995 5327 Il
3045 5197 3194 5327 faut
3268 5197 3393 5327 que
3442 5197 3504 5327 je
3579 5197 3666 5327 die
3728 5197 3778 5327 en
3852 5197 4175 5327 paſſant,
4287 5197 4299 5327 &
4374 5197 4510 5327 une
4572 5197 4709 5327 fois
4771 5197 4957 5327 pour

2822 5324 3118 5453 toutes,
3175 5324 3301 5453 que
3369 5324 3575 5453 celuy
3643 5324 3757 5453 des
3826 5324 4020 5453 deux
4100 5324 4545 5453 Contraires
4602 5324 4716 5453 qui
4773 5324 4967 5453 com-

2860 5446 3100 5551 mence
3148 5446 3160 5551 à
3208 5446 3593 5551 travailler
3641 5446 3749 5551 ſur
3797 5446 3846 5551 le
3930 5446 4170 5551 Cercle
4242 5446 4290 5551 du
4387 5446 4579 5551 coſté
4651 5446 4699 5551 de
4747 5446 4964 5551 lalet-

2829 5571 2933 5696 tre
3015 5571 3073 5696 A,
3119 5571 3259 5696 ſera
3317 5571 3713 5696 touſiours
3771 5571 4061 5696 appellé
4155 5571 4213 5696 de
4271 5571 4469 5696 nous
4562 5571 4957 5696 ALEXAN-

2856 5696 3041 5791 DRE,
3167 5696 3167 5791 &
3259 5696 3525 5791 l’autre
3651 5696 3651 5791 Z
3709 5696 4135 5791 ACHARIE:
4251 5696 4423 5791 dont
4527 5696 4953 5791 Alexandre

2827 5819 2963 5944 ſera
3065 5819 3699 5944 ordinairement
3767 5819 4345 5944 l’obſervateur
4447 5819 4503 5944 de
4583 5819 4719 5944 nos
4798 5819 4956 5944 pre-

2851 5947 3143 6066 ceptes,
3248 5947 3260 6066 &
3306 5947 3831 6066 aucunesfois
3901 5947 4461 6066 pareillement
4566 5947 4963 6066 Zacharie:

2845 6070 3144 6189 comme
3192 6070 3227 6189 il
3263 6070 3418 6189 l’eſt
3466 6070 3633 6189 auſſi
3681 6070 4290 6189 preſentement
4350 6070 4398 6189 en
4481 6070 4541 6189 ce
4637 6070 4947 6189 Tableau

2846 6195 3006 6316 III.
3068 6195 3118 6316 où
3180 6195 3217 6316 il
3254 6195 3711 6316 repreſente
3773 6195 3823 6316 en
3909 6195 4169 6316 quatre
4218 6195 4503 6316 figures
4614 6195 4614 6316 &
4664 6195 4960 6316 aions

2843 6319 3440 6442 conſecutives,
3521 6319 3567 6442 en
3670 6319 3922 6442 quelle
4014 6319 4324 6442 maniere
4439 6319 4450 6442 &
4508 6319 4680 6442 avec
4760 6319 4967 6442 quels

2857 6440 3091 6563 geſtes
3152 6440 3201 6563 on
3275 6440 3325 6563 ſe
3411 6440 3657 6563 mettra
3706 6440 3805 6563 ſur
3854 6440 3903 6563 le
3989 6440 4236 6563 Cercle
4297 6440 4346 6563 en
4408 6440 4445 6563 la
4506 6440 4827 6563 poſture
4900 6440 4962 6563 de

2839 6563 2877 6697 la
2952 6563 3202 6697 droite
3252 6563 3489 6697 ligne;
3564 6563 3727 6697 dont
3790 6563 4002 6697 voicy
4052 6563 4565 6697 l’explication
4665 6563 4778 6697 qui
4828 6563 4953 6697 s’en

2856 6696 3123 6782 enſuit.

4774 6858 4989 6938 PRE-
