5442 7366
2844 279 3288 437 demarche,
3372 279 3575 437 d’une
3635 279 3851 437 faute
3923 279 4114 437 aſſez
4174 279 4558 437 ordinaire
4689 279 4689 437 &
4761 279 4953 437 com-

2855 417 3050 570 mune
3123 417 3135 570 à
3196 417 3245 570 la
3318 417 3477 570 plus
3526 417 3684 570 part
3782 417 3879 570 des
3977 417 4452 570 Eſcholiers;
4562 417 4672 570 qui
4733 417 4818 570 eſt
4891 417 4952 570 de

2829 546 3097 697 croiſer
3146 546 3195 697 le
3244 546 3403 697 pas,
3513 546 3513 697 &
3574 546 3830 697 porter
3879 546 3928 697 le
3989 546 4160 697 pied
4221 546 4514 697 gauche
4599 546 4648 697 en
4734 546 4953 697 avant

2815 670 2826 796 à
2908 670 3059 796 main
3140 670 3407 796 droite,
3454 670 3500 796 au
3570 670 3698 796 lieu
3779 670 3849 796 de
3931 670 4256 796 marcher
4326 670 4372 796 en
4465 670 4698 796 droite
4744 670 4953 796 ligne

2813 791 2992 924 tout
3047 791 3237 924 droit
3304 791 3571 924 devant
3638 791 3805 924 eux.
3895 791 4062 924 dont
4106 791 4185 924 ils
4240 791 4285 924 ſe
4341 791 4731 924 trouvent
4787 791 4954 924 tout

2815 914 2827 1076 à
2875 914 3212 1076 l’inſtant
3273 914 3791 1076 embrouillez
3851 914 3851 1076 à
3911 914 4092 1076 faire
4140 914 4237 1076 les
4321 914 4779 1076 operations
4839 914 4972 1076 ſui-

2822 1106 3113 1173 vantes.

3295 1178 3904 1285 TROISIEME
4078 1178 4469 1285 ACTION.

2856 1304 3046 1476 Devant
3084 1304 3110 1476 le
3173 1304 3338 1476 Cercle
3427 1304 3465 1476 N.
3516 1304 3554 1476 3.
3592 1304 3630 1476 il
3668 1304 3820 1476 eſleve
3972 1304 4137 1476 hauſſe
4188 1304 4213 1476 le
4264 1304 4378 1476 pied
4442 1304 4556 1476 droit
4607 1304 4619 1476 à
4657 1304 4822 1476 coſté,
4886 1304 4962 1476 en-

2924 1443 3111 1600 ſemble
3157 1443 3273 1600 außi
3332 1443 3518 1600 l’eſpee
3576 1443 3611 1600 de
3669 1443 3832 1600 meſme
3879 1443 3995 1600 avec
4042 1443 4065 1600 le
4123 1443 4228 1600 bras
4286 1443 4461 1600 roide,
4530 1443 4565 1600 en
4635 1443 4763 1600 ſorte
4821 1443 4973 1600 qu’ils

2943 1576 3185 1722 viennent
3238 1576 3238 1722 à
3290 1576 3290 1722 y
3333 1576 3470 1722 faire
3512 1576 3596 1722 une
3638 1576 3765 1722 ligne
3838 1576 4091 1722 montante
4133 1576 4165 1722 en
4228 1576 4376 1722 angle
4418 1576 4586 1722 obtus.

3322 1712 3474 1866 Oicy
3538 1712 3703 1866 qu’il
3741 1712 3906 1866 leve
3957 1712 4008 1866 le
4059 1712 4237 1866 pied
4300 1712 4491 1866 droit
4542 1712 4733 1866 pour
4783 1712 4961 1866 faire

3273 1839 3321 1991 le
3392 1839 3678 1991 ſecond
3749 1839 3904 1991 pas,
4023 1839 4023 1991 &
4106 1839 4153 1991 au
4272 1839 4534 1991 meſme
4606 1839 4867 1991 temps
4927 1839 4963 1991 il

3278 1961 3496 2115 porte
3545 1961 3715 2115 auſſi
3763 1961 3812 2115 le
3860 1961 4030 2115 bras
4090 1961 4394 2115 eſtendu
4466 1961 4648 2115 avec
4685 1961 4963 2115 l’eſpee

3288 2087 3335 2239 en
3431 2087 3609 2239 haut
3681 2087 3728 2239 en
3823 2087 4038 2239 angle
4133 2087 4394 2239 obtus,
4454 2087 4906 2239 juſtement
4954 2087 4966 2239 à

2827 2222 3056 2359 coſté.
3177 2222 3225 2359 Et
3274 2222 3443 2359 puis
3503 2222 3636 2359 que
3708 2222 3865 2359 c’eſt
3902 2222 4010 2359 ſon
4071 2222 4469 2359 intention
4554 2222 4614 2359 de
4699 2222 4964 2359 mettre

2819 2346 2869 2483 le
2919 2346 3119 2483 bout
3181 2346 3231 2483 du
3306 2346 3481 2483 pied
3556 2346 3743 2483 droit
3793 2346 3793 2483 à
3856 2346 4081 2483 lettre
4193 2346 4243 2483 X;
4318 2346 4593 2483 l’ayant
4655 2346 4980 2483 prealla-

2817 2470 3173 2608 blement
3232 2470 3291 2608 un
3374 2470 3493 2608 peu
3588 2470 3908 2608 avancé,
3979 2470 4371 2608 enſemble
4442 2470 4620 2608 auſſi
4679 2470 4727 2608 le
4798 2470 4976 2608 bras

2877 2596 2877 2730 &
2925 2596 3197 2730 l’eſpee
3292 2596 3351 2730 de
3446 2596 3755 2730 meſme;
3814 2596 3849 2730 il
3897 2596 4181 2730 tourne
4241 2596 4336 2730 les
4419 2596 4620 2730 yeux
4703 2596 4751 2730 en
4846 2596 4964 2730 bas

2820 2715 2922 2858 ſur
2973 2715 3011 2858 la
3074 2715 3316 2858 figure
3392 2715 3443 2858 du
3558 2715 3850 2858 Cercle,
3901 2715 4092 2858 pour
4155 2715 4168 2858 y
4219 2715 4562 2858 prendre
4613 2715 4969 2858 l’adreſſe

2848 2847 2886 2982 du
2962 2847 3138 2982 pas,
3214 2847 3328 2982 qui
3379 2847 3492 2982 luy
3555 2847 3745 2982 reſte
3795 2847 3808 2982 à
3859 2847 4086 2982 faire,
4149 2847 4200 2982 au
4301 2847 4516 2982 point
4604 2847 4768 2982 qu’il
4819 2847 4983 2982 pre-

2818 2970 3003 3102 tend
3072 2970 3141 3102 de
3187 2970 3568 3102 toucher:
3602 2970 4121 3102 pourſuivant
4179 2970 4236 3102 au
4305 2970 4501 3102 reſte
4547 2970 4547 3102 à
4640 2970 4974 3102 marcher

2879 3096 2891 3222 &
2936 3096 2948 3222 à
3016 3096 3437 3222 continuer
3494 3096 3642 3222 ſans
3687 3096 4279 3222 interruption,
4359 3096 4666 3222 comme
4735 3096 4769 3222 il
4826 3096 4974 3222 ſera

2854 3213 3109 3342 deduit
3158 3213 3219 3342 au
3328 3213 3571 3342 Cercle
3631 3213 3971 3342 ſuivant.

3012 3347 3228 3477 Notez
3287 3347 3443 3477 bien
3527 3347 3587 3477 ce
3658 3347 3790 3477 que
3838 3347 4041 3477 nous
4125 3347 4364 3477 diſons
4460 3347 4520 3477 de
4592 3347 4855 3477 porter
4927 3347 4975 3477 le

2828 3474 3011 3598 pied
3096 3474 3280 3598 droit
3341 3474 3524 3598 avec
3597 3474 3646 3598 le
3732 3474 3903 3598 bras
4025 3474 4037 3598 &
4098 3474 4441 3598 l’eſpee,
4526 3474 4990 3598 cependant

2848 3596 3041 3708 qu’ils
3121 3596 3519 3708 montent,
3553 3596 4008 3708 juſtement
4076 3596 4076 3708 à
4167 3596 4361 3708 coſté
4440 3596 4986 3708 reſpondants

2826 3715 2933 3833 ſur
2980 3715 3028 3833 le
3087 3715 3372 3833 pourfil
3444 3715 3491 3833 du
3586 3715 3836 3833 corps.
3966 3715 4073 3833 Car
4121 3715 4144 3833 ſi
4204 3715 4263 3833 on
4346 3715 4453 3833 les
4524 3715 4821 3833 avance
4905 3715 4964 3833 du

2843 3839 3599 3937 commencement,
3665 3839 3720 3937 on
3818 3839 3862 3937 en
3950 3839 4081 3937 ſera
4158 3839 4311 3937 fort
4355 3839 4892 3937 incommodé
4969 3839 4980 3937 à

2821 3963 2868 4079 la
2938 3963 3487 4079 continuation
3580 3963 3685 4079 des
3732 3963 4036 4079 aions
4083 3963 4527 4079 ſuivantes,
4597 3963 4655 4079 ce
4725 3963 4842 4079 qui
4900 3963 4994 4079 eſt

2861 4089 2962 4226 mal
3040 4089 3508 4226 commencé
3575 4089 3653 4226 ne
3708 4089 4076 4226 pouvant
4121 4089 4333 4226 avoir
4377 4089 4645 4226 bonne
4701 4089 4823 4226 fin.

3328 4241 3993 4386 QVATRIEME
4147 4241 4549 4386 ACTION.

2862 4375 2899 4531 Au
2973 4375 3120 4531 Cercle
3218 4375 3255 4531 N.
3304 4375 3328 4531 4.
3377 4375 3402 4531 il
3439 4375 3451 4531 a
3512 4375 3696 4531 marché
3758 4375 3794 4531 du
3843 4375 3954 4531 pied
4015 4375 4150 4531 droit,
4309 4375 4371 4531 l’a
4420 4375 4591 4531 planté
4640 4375 4653 4531 à
4689 4375 4726 4531 la
4800 4375 4996 4531 Circon-

2947 4532 3143 4677 ference
3201 4532 3235 4677 au
3293 4532 3431 4677 point
3512 4532 3546 4677 X,
3592 4532 3800 4677 jettant
3846 4532 4249 4677 enſemblement
4295 4532 4479 4677 leſpee
4537 4532 4571 4677 en
4652 4532 4813 4677 droite
4848 4532 4986 4677 ligne

2946 4658 2992 4783 au
3061 4658 3210 4783 deſſus
3268 4658 3291 4783 du
3394 4658 3692 4783 Diametre,
3761 4658 3876 4783 avec
3910 4658 3944 4783 le
3990 4658 4105 4783 pied
4162 4658 4357 4783 gauche
4426 4658 4678 4783 trainant
4747 4658 4747 4783 à
4828 4658 4988 4783 meſme

2951 4783 3124 4922 temps
3173 4783 3395 4922 derriere
3433 4783 3642 4922 juſqu’à
3704 4783 3840 4922 venir
3890 4783 4038 4922 deſſus
4075 4783 4112 4922 la
4161 4783 4297 4922 ligne
4359 4783 4618 4922 Pedale.

3315 4933 3516 5053 Stant
3592 4933 3692 5053 ſur
3755 4933 3806 5053 le
3881 4933 4045 5053 pied
4120 4933 4460 5053 gauche,
4585 4933 4585 5053 &
4648 4933 4875 5053 ayant
4950 4933 5001 5053 a-

3305 5056 3526 5158 vancé
3584 5056 3875 5158 l’autre,
3921 5056 4317 5158 enſemble
4363 5056 4549 5158 avec
4596 5056 4642 5158 le
4700 5056 4875 5158 bras
4968 5056 4979 5158 &

3297 5183 3604 5300 l’eſpee,
3690 5183 3702 5300 &
3751 5183 4083 5300 regardé
4144 5183 4193 5300 en
4267 5183 4500 5300 terre,
4537 5183 4733 5300 pour
4783 5183 4991 5300 adju-

3299 5304 3432 5423 ſter
3493 5304 3553 5423 le
3626 5304 3783 5423 pas,
3819 5304 3855 5423 il
3928 5304 4279 5423 pourſuit
4364 5304 4412 5423 en
4497 5304 4690 5423 ceſte
4751 5304 4993 5423 ſorte:

2849 5430 3000 5555 c’eſt
3076 5430 3227 5555 qu’il
3277 5430 3491 5555 porte
3542 5430 3819 5555 l’eſpee
3869 5430 4045 5555 avec
4096 5430 4146 5555 le
4209 5430 4373 5555 bras
4436 5430 4801 5555 eſtendu,
4876 5430 5002 5555 cir-

2848 5558 3372 5683 culairement
3439 5558 3484 5683 en
3550 5558 3807 5683 avant,
3874 5558 3940 5683 un
4029 5558 4152 5683 peu
4252 5558 4408 5683 vers
4453 5558 4509 5683 le
4564 5558 4743 5683 bas;
4832 5558 4999 5683 met-

2835 5680 2993 5796 tant
3050 5680 3106 5796 au
3208 5680 3457 5796 meſme
3514 5680 3774 5796 temps
3819 5680 3864 5796 le
3932 5680 4102 5796 pied
4158 5680 4203 5796 en
4283 5680 4520 5796 terre,
4554 5680 4656 5796 les
4724 5680 4984 5796 orteils

2847 5804 2948 5933 ſur
3012 5804 3062 5933 le
3138 5804 3354 5933 point
3468 5804 3531 5933 X,
3645 5804 3658 5933 &
3709 5804 3760 5933 le
3836 5804 4013 5933 talon
4089 5804 4191 5933 ſur
4254 5804 4292 5933 la
4368 5804 4824 5933 collaterale
4900 5804 5002 5933 de-

2858 5925 3031 6047 dans
3069 5925 3118 6047 le
3230 5925 3713 6047 Quadrangle
3763 5925 3775 6047 à
3862 5925 3998 6047 main
4097 5925 4370 6047 droite.
4494 5925 4544 6047 Et
4618 5925 4668 6047 en
4754 5925 5002 6047 conti-

2851 6052 3081 6161 nuant
3138 6052 3541 6161 touſiours
3575 6052 3632 6161 le
3690 6052 3908 6161 ſuſdit
3989 6052 4506 6161 mouvement
4586 6052 4989 6161 circulaire

2867 6173 2928 6304 de
2976 6173 3280 6304 l’eſpee,
3316 6173 3353 6304 il
3389 6173 3426 6304 la
3486 6173 3802 6304 ramene
3875 6173 3923 6304 en
3996 6173 4166 6304 haut
4227 6173 4397 6304 avec
4470 6173 4822 6304 quelque
4871 6173 4992 6304 pe-

2853 6295 2974 6426 tite
3047 6295 3763 6426 accommodation
3848 6295 3897 6426 du
3982 6295 4358 6426 poignet,
4419 6295 4467 6426 en
4552 6295 4892 6426 finiſſant
4941 6295 5002 6426 le

2876 6421 3378 6557 mouvement
3467 6421 3523 6557 du
3624 6421 3791 6557 bras
3869 6421 4059 6557 (qui
4137 6421 4517 6557 demeure
4584 6421 4986 6557 touſiours

2866 6542 3170 6678 eſtendu
3246 6542 3423 6678 avec
3461 6542 3739 6678 l’eſpee
3803 6542 3853 6678 en
3942 6542 4182 6678 droite
4233 6542 4499 6678 ligne)
4549 6542 4992 6678 juſtement

2851 6668 2914 6808 au
3003 6668 3230 6808 deſſus
3306 6668 3357 6808 du
3471 6668 3900 6808 Diametre,
3989 6668 4027 6808 en
4115 6668 4330 6808 angle
4418 6668 4608 6808 droit
4722 6668 4734 6808 &
4798 6668 5000 6808 ligne

2851 6791 3553 6934 perpendiculaire
3604 6791 3667 6934 au
3731 6791 3999 6934 regard
4075 6791 4126 6934 du
4216 6791 4458 6934 corps,
4534 6791 4534 6934 &
4585 6791 4649 6934 au
4713 6791 4993 6934 regard

4920 6940 4980 7026 du

1073 360 1661 454 PREMIERE
1823 360 2206 454 ACTION.

578 501 828 624 Zacharie
863 501 899 624 ſe
959 501 1030 624 met
1090 501 1209 624 droit
1268 501 1447 624 devant
1483 501 1519 624 le
1578 501 1733 624 Cercle
1852 501 1888 624 N.
1924 501 1971 624 1.
2031 501 2102 624 viz
2174 501 2174 624 à
2245 501 2317 624 viz
2400 501 2424 624 du
2543 501 2662 624 Oua-

671 624 884 756 drangle
979 624 979 756 Z
1074 624 1121 756 X,
1181 624 1358 756 tenant
1406 624 1584 756 l’eſpee
1619 624 1690 756 ſur
1738 624 1762 756 le
1809 624 1951 756 coude
2011 624 2046 756 du
2094 624 2200 756 bras
2260 624 2473 756 gauche,
2568 624 2568 756 &
2615 624 2651 756 en

658 757 1006 885 epoignant
1041 757 1075 885 la
1133 757 1284 885 garde
1330 757 1411 885 par
1469 757 1643 885 deſſous
1689 757 1793 885 avec
1840 757 1874 885 la
1944 757 2384 885 maingauche.

1058 920 1170 1053 Our
1232 920 1728 1053 repreſenter
1803 920 1989 1053 ceſte
2063 920 2299 1053 aion
2373 920 2423 1053 le
2485 920 2646 1053 plus

1006 1050 1504 1178 ſimplement
1568 1050 1721 1178 qu’il
1759 1050 1887 1178 ſoit
1938 1050 2283 1178 poſſible,
2359 1050 2653 1178 ZAcHA-

1011 1173 1116 1299 RIE
1174 1173 1220 1299 ſe
1313 1173 1441 1299 met
1499 1173 1604 1299 icy
1662 1173 1825 1299 tout
1906 1173 2092 1299 droit
2150 1173 2255 1299 ſur
2313 1173 2406 1299 ſes
2464 1173 2650 1299 jam-

1002 1288 1133 1408 bes
1216 1288 1311 1408 viz
1370 1288 1382 1408 à
1465 1288 1560 1408 viz
1644 1288 1691 1408 du
1798 1288 2226 1408 Diametre,
2285 1288 2380 1408 les
2428 1288 2642 1408 pieds

556 1413 991 1545 egalement
1061 1413 1460 1545 avancez,
1519 1413 1636 1545 s’en
1730 1413 2000 1545 tenant
2071 1413 2399 1545 eſloigné
2482 1413 2540 1545 de
2599 1413 2634 1545 la

529 1541 723 1670 juſte
807 1541 1074 1670 meſure
1146 1541 1207 1670 de
1279 1541 1316 1670 ſa
1388 1541 1606 1670 lame.
1739 1541 2054 1670 Dequoy
2114 1541 2151 1670 il
2199 1541 2381 1670 peut
2429 1541 2647 1670 pren-

558 1663 661 1791 dre
706 1663 741 1791 la
832 1663 1094 1791 meſure
1151 1663 1333 1791 avec
1378 1663 1652 1791 l’eſpee
1732 1663 2016 1791 meſme,
2096 1663 2142 1791 en
2210 1663 2256 1791 la
2335 1663 2654 1791 mettant

536 1785 548 1911 à
608 1785 836 1911 terre.
968 1785 1064 1911 Car
1124 1785 1208 1911 s’il
1256 1785 1304 1911 en
1400 1785 1520 1911 met
1568 1785 1616 1911 la
1676 1785 1940 1911 pointe
1988 1785 2084 1911 ſur
2132 1785 2168 1911 la
2276 1785 2660 1911 Circonfe-

549 1911 769 2037 rence
818 1911 831 2037 à
880 1911 1112 2037 lettre
1198 1911 1247 2037 X,
1296 1911 1394 2037 les
1443 1911 1822 2037 branches
1896 1911 1957 2037 de
2006 1911 2043 2037 la
2128 1911 2349 2037 garde
2398 1911 2508 2037 luy
2581 1911 2630 2037 en

530 2032 1065 2152 reviendront
1145 2032 1577 2152 juſtement
1668 2032 1873 2152 entre
1952 2032 1998 2152 le
2100 2032 2316 2152 creux
2419 2032 2476 2152 de
2555 2032 2646 2152 ſes

559 2157 746 2284 deux
793 2157 1049 2284 pieds.
1166 2157 1621 2284 Toutesfois
1668 2157 1703 2284 il
1761 2157 1773 2284 y
1831 2157 1831 2284 a
1901 2157 2181 2284 encore
2239 2157 2379 2284 une
2438 2157 2648 2284 autre

575 2279 922 2405 maniere,
970 2279 1138 2405 plus
1197 2279 1413 2405 facile
1461 2279 1652 2405 pour
1736 2279 2131 2405 examiner
2250 2279 2262 2405 &
2310 2279 2657 2405 adjuſter

550 2401 739 2509 ceſte
834 2401 1093 2509 meſme
1176 2401 1542 2509 diſtance,
1589 2401 1908 2509 aſſavoir
1991 2401 2038 2509 en
2133 2401 2546 2509 eſtendant
2605 2401 2652 2509 le

543 2528 710 2655 bras
758 2528 937 2655 avec
997 2528 1260 2655 l’eſpee
1331 2528 1809 2655 droitement
1893 2528 1940 2655 en
2024 2528 2155 2655 une
2215 2528 2442 2655 ligne,
2562 2528 2562 2655 &
2609 2528 2657 2655 la

565 2648 855 2778 menant
924 2648 994 2778 de
1040 2648 1214 2778 haut
1283 2648 1329 2778 en
1399 2648 1526 2778 bas
1584 2648 1874 2778 juſqu’à
1943 2648 2290 2778 toucher
2325 2648 2371 2778 la
2429 2648 2661 2778 terre.

586 2772 680 2895 Car
739 2772 787 2895 le
869 2772 1082 2895 point
1141 2772 1839 2895 d’attouchement
1898 2772 2205 2895 viendra
2264 2772 2666 2895 touſiours

533 2892 592 2996 au
685 2892 943 2996 meſme
1002 2892 1307 2996 endroit
1377 2892 1436 2996 de
1483 2892 1530 2996 la
1612 2892 2210 2996 Circonference
2269 2892 2280 2996 à
2327 2892 2362 2996 la
2421 2892 2656 2996 lettre

588 3024 623 3145 X,
705 3024 1175 3145 moyennant
1246 3024 1375 3145 que
1422 3024 1457 3145 la
1516 3024 1868 3145 ſituation
1962 3024 2021 3145 du
2115 3024 2326 3145 corps
2385 3024 2456 3145 ne
2526 3024 2655 3145 ſoit

548 3142 757 3274 point
844 3142 1214 3274 changée,
1325 3142 1325 3274 &
1399 3142 1597 3274 qu’on
1658 3142 1732 3274 ne
1782 3142 1843 3274 le
1893 3142 2065 3274 plie,
2140 3142 2226 3274 ny
2288 3142 2337 3274 en
2411 3142 2670 3274 avant,

539 3268 618 3395 ny
686 3268 731 3395 en
822 3268 1151 3395 arriere;
1242 3268 1401 3395 mais
1480 3268 1639 3395 qu’il
1719 3268 2082 3395 demeure
2172 3268 2660 3395 droitement

561 3391 842 3519 debout
964 3391 976 3519 &
1025 3391 1793 3519 perpendiculaire.
1928 3391 2269 3519 Zacharie
2355 3391 2538 3519 donc
2611 3391 2660 3519 ſe

531 3518 801 3636 tenant
863 3518 1196 3636 eſloigné
1258 3518 1299 3636 en
1382 3518 1569 3636 ceſte
1652 3518 1923 3636 diſtanc
2047 3518 2099 3636 du
2213 3518 2473 3636 Cerle.
2546 3518 2670 3636 met

526 3628 793 3755 l’eſpee
842 3628 951 3755 ſur
999 3628 1048 3755 le
1109 3628 1351 3755 coude
1424 3628 1473 3755 du
1546 3628 1715 3755 bras
1776 3628 2104 3755 gauche,
2152 3628 2674 3755 empoignant

542 3749 707 3879 auſſi
783 3749 846 3879 de
910 3749 961 3879 la
1062 3749 1202 3879 main
1291 3749 1583 3879 gauche
1646 3749 1684 3879 la
1760 3749 1976 3879 garde
2027 3749 2141 3879 par
2217 3749 2547 3879 deſſous,
2611 3749 2662 3879 ſe

531 3876 819 4002 laiſſant
879 3876 1214 4002 prendre
1322 3876 1322 4002 &
1381 3876 1693 4002 repoſer
1741 3876 1836 4002 les
1884 3876 2052 4002 bras
2100 3876 2207 4002 ſur
2243 3876 2291 4002 le
2363 3876 2662 4002 ventre,

549 3999 597 4125 en
669 3999 861 4125 ſorte
933 3999 1054 4125 que
1102 3999 1150 4125 la
1210 3999 1475 4125 pointe
1547 3999 1607 4125 de
1655 3999 1931 4125 l’eſpee
1992 3999 2112 4125 luy
2196 3999 2244 4125 va
2340 3999 2665 4125 derriere

534 4121 946 4251 l’eſpaule.
1068 4121 1116 4251 Et
1201 4121 1371 4251 voilà
1456 4121 1759 4251 comme
1820 4121 1856 4251 il
1917 4121 2074 4251 s’eſt
2171 4121 2268 4251 mis
2353 4121 2402 4251 en
2499 4121 2668 4251 eſtat

558 4245 1033 4371 d’attendre,
1070 4245 1358 4371 juſqu’à
1421 4245 1571 4371 tant
1646 4245 1808 4371 qu’il
1871 4245 2058 4371 voye
2133 4245 2171 4371 ſa
2246 4245 2484 4371 partie
2559 4245 2671 4371 ad-

552 4367 753 4496 verſe
836 4367 1002 4496 eſtre
1085 4367 1132 4496 en
1227 4367 1487 4496 ordre,
1534 4367 1723 4496 pour
1770 4367 1889 4496 luy
1972 4367 2255 4496 donner
2303 4367 2350 4496 la
2433 4367 2669 4496 droite

559 4511 793 4627 ligne.

1090 4621 1577 4709 SECONDE
1725 4621 2123 4709 ACTION.

593 4769 772 4894 Devant
817 4769 850 4894 le
917 4769 1062 4894 Cercle
1163 4769 1197 4894 N.
1241 4769 1286 4894 2.
1331 4769 1364 4894 il
1398 4769 1644 4894 s’avance
1688 4769 1800 4894 avec
1845 4769 1867 4894 le
1912 4769 2024 4894 pied
2068 4769 2258 4894 gauche
2325 4769 2415 4894 d’un
2471 4769 2549 4894 pas
2605 4769 2672 4894 mo-

690 4897 807 5020 deré,
860 4897 892 5020 en
966 4897 1157 5020 menant
1210 4897 1402 5020 l’eſpee
1455 4897 1890 5020 circulairement
1954 4897 2039 5020 par
2114 4897 2294 5020 devant
2358 4897 2422 5020 ſoy
2485 4897 2592 5020 avec
2645 4897 2677 5020 le

676 5019 789 5144 bras
823 5019 993 5144 roide,
1084 5019 1084 5144 &
1129 5019 1163 5144 la
1231 5019 1446 5144 mettant
1491 5019 1503 5144 à
1548 5019 1616 5144 ſon
1661 5019 1774 5144 coſté
1831 5019 1956 5144 droit
2001 5019 2035 5144 en
2091 5019 2227 5144 angle
2284 5019 2420 5144 aigu,
2465 5019 2499 5144 la
2544 5019 2680 5144 poin-

678 5149 714 5264 te
763 5149 1044 5264 baiée.

1073 5299 1073 5424 N
1122 5299 1623 5424 approchant
1696 5299 1867 5424 donc
1940 5299 1989 5424 du
2099 5299 2367 5424 Cercle,
2392 5299 2428 5424 il
2477 5299 2697 5424 avan-

1025 5422 1086 5548 ce
1135 5422 1770 5548 premierement
1843 5422 1892 5548 le
1978 5422 2210 5548 coſté,
2320 5422 2332 5548 &
2393 5422 2442 5548 le
2515 5422 2686 5548 pied

1035 5549 1323 5672 gauche
1406 5549 1538 5672 d’un
1646 5549 1754 5672 pas
1861 5549 2244 5672 mediocre
2340 5549 2388 5672 en
2484 5549 2687 5672 ligne

1035 5673 1310 5796 droite,
1430 5673 1441 5796 &
1501 5673 1943 5796 cependant
2003 5673 2218 5796 roidit
2266 5673 2326 5796 le
2373 5673 2541 5796 bras
2612 5673 2684 5796 de

558 5798 870 5922 l’eſpee,
905 5798 951 5922 la
1044 5798 1344 5922 menant
1390 5798 1506 5922 par
1552 5798 1691 5922 une
1760 5798 2696 5922 demie-circonference

587 5919 977 6048 diagonale
1036 5919 1154 6048 par
1213 5919 1485 6048 devant
1532 5919 1579 6048 ſa
1638 5919 2004 6048 poitrine,
2063 5919 2122 6048 de
2181 5919 2358 6048 haut
2417 5919 2465 6048 en
2535 5919 2689 6048 bas,

583 6043 632 6174 en
706 6043 916 6174 angle
965 6043 1114 6174 aigu
1175 6043 1188 6174 à
1237 6043 1336 6174 ſon
1422 6043 1620 6174 coſté
1694 6043 1916 6174 droit,
2040 6043 2040 6174 &
2114 6043 2164 6174 en
2275 6043 2583 6174 mettant
2645 6043 2695 6174 la

578 6168 844 6292 pointe
913 6168 1213 6292 environ
1306 6168 1317 6292 à
1387 6168 1421 6292 la
1525 6168 1802 6292 meſure
1883 6168 2091 6292 d’une
2161 6168 2438 6292 paume
2519 6168 2577 6292 de
2646 6168 2692 6292 la

579 6287 806 6399 terre.
896 6287 953 6399 Au
1032 6287 1213 6399 reſte
1269 6287 1541 6399 toutes
1609 6287 1711 6399 ces
1756 6287 2095 6399 aions,
2140 6287 2299 6399 tant
2367 6287 2423 6399 du
2502 6287 2695 6399 bras,

588 6413 720 6545 que
805 6413 865 6545 de
925 6413 974 6545 la
1070 6413 1287 6545 main,
1408 6413 1408 6545 &
1480 6413 1540 6545 de
1613 6413 1914 6545 l’eſpee,
1974 6413 2034 6545 ſe
2107 6413 2420 6545 doivent
2505 6413 2710 6545 com-

607 6535 895 6656 mencer
1017 6535 1028 6656 &
1105 6535 1471 6656 terminer
1570 6535 1958 6656 enſemble
2035 6535 2223 6656 avec
2279 6535 2334 6656 le
2412 6535 2533 6656 pas
2622 6535 2666 6656 du

582 6661 791 6787 pied,
840 6661 951 6787 afin
1037 6661 1185 6787 qu’il
1247 6661 1345 6787 n’y
1407 6661 1493 6787 ait
1542 6661 1665 6787 rien
1751 6661 1813 6787 de
1911 6661 2022 6787 mal
2071 6661 2699 6787 proportionné.

609 6782 771 6913 Faut
833 6782 995 6913 auſſi
1032 6782 1082 6913 ſe
1169 6782 1456 6913 donner
1543 6782 1792 6913 garde,
1854 6782 1892 6913 en
1979 6782 2427 6913 apprenant
2502 6782 2689 6913 ceſte
