5442 7366
660 4977 1178 5075 COMMENT
1282 4977 1351 5075 IL
1466 4977 1708 5075 FAVT
1823 4977 2100 5075 FAIRE
2215 4977 2353 5075 SES
2457 4977 2572 5075 AP-

697 5089 1058 5171 PROCHES
1172 5089 1476 5171 CONTRE
1580 5089 1647 5171 LA
1752 5089 2027 5171 DROITE
2132 5089 2398 5171 LIGNE,
2493 5089 2560 5171 ET

708 5196 1015 5278 CONTRE
1098 5196 1405 5278 L’ANGLE
1508 5196 1750 5278 OBTVS.

1025 5283 1191 5420 Yant
1262 5283 1416 5420 ores
1511 5283 1795 5420 declaré
1878 5283 1985 5420 les
2056 5283 2518 5420 operations
2601 5283 2672 5420 de

1035 5413 1408 5545 Zacharie,
1466 5413 1501 5545 il
1560 5413 1688 5545 ſera
1746 5413 1898 5545 bien
2002 5413 2131 5545 que
2200 5413 2399 5545 nous
2468 5413 2666 5545 com-

1022 5534 1413 5670 mencions
1459 5534 2023 5670 pareillement
2069 5534 2080 5670 à
2149 5534 2471 5670 deſcrire
2540 5534 2667 5670 cel-

989 5656 1083 5795 les
1176 5656 1761 5795 d’Alexandre;
1878 5656 1983 5795 qui
2054 5656 2252 5795 nous
2346 5656 2662 5795 monſtre

540 5782 645 5928 par
692 5782 798 5928 ſes
857 5782 1126 5928 quatre
1173 5782 1502 5928 figures,
1537 5782 1807 5928 autant
1877 5782 1936 5928 de
2006 5782 2476 5928 differentes
2546 5782 2663 5928 ma-

525 5904 780 6053 nieres
850 5904 908 6053 de
966 5904 1140 6053 faire
1198 5904 1303 6053 ſes
1349 5904 1802 6053 approches
1884 5904 2139 6053 contre
2197 5904 2232 6053 la
2313 5904 2546 6053 droite
2592 5904 2662 6053 li-

549 6029 669 6175 gne
778 6029 790 6175 &
850 6029 1115 6175 contre
1163 6029 1428 6175 l’angle
1501 6029 1753 6175 obtus.
1910 6029 2043 6175 Mais
2115 6029 2272 6175 puis
2356 6029 2476 6175 que
2561 6029 2669 6175 ces

551 6155 731 6302 dites
779 6155 1153 6302 poſtures
1201 6155 1273 6302 ne
1333 6155 1454 6302 luy
1526 6155 1682 6302 ſont
1754 6155 1875 6302 pas
1923 6155 2392 6302 preſentées
2453 6155 2501 6302 en
2597 6155 2657 6302 ce

539 6280 844 6424 preſent
958 6280 1263 6424 Tableau
1365 6280 1480 6424 par
1594 6280 2014 6424 Zacharie,
2103 6280 2141 6424 il
2204 6280 2357 6424 faut
2433 6280 2662 6424 ſavoir

550 6408 862 6549 qu’elles
910 6408 1162 6549 ſeront
1222 6408 1774 6549 repreſentées
1834 6408 1894 6549 au
1990 6408 2482 6549 quatrieme,
2554 6408 2674 6549 qui

538 6528 623 6673 eſt
671 6528 720 6673 le
780 6528 1131 6673 prochain
1216 6528 1652 6673 enſuivant,
1701 6528 2076 6673 chaſcune
2124 6528 2136 6673 à
2185 6528 2379 6673 tour,
2415 6528 2524 6673 ſur
2560 6528 2669 6673 les

577 6651 889 6803 Cercles,
962 6651 1322 6803 marquez
1395 6651 1455 6803 de
1539 6651 1792 6803 meſme
1852 6651 2225 6803 nombre.
2297 6651 2465 6803 Auſſi
2537 6651 2658 6803 que

525 6781 623 6924 les
671 6781 1122 6924 approches
1195 6781 1718 6924 d’Alexandre
1767 6781 1852 6924 ne
1901 6781 2059 6924 ſont
2108 6781 2217 6924 icy
2278 6781 2668 6924 repreſen-

2882 303 3045 430 tées
3095 303 3108 430 à
3158 303 3409 430 plein;
3497 303 3660 430 mais
3735 303 3873 430 que
3936 303 3986 430 le
4048 303 4349 430 ſurplus
4412 303 4450 430 en
4562 303 4638 430 eſt
4713 303 5001 430 reſervé

2878 427 3061 553 pour
3135 427 3183 553 le
3281 427 3537 553 meſme
3623 427 3928 553 Tableau
4025 427 4514 553 quatrieme,
4599 427 4892 553 chaſcun
4990 427 4990 553 à

2883 553 3377 687 repreſenter
3428 553 3529 687 ſur
3580 553 3668 687 ſon
3745 553 4023 687 propre
4137 553 4416 687 Cercle.
4556 553 4999 687 Cependant

2871 682 3143 805 ſachez
3218 682 3342 805 que
3391 682 3491 805 les
3540 682 3900 805 poſtures
3974 682 4036 805 de
4123 682 4470 805 Zacharie
4520 682 4681 805 ſont
4743 682 4991 805 telles.

3009 809 3125 934 Sur
3176 809 3228 934 le
3318 809 3563 934 Cercle
3679 809 3717 934 N.
3769 809 3807 934 1.
3846 809 3885 934 il
3936 809 4297 934 preſente
4348 809 4387 934 la
4464 809 4709 934 droite
4773 809 5005 934 ligne,

3101 933 3278 1054 tout
3328 933 3493 1054 ainſi
3556 933 3745 1054 qu’au
3847 933 4087 1054 Cercle
4200 933 4238 1054 N.
4302 933 4340 1054 4.
4403 933 4466 1054 de
4529 933 4592 1054 ce
4681 933 4984 1054 Tableau

3094 1059 3446 1173 preſent.

3002 1180 3118 1311 Sur
3170 1180 3221 1311 le
3325 1180 3363 1311 N.
3428 1180 3454 1311 2.
3492 1180 3531 1311 il
3583 1180 3944 1311 preſente
3983 1180 4254 1311 l’eſpee
4331 1180 4383 1311 en
4460 1180 4667 1311 angle
4744 1180 5002 1311 obtus.

3013 1306 3116 1413 Sur
3167 1306 3219 1413 le
3322 1306 3360 1413 N.
3425 1306 3450 1413 3.
3489 1306 3528 1413 il
3566 1306 3695 1413 fait
3734 1306 3785 1413 le
3875 1306 4158 1413 meſme.

2996 1428 3113 1556 Sur
3165 1428 3217 1556 le
3321 1428 3360 1556 N.
3412 1428 3464 1556 4.
3529 1428 3685 1556 c’eſt
3750 1428 4114 1556 derechef
4166 1428 4205 1556 la
4283 1428 4517 1556 droite
4569 1428 4803 1556 ligne.

2960 1556 3116 1680 C’eſt
3200 1556 3669 1680 alencontre
3765 1556 3825 1680 de
3909 1556 4005 1680 ces
4077 1556 4437 1680 poſtures
4522 1556 4990 1680 qu’Alexan-

2882 1680 2977 1806 dre
3025 1680 3085 1806 ſe
3168 1680 3287 1806 met
3335 1680 3442 1806 icy
3526 1680 3573 1806 en
3657 1680 3919 1806 devoir
4003 1680 4062 1806 de
4110 1680 4289 1806 faire
4348 1680 4456 1806 ſes
4503 1680 4992 1806 approches,

2868 1806 2977 1934 qui
3026 1806 3123 1934 n’y
3183 1806 3341 1934 ſont
3389 1806 3837 1934 toutesfois
3898 1806 4455 1934 repreſentées
4540 1806 4673 1934 qu’à
4770 1806 4988 1934 demi,

2878 1929 3037 2054 dont
3087 1929 3898 2054 l’accompliſſement
3948 1929 4083 2054 ſera
4144 1929 4317 2054 veu,
4341 1929 4378 2054 là
4452 1929 4501 2054 où
4575 1929 4673 2054 les
4735 1929 4993 2054 poſtu-

2849 2060 2963 2183 res
3008 2060 3054 2183 ſe
3122 2060 3407 2183 voyent
3464 2060 3966 2183 alencontre.

3228 2242 3835 2337 PREMIERE
3983 2242 4649 2337 OPERATION.

2882 2392 3169 2516 Alexandre
3222 2392 3424 2516 s’eſtant
3477 2392 3923 2516 preallablement
3986 2392 4177 2516 avancé
4241 2392 4358 2516 deux
4422 2392 4453 2516 ou
4506 2392 4623 2516 trois
4687 2392 4761 2516 pas
4814 2392 4984 2516 devers

2962 2516 2996 2642 le
3053 2516 3224 2642 Cerele
3315 2516 3338 2642 N.
3395 2516 3429 2642 1.
3486 2516 3520 2642 en
3565 2516 3827 2642 plantant
3861 2516 3895 2642 le
3941 2516 4054 2642 pied
4100 2516 4293 2642 gauche
4339 2516 4373 2642 en
4418 2516 4589 2642 terre,
4623 2516 4657 2642 il
4703 2516 4714 2642 a
4782 2516 4839 2642 mis
4896 2516 4998 2642 l’e-

2968 2637 3069 2766 ſpee
3120 2637 3146 2766 en
3196 2637 3349 2766 angle
3400 2637 3501 2766 aigu
3565 2637 3565 2766 à
3603 2637 3667 2766 ſon
3717 2637 3832 2766 coſté
3895 2637 4035 2766 droit,
4073 2637 4111 2766 ce
4162 2637 4416 2766 qu’eſtant
4480 2637 4607 2766 fait,
4645 2637 4683 2766 il
4734 2637 4899 2766 hauſſe
4963 2637 4988 2766 le

2954 2767 3077 2891 pied
3122 2767 3245 2891 droit
3290 2767 3324 2891 en
3391 2767 3582 2891 dehors,
3615 2767 3794 2891 comme
3839 2767 3963 2891 außi
3996 2767 4030 2891 le
4075 2767 4187 2891 bras
4232 2767 4344 2891 avec
4389 2767 4602 2891 l’eſpee,
4646 2767 4714 2891 les
4770 2767 4994 2891 mettant

2961 2893 2997 3018 en
3067 2893 3208 3018 angle
3267 2893 3455 3018 obtus;
3502 2893 3526 3018 le
3584 2893 3796 3018 ſurplus
3866 2893 3890 3018 de
3949 2893 4066 3018 ceſte
4125 2893 4384 3018 approche
4431 2893 4536 3018 ſera
4583 2893 4877 3018 repreſenté
4936 2893 4983 3018 au

2987 3024 3133 3133 Cercle
3230 3024 3267 3133 N.
3315 3024 3364 3133 1.
3437 3024 3461 3133 du
3534 3024 3740 3133 Tableau
3788 3024 4031 3133 ſuivant.

3337 3174 3864 3303 Reſuppoſant
3939 3174 4115 3303 donc
4190 3174 4315 3303 que
4428 3174 4867 3303 ZACHARIE
4930 3174 4993 3303 ſe

3296 3300 3427 3428 ſoit
3511 3300 3618 3428 mis
3666 3300 3714 3428 le
3774 3300 4108 3428 premier
4167 3300 4215 3428 en
4323 3300 4752 3428 campagne
4812 3300 4860 3428 en
4931 3300 4979 3428 la

3298 3432 3617 3553 poſture
3691 3432 3752 3553 de
3801 3432 3838 3553 la
3924 3432 4158 3553 droite
4207 3432 4440 3553 ligne,
4489 3432 4686 3553 pour
4735 3432 4993 3553 atten-

3325 3555 3474 3666 dre.
3612 3555 3835 3666 VOiCy
3931 3555 4516 3666 ALEXANDRE
4601 3555 4708 3666 qui
4782 3555 4984 3666 com-

2865 3659 3107 3778 mence
3164 3659 3164 3778 à
3222 3659 3395 3778 faire
3453 3659 3556 3778 ſes
3602 3659 4052 3778 approches
4110 3659 4605 3778 alencontre,
4651 3659 4698 3778 en
4778 3659 4974 3778 ceſte

2828 3784 3057 3906 ſorte.
3130 3784 3395 3906 Durant
3468 3784 3625 3906 qu’il
3673 3784 3673 3906 a
3745 3784 3878 3906 eſté
3927 3784 4108 3906 hors
4180 3784 4241 3906 de
4325 3784 4627 3906 meſure,
4651 3784 4687 3906 il
4736 3784 4736 3906 a
4820 3784 4977 3906 mar-

2839 3906 2954 4029 ché
3023 3906 3301 4029 autant
3381 3906 3439 4029 de
3520 3906 3635 4029 pas
3716 3906 3762 4029 en
3855 3906 4109 4029 avant,
4178 3906 4305 4029 que
4351 3906 4397 4029 la
4478 3906 4801 4029 diſtance
4882 3906 4974 4029 re-

2839 4032 3185 4153 queroit,
3280 4032 3578 4153 menant
3614 4032 3888 4153 l’eſpee
3959 4032 4389 4153 librement
4460 4032 4460 4153 à
4520 4032 4555 4153 ſa
4615 4032 4973 4153 fantaſie,

2826 4156 2985 4277 ſans
3041 4156 3223 4277 eſtre
3290 4156 3336 4277 en
3426 4156 3653 4277 peine
3732 4156 3789 4277 de
3879 4156 4389 4277 commencer
4434 4156 4468 4277 la
4548 4156 4967 4277 demarche

2830 4280 3012 4409 avec
3061 4280 3109 4409 le
3170 4280 3339 4409 pied
3400 4280 3594 4409 droit
3655 4280 3715 4409 ou
3800 4280 3982 4409 avec
4031 4280 4079 4409 le
4152 4280 4479 4409 gauche,
4552 4280 4637 4409 ny
4697 4280 4770 4409 de
4831 4280 4976 4409 ſça-

2841 4404 2986 4505 voir
3047 4404 3494 4505 exaemẽt
3543 4404 3579 4505 la
3664 4404 3990 4505 diſtance
4063 4404 4123 4505 de
4172 4404 4728 4505 l’Adverſaire.
4837 4404 4970 4505 Mais

2842 4532 3088 4656 quand
3137 4532 3174 4656 il
3236 4532 3236 4656 a
3346 4532 3445 4656 mis
3494 4532 3543 4656 le
3605 4532 3765 4656 pied
3838 4532 4121 4656 gauche
4195 4532 4244 4656 en
4318 4532 4502 4656 terre
4564 4532 4588 4656 ſi
4650 4532 4810 4656 pres
4896 4532 4945 4656 du

2869 4658 3166 4780 Cercle,
3253 4658 3401 4780 qu’il
3451 4658 3785 4780 pouvoit
3859 4658 4143 4780 arriver
4205 4658 4255 4780 en
4329 4658 4391 4780 un
4465 4658 4614 4780 ſeul
4663 4658 4774 4780 pas
4849 4658 4861 4780 à
4923 4658 4960 4780 la

2868 4781 3537 4902 Circonference;
3634 4781 3792 4902 c’eſt
3865 4781 4060 4902 alors
4133 4781 4291 4902 qu’il
4364 4781 4364 4902 a
4437 4781 4656 4902 porté
4729 4781 4826 4902 ſon
4936 4781 4985 4902 e-

2821 4906 2990 5028 ſpee
3068 4906 3721 5028 circulairement
3778 4906 3958 5028 avec
4025 4906 4171 5028 une
4262 4906 4971 5028 demie-circonfe-

2826 5030 3050 5156 rence
3125 5030 3524 5156 diagonale
3574 5030 3587 5156 à
3636 5030 3736 5156 ſon
3824 5030 4011 5156 coſté
4085 5030 4273 5156 droit
4347 5030 4397 5156 en
4497 5030 4709 5156 angle
4771 5030 4958 5156 aigu,

2822 5156 3030 5255 uſant
3112 5156 3216 5255 des
3297 5156 3599 5255 meſmes
3645 5156 3982 5255 aions,
4075 5156 4086 5255 &
4133 5156 4191 5255 ſe
4272 5156 4585 5255 mettant
4632 5156 4643 5255 à
4690 5156 4736 5255 la
4817 5156 4968 5255 meſ-

2848 5279 2934 5403 me
3008 5279 3378 5403 diſtance,
3439 5279 3600 5403 qu’il
3649 5279 3649 5403 a
3723 5279 3858 5403 eſté
3932 5279 4019 5403 dit
4080 5279 4142 5403 cy
4216 5279 4487 5403 devant
4573 5279 4622 5403 en
4696 5279 4746 5403 la
4820 5279 4980 5403 per-

2826 5406 3056 5522 ſonne
3133 5406 3197 5522 de
3287 5406 3632 5522 Zacharie
3748 5406 3786 5522 N.
3850 5406 3888 5522 2.
4016 5406 4080 5522 Ce
4157 5406 4311 5522 fait,
4349 5406 4388 5522 il
4452 5406 4606 5522 leve
4682 5406 4734 5522 le
4798 5406 4964 5522 pied

2846 5529 3060 5632 droit,
3179 5529 3191 5632 &
3250 5529 3500 5632 hauſſe
3571 5529 4214 5632 enſemblement
4261 5529 4309 5632 le
4392 5529 4547 5632 bras
4618 5529 4797 5632 avec
4856 5529 4975 5632 l’e-

2825 5652 2996 5774 ſpee
3057 5652 3106 5774 en
3179 5652 3387 5774 angle
3448 5652 3705 5774 obtus;
3742 5652 3913 5774 tout
3962 5652 4133 5774 ainſi
4195 5652 4378 5774 qu’en
4451 5652 4464 5774 a
4513 5652 4977 5774 faitZacha-

2829 5775 2918 5901 rie
2994 5775 3261 5901 devant
3299 5775 3363 5901 le
3452 5775 3693 5901 Cercle
3807 5775 3846 5901 N.
3896 5775 3922 5901 3.
3985 5775 4023 5901 Il
4074 5775 4176 5901 n’y
4227 5775 4239 5901 a
4316 5775 4443 5901 que
4506 5775 4684 5901 ceſte
4760 5775 4964 5901 diffe-

2828 5905 3095 6026 rence,
3164 5905 3292 6026 que
3384 5905 3732 6026 Zacharie
3790 5905 4114 6026 regarde
4172 5905 4206 6026 la
4264 5905 4461 6026 terre
4519 5905 4704 6026 pour
4774 5905 4971 6026 com-

2830 6025 3067 6148 paſſer
3117 6025 3154 6148 la
3229 6025 3679 6148 demarche,
3779 6025 3779 6148 &
3853 6025 4103 6148 mettre
4153 6025 4203 6148 le
4265 6025 4428 6148 pied
4503 6025 4677 6148 droit
4727 6025 4964 6148 juſte-

2864 6149 3046 6270 ment
3106 6149 3215 6270 ſur
3276 6149 3312 6270 la
3409 6149 3844 6270 collaterale
3929 6149 4171 6270 droite
4244 6149 4304 6270 de
4353 6149 4449 6270 ſon
4582 6149 4958 6270 Quadran-

2848 6274 2967 6399 gle,
3003 6274 3181 6399 avec
3229 6274 3336 6399 les
3395 6274 3657 6399 orteils
3705 6274 4133 6399 touchants
4181 6274 4217 6399 la
4312 6274 4955 6399 Circonference;

2841 6398 2902 6523 ce
2975 6398 3134 6523 qu’il
3170 6398 3353 6523 peut
3463 6398 3463 6523 &
3536 6398 3683 6523 doit
3731 6398 3902 6523 faire
3951 6398 4134 6523 pour
4207 6398 4256 6523 ſe
4354 6398 4610 6523 mettre
4683 6398 4732 6523 le
4805 6398 4964 6523 pre-

2859 6520 3009 6649 mier
3072 6520 3122 6649 en
3197 6520 3523 6649 poſture
3561 6520 3673 6649 ſur
3711 6520 3761 6649 le
3874 6520 4162 6649 Cercle,
4237 6520 4575 6649 d’autant
4650 6520 4813 6649 qu’il
4876 6520 4964 6649 n’a

2831 6647 3039 6743 nulle
3088 6647 3296 6743 autre
3369 6647 3712 6743 adreſſe.
3871 6647 4005 6743 Mais
4066 6647 4079 6743 à
4176 6647 4617 6743 Alexandre
4690 6647 4727 6743 il
4788 6647 4960 6743 n’eſt

2830 6770 3128 6898 permis
3202 6770 3264 6898 de
3351 6770 3400 6898 ce
3474 6770 3697 6898 faire;
3784 6770 4118 6898 d’autant
4180 6770 4341 6898 qu’il
4416 6770 4552 6898 doit
4626 6770 4961 6898 prendre

4629 6901 4966 6986 l’adreſſe

603 296 654 427 du
783 296 1157 427 Diametre
1260 296 1299 427 en
1402 296 1608 427 ligne
1686 296 2098 427 parallele.
2240 296 2292 427 Or
2382 296 2627 427 quand
2691 296 2730 427 il

574 423 838 554 plante
889 423 939 554 le
1002 423 1166 554 pied
1216 423 1229 554 à
1279 423 1506 554 terre,
1594 423 1607 554 &
1670 423 1833 554 qu’il
1884 423 2098 554 porte
2148 423 2425 554 l’eſpee
2488 423 2715 554 circu-

566 550 995 672 lairement
1052 550 1097 672 en
1165 550 1368 672 haut,
1425 550 1549 672 celà
1605 550 1662 672 ſe
1718 550 1831 672 fait
1888 550 2069 672 avec
2114 550 2261 672 une
2306 550 2713 672 impetuo-

570 674 699 790 ſité
769 674 816 790 du
887 674 1098 790 bras;
1180 674 1356 790 dont
1403 674 1614 790 touts
1661 674 1767 790 les
1814 674 2025 790 nerfs
2142 674 2154 790 &
2248 674 2553 790 muſcles
2635 674 2694 790 du

584 796 800 927 corps
872 796 920 927 ſe
992 796 1388 927 tendent,
1448 796 1508 927 le
1592 796 1784 927 coſté
1868 796 2048 927 droit
2132 796 2180 927 en
2276 796 2360 927 eſt
2432 796 2552 927 tiré
2636 796 2684 927 en

566 926 825 1049 avant,
870 926 915 1049 le
971 926 1162 1049 talon
1241 926 1298 1049 du
1376 926 1545 1049 pied
1624 926 1815 1049 droit
1883 926 1995 1049 s’en
2085 926 2367 1049 tourne
2445 926 2490 1049 en
2603 926 2704 1049 de-

570 1050 749 1176 hors
800 1050 903 1176 ſur
941 1050 979 1176 la
1043 1050 1248 1176 ligne
1350 1050 1350 1176 X
1439 1050 1490 1176 Y,
1618 1050 1618 1176 &
1669 1050 2142 1176 finalement
2206 1050 2257 1176 le
2308 1050 2474 1176 pied
2538 1050 2704 1176 gau-

575 1173 703 1307 che
761 1173 808 1307 en
901 1173 983 1307 eſt
1041 1173 1437 1307 contraint
1542 1173 1542 1307 &
1612 1173 1915 1307 comme
1985 1173 2195 1307 forcé
2265 1173 2265 1307 à
2334 1173 2579 1307 ſuivre
2696 1173 2696 1307 &

560 1298 610 1427 ſe
659 1298 907 1427 laiſſer
969 1298 1352 1427 entrainer
1414 1298 1625 1427 apres
1674 1298 1934 1427 l’autre
1983 1298 2268 1427 juſqu’à
2330 1298 2478 1427 tant
2540 1298 2701 1427 qu’il

574 1425 846 1554 vienne
920 1425 1019 1554 ſur
1081 1425 1131 1554 la
1192 1425 1390 1554 ligne
1477 1425 1737 1554 Pedale
1823 1425 1873 1554 Z,
1935 1425 1984 1554 où
2059 1425 2096 1554 il
2182 1425 2318 1554 doit
2393 1425 2702 1554 demeu-

569 1551 701 1676 rer,
809 1551 821 1676 &
893 1551 1276 1676 redreſſer
1336 1551 1396 1676 au
1516 1551 1767 1676 meſme
1839 1551 2151 1676 temps,
2222 1551 2378 1676 qu’il
2450 1551 2462 1676 y
2534 1551 2702 1676 arri-

577 1676 675 1801 ve,
724 1676 773 1801 le
834 1676 1055 1801 corps
1116 1676 1300 1801 droit
1410 1676 1410 1801 &
1484 1676 1533 1801 en
1594 1676 1912 1801 pourfil,
1973 1676 2243 1801 l’eſpee
2304 1676 2696 1801 enſemble

555 1800 732 1930 avec
780 1800 839 1930 le
886 1800 1052 1930 bras
1111 1800 1490 1930 eſtendus
1538 1800 1585 1930 en
1656 1800 1857 1930 ligne
1917 1800 2165 1930 droite
2213 1800 2580 1930 parallele
2627 1800 2675 1930 au

605 1927 1011 2052 Diametre,
1097 1927 1134 2052 en
1220 1927 1417 2052 ſorte
1503 1927 1638 2052 que
1700 1927 2093 2052 l’eſpaule,
2204 1927 2216 2052 &
2253 1927 2314 2052 le
2376 1927 2597 2052 bras,
2646 1927 2696 2052 la

567 2050 831 2176 garde,
927 2050 939 2176 &
986 2050 1022 2176 la
1082 2050 1358 2176 pointe
1442 2050 1501 2176 de
1549 2050 1825 2176 l’eſpee
1897 2050 1945 2176 ſe
2004 2050 2483 2176 retrouvent
2531 2050 2699 2176 tou-

559 2175 663 2296 tes
732 2175 778 2296 en
859 2175 1056 2296 egale
1113 2175 1483 2296 hauteur.

700 2297 928 2425 Apres
976 2297 1252 2425 toutes
1312 2297 1408 2425 les
1480 2297 1780 2425 aions
1840 2297 2128 2425 faites,
2199 2297 2283 2425 s’il
2355 2297 2439 2425 eſt
2523 2297 2691 2425 que-

547 2420 727 2551 ſtion
812 2420 1281 2551 d’examiner
1329 2420 1365 2551 la
1425 2420 1774 2551 poſture,
1823 2420 2015 2551 pour
2075 2420 2220 2551 voir
2292 2420 2388 2551 s’il
2449 2420 2461 2551 y
2533 2420 2533 2551 a
2629 2420 2689 2551 de

550 2547 586 2672 la
646 2547 898 2672 faute;
958 2547 994 2672 il
1054 2547 1138 2672 ne
1210 2547 1367 2672 faut
1451 2547 1943 2672 qu’eſtendre
2015 2547 2580 2672 pareillement
2640 2547 2688 2672 le

541 2671 705 2797 bras
776 2671 1057 2797 gauche
1128 2671 1174 2797 en
1280 2671 1515 2797 droite
1562 2671 1808 2797 ligne,
1866 2671 1913 2797 en
2007 2671 2277 2797 arriere
2336 2671 2347 2797 à
2394 2671 2441 2797 la
2547 2671 2699 2797 meſ-

576 2794 650 2918 me
700 2794 1083 2918 hauteur.
1219 2794 1317 2918 Car
1367 2794 1392 2918 ſi
1441 2794 1478 2918 la
1540 2794 1861 2918 poſture
1923 2794 2009 2918 eſt
2059 2794 2281 2918 juſte,
2343 2794 2441 2918 les
2503 2794 2701 2918 deux

542 2920 710 3046 bras
794 2920 1179 3046 enſemble
1263 2920 1443 3046 avec
1504 2920 1840 3046 l’eſpee,
1924 2920 2009 3046 ne
2069 2920 2333 3046 feront
2417 2920 2694 3046 qu’une

556 3043 801 3170 droite
848 3043 1093 3170 ligne,
1198 3043 1198 3170 &
1268 3043 1315 3170 en
1385 3043 1641 3170 ſeront
1700 3043 1910 3170 touts
1968 3043 2061 3170 les
2155 3043 2528 3170 membres
2621 3043 2668 3170 du

557 3171 773 3296 corps
821 3171 1181 3296 tellemẽt
1229 3171 1241 3296 à
1289 3171 1457 3296 leur
1505 3171 1661 3296 aiſe,
1721 3171 1877 3296 qu’il
1925 3171 2021 3296 n’y
2093 3171 2141 3296 en
2213 3171 2369 3296 aura
2429 3171 2549 3296 pas
2597 3171 2669 3296 un

526 3292 712 3420 ſeul,
781 3292 886 3420 qui
944 3292 1060 3420 s’en
1142 3292 1514 3420 reſſente;
1560 3292 1688 3420 rien
1758 3292 1862 3420 n’y
1921 3292 2083 3420 aura
2153 3292 2223 3420 de
2281 3292 2676 3420 contraint

539 3417 623 3543 ny
695 3417 755 3543 de
815 3417 1271 3543 contrefait;
1331 3417 1655 3543 d’autant
1727 3417 1847 3543 que
1919 3417 2075 3543 c’eſt
2123 3417 2159 3543 la
2219 3417 2543 3543 poſture
2603 3417 2663 3543 du

592 3544 839 3653 Monde
881 3544 922 3653 la
984 3544 1149 3653 plus
1200 3544 1612 3653 naturelle.
1684 3544 1726 3653 En
1808 3544 2097 3653 ſomme
2158 3544 2241 3653 c’il
2292 3544 2313 3653 y
2365 3544 2375 3653 a
2437 3544 2663 3653 fante.

526 3655 663 3770 ſoit
719 3655 765 3770 en
833 3655 878 3770 la
935 3655 1287 3770 ſituation
1389 3655 1446 3770 du
1548 3655 1787 3770 corps,
1866 3655 1923 3770 ou
2025 3655 2071 3770 en
2150 3655 2196 3770 la
2275 3655 2513 3770 tenue
2604 3655 2672 3770 de

526 3778 833 3899 l’eſpee,
883 3778 993 3899 elle
1055 3778 1104 3899 ſe
1178 3778 1657 3899 deſcouvrira
1731 3778 1928 3899 d’elle
2014 3778 2272 3899 meſme
2321 3778 2432 3899 par
2481 3778 2678 3899 l’ine-

553 3900 767 4023 galité
830 3900 893 4023 de
943 3900 981 4023 la
1044 3900 1270 4023 ligne,
1333 3900 1446 4023 qui
1509 3900 1761 4023 devoit
1824 3900 2013 4023 eſtre
2076 3900 2353 4023 droite,
2428 3900 2479 4023 ou
2567 3900 2680 4023 par

525 4025 561 4147 la
668 4025 1085 4147 meſſeance
1180 4025 1228 4147 du
1323 4025 1549 4147 corps
1621 4025 1740 4147 qui
1787 4025 1847 4147 ſe
1930 4025 2180 4147 devoit
2264 4025 2454 4147 tenir
2526 4025 2681 4147 per-

536 4150 1118 4272 pendiculaire,
1202 4150 1263 4272 ou
1336 4150 1457 4272 par
1517 4150 1566 4272 le
1651 4150 1917 4272 malaiſe
1978 4150 2426 4272 procedant
2499 4150 2559 4272 de
2632 4150 2668 4272 la

538 4265 966 4400 contorſion
1057 4265 1170 4400 des
1249 4265 1655 4400 membres,
1734 4265 2039 4400 comme
2106 4265 2140 4400 il
2208 4265 2264 4400 en
2355 4265 2592 4400 prend
2660 4265 2671 4400 à

532 4400 800 4543 toutes
858 4400 951 4543 les
1009 4400 1265 4543 autres
1323 4400 1730 4543 poſtures,
1823 4400 2067 4543 quand
2148 4400 2311 4543 elles
2393 4400 2672 4543 s’effor-

542 4523 706 4654 cent
770 4523 833 4654 de
884 4523 1289 4654 preſenter
1340 4523 1606 4654 l’eſpee
1669 4523 1720 4654 en
1809 4523 2049 4654 droite
2100 4523 2328 4654 ligne.
