5442 7366
2872 335 3165 489 meſme,
3228 335 3419 489 qu’au
3521 335 3775 489 Cercle
3826 335 4245 489 precedẽt,
4283 335 4576 489 juſqu’à
4652 335 4703 489 ce
4779 335 4970 489 qu’en

2825 452 3329 619 approchant
3380 452 3430 619 le
3493 452 3657 619 pied
3745 452 3934 619 droit
3997 452 4034 619 ſi
4097 452 4311 619 pres,
4400 452 4563 619 qu’il
4626 452 4714 619 ne
4777 452 4979 619 reſte

2817 577 2986 746 plus
3047 577 3241 746 qu’un
3313 577 3434 746 pas
3483 577 3676 746 pour
3725 577 4124 746 atteindre
4173 577 4209 746 la
4306 577 4971 746 Circonference,

2814 705 2848 867 il
2905 705 2917 867 a
2985 705 3272 867 avancé
3329 705 3375 867 au
3478 705 3741 867 meſme
3787 705 4050 867 temps
4096 705 4142 867 le
4199 705 4359 867 bras
4428 705 4611 867 avec
4668 705 4954 867 l’eſpee

2827 835 2980 985 vers
3051 835 3098 985 le
3168 835 3298 985 bas
3368 835 3415 985 en
3509 835 3721 985 angle
3780 835 3980 985 aigu,
4039 835 4274 985 tirant
4321 835 4391 985 un
4486 835 4603 985 peu
4686 835 4697 985 à
4815 835 4968 985 main

2841 959 3126 1094 droite;
3257 959 3257 1094 &
3340 959 3756 1094 derechef,
3839 959 3875 1094 il
3935 959 3994 1094 l’a
4065 959 4458 1094 ramenée
4541 959 4993 1094 circulaire-

2849 1083 3025 1242 ment
3095 1083 3142 1242 en
3212 1083 3387 1242 haut
3446 1083 3493 1242 en
3575 1083 3797 1242 angle
3855 1083 4113 1242 obtus,
4160 1083 4429 1242 durant
4476 1083 4955 1242 l’eſlevation

2882 1201 2882 1368 &
2930 1201 3516 1368 l’avancement
3577 1201 3638 1368 du
3711 1201 3882 1368 pied
3955 1201 4309 1368 gauche;
4370 1201 4651 1368 lequel
4724 1201 4773 1368 en
4871 1201 4981 1368 ve-

2817 1334 2991 1490 nant
3060 1334 3072 1490 à
3130 1334 3420 1490 planter
3501 1334 3548 1490 en
3640 1334 3838 1490 terre
3907 1334 4012 1490 ſur
4070 1334 4116 1490 la
4209 1334 4836 1490 Circonference
4905 1334 4952 1490 au

2820 1455 3043 1618 point
3130 1455 3180 1618 C,
3229 1455 3279 1618 au
3378 1455 3639 1618 meſme
3689 1455 3974 1618 inſtant
4024 1455 4061 1618 il
4111 1455 4334 1618 porte
4384 1455 4483 1618 ſon
4570 1455 4781 1618 eſpee
4856 1455 4993 1618 dia-

2844 1591 3352 1732 goalement
3424 1591 3727 1732 deſſous
3763 1591 3799 1732 la
3884 1591 4270 1732 contraire
4343 1591 4391 1732 en
4476 1591 4694 1732 angle
4766 1591 4972 1732 aigu,

2820 1712 2868 1857 le
2939 1712 3154 1857 corps
3213 1712 3273 1857 un
3356 1712 3475 1857 peu
3570 1712 3963 1857 renverſé.
4082 1712 4261 1857 Voilà
4344 1712 4511 1857 tout
4595 1712 4654 1857 ce
4738 1712 4904 1857 qu’il
4964 1712 4964 1857 a

2824 1841 2948 1983 fait
2985 1841 3420 1983 juſqu’icy:
3482 1841 3519 1983 la
3581 1841 3767 1983 ſuite
3817 1841 3954 1983 ſera
4041 1841 4388 1983 declarée
4450 1841 4500 1983 en
4574 1841 4674 1983 ſon
4736 1841 4922 1983 lieu.

3228 2005 3886 2111 OATRIEME
4029 2005 4688 2111 OPERATION.

2859 2127 3148 2262 Alexandre
3200 2127 3355 2262 apres
3397 2127 3562 2262 s’eſtre
3614 2127 3811 2262 avancé
3863 2127 3987 2262 deux
4028 2127 4070 2262 ou
4121 2127 4235 2262 trois
4287 2127 4390 2262 pas,
4442 2127 4473 2262 en
4535 2127 4722 2262 venant
4825 2127 4970 2262 plan-

2942 2258 3011 2387 ter
3057 2258 3080 2387 le
3125 2258 3240 2387 pied
3298 2258 3493 2387 gauche
3550 2258 3733 2387 devant
3779 2258 3802 2387 le
3871 2258 4032 2387 Cercle
4124 2258 4158 2387 N.
4204 2258 4238 2387 4.
4284 2258 4468 2387 avance
4514 2258 4697 2387 l’eſpee
4743 2258 4777 2387 en
4835 2258 4973 2387 angle

2958 2379 3110 2512 aigu,
3154 2379 3382 2512 laquelle
3426 2379 3458 2512 il
3491 2379 3687 2512 ramene
3752 2379 3991 2512 derecbef
4035 2379 4068 2512 en
4133 2379 4263 2512 haut
4340 2379 4525 2512 durant
4590 2379 4622 2512 la
4699 2379 4971 2512 demarche

2959 2504 2996 2636 du
3046 2504 3159 2636 pied
3209 2504 3371 2636 droit,
3459 2504 3472 2636 &
3534 2504 3559 2636 la
3609 2504 3747 2636 porte
3797 2504 3797 2636 à
3847 2504 3960 2636 coſté
4022 2504 4047 2636 de
4097 2504 4135 2636 ſa
4172 2504 4297 2636 teſte
4347 2504 4385 2636 au
4447 2504 4598 2636 deſſus
4660 2504 4685 2636 de
4723 2504 4973 2636 l’eſpaule

2952 2623 3132 2769 droite,
3173 2623 3283 2769 avec
3333 2623 3363 2769 la
3413 2623 3574 2769 pointe
3624 2623 3835 2769 tournée
3875 2623 3915 2769 en
3965 2623 4246 2769 arriere.

3324 2780 3389 2909 Cy
3468 2780 3520 2909 en
3624 2780 3677 2909 ce
3794 2780 4029 2909 Cercle
4160 2780 4199 2909 N.
4264 2780 4303 2909 4.
4356 2780 4970 2909 preſuppoſant,

3288 2906 3419 3032 que
3527 2906 3527 3032 Z
3598 2906 4004 3032 ACHARIE
4063 2906 4123 3032 ſe
4182 2906 4314 3032 ſoit
4421 2906 4516 3032 mis
4600 2906 4647 3032 en
4731 2906 4779 3032 la
4850 2906 4981 3032 po-

3280 3031 3476 3151 ſture
3549 3031 3611 3151 de
3660 3031 3709 3151 la
3782 3031 4027 3151 droite
4076 3031 4309 3151 ligne.
4431 3031 4983 3151 ALEXANDRE

3285 3160 3487 3270 vient
3555 3160 3937 3270 derechef
3982 3160 4488 3270 alencontre,
4533 3160 4758 3270 ayant
4814 3160 4983 3270 pre-

2822 3277 3348 3395 allablement
3395 3277 3512 3395 fait
3582 3277 3804 3395 deux,
3863 3277 4085 3395 trois,
4143 3277 4202 3395 ou
4284 3277 4553 3395 quatre
4611 3277 4728 3395 pas
4810 3277 4857 3395 en
4915 3277 4962 3395 la

2861 3403 3113 3526 meſme
3173 3403 3365 3526 ſorte
3437 3403 3557 3526 que
3629 3403 3905 3526 deſſus.
3941 3403 3953 3526 à
4001 3403 4037 3526 la
4097 3403 4169 3526 fin
4253 3403 4601 3526 deſquels
4673 3403 4709 3526 en
4817 3403 4985 3526 met-

2824 3525 2979 3650 tant
3050 3525 3098 3650 le
3169 3525 3348 3650 pied
3420 3525 3717 3650 gauche
3801 3525 3848 3650 en
3932 3525 4134 3650 terre
4218 3525 4503 3650 devant
4539 3525 4813 3650 l’angle
4908 3525 4956 3650 du

2875 3651 3134 3755 Quarié
3209 3651 3694 3755 circonſcrit,
3737 3651 3770 3755 il
3813 3651 4104 3755 avance
4158 3651 4427 3755 l’eſpee
4492 3651 4653 3755 vers
4718 3651 4772 3755 le
4847 3651 4966 3755 bas

2835 3760 2882 3877 en
2964 3760 3175 3877 angle
3233 3760 3432 3877 aigu;
3491 3760 3655 3877 puis
3714 3760 3760 3877 en
3842 3760 4323 3877 continuant
4370 3760 4381 3877 à
4487 3760 4815 3877 marcher
4909 3760 4956 3877 du

2830 3883 3000 4000 pied
3073 3883 3256 4000 droit
3305 3883 3500 4000 pour
3561 3883 3817 4000 entrer
3878 3883 3927 4000 en
4024 3883 4341 4000 meſure,
4426 3883 4694 4000 durant
4755 3883 4987 4000 l’eſle-

2826 4010 3061 4129 vation
3191 4010 3203 4129 &
3250 4010 3838 4129 l’avancement
3909 4010 4262 4129 d’iceluy,
4309 4010 4344 4129 il
4403 4010 4438 4129 la
4509 4010 4815 4129 raporte
4897 4010 4944 4129 en

2818 4130 3008 4252 haut
3071 4130 3084 4252 à
3172 4130 3362 4252 coſté
3463 4130 3514 4252 de
3590 4130 3628 4252 ſa
3704 4130 3893 4252 teſte
3982 4130 4033 4252 au
4147 4130 4387 4252 deſſus
4488 4130 4539 4252 de
4615 4130 4969 4252 l’eſpaule

2830 4253 3106 4380 droite,
3157 4253 3194 4380 la
3257 4253 3521 4380 pointe
3584 4253 3885 4380 hauſſée
3961 4253 3999 4380 en
4112 4253 4476 4380 derriere,
4577 4253 4589 4380 &
4639 4253 4677 4380 la
4753 4253 4966 4380 garde

2830 4378 3128 4499 environ
3199 4378 3235 4499 la
3295 4378 3640 4499 hauteur
3712 4378 3771 4499 de
3819 4378 4212 4499 l’eſpaule,
4248 4378 4319 4499 un
4391 4378 4510 4499 peu
4593 4378 4641 4499 en
4713 4378 4975 4499 avant;

2830 4502 3131 4624 comme
3179 4502 3215 4624 il
3275 4502 3359 4624 eſt
3420 4502 3877 4624 repreſenté
3937 4502 3985 4624 en
4058 4502 4094 4624 la
4154 4502 4443 4624 figure.

2977 4629 3204 4749 Telles
3255 4629 3419 4749 ſont
3457 4629 3558 4749 les
3609 4629 3912 4749 aions
3988 4629 4140 4749 qu’il
4203 4629 4216 4749 a
4292 4629 4519 4749 faites
4583 4629 4620 4749 en
4722 4629 4785 4749 ce
4873 4629 4975 4749 Ta-

2815 4752 3030 4870 bleau
3102 4752 3437 4870 preſent;
3484 4752 3520 4870 la
3580 4752 3771 4870 ſuite
3843 4752 4356 4870 contiendra,
4416 4752 4727 4870 cõment
4810 4752 4966 4870 c’eſt

2832 4878 3000 5002 qu’il
3048 4878 3263 5002 entre
3323 4878 3371 5002 en
3479 4878 3778 5002 meſure,
3862 4878 3898 5002 en
3982 4878 4365 5002 avançant
4412 4878 4472 5002 le
4532 4878 4700 5002 pied
4784 4878 4975 5002 droit

2820 5001 3105 5120 juſqu’à
3154 5001 3192 5120 la
3291 5001 3898 5120 Circonference
3972 5001 4022 5120 du
4133 5001 4418 5120 Cercle,
4518 5001 4530 5120 &
4580 5001 4964 5120 tournant

2828 5127 2887 5246 ce
2946 5127 3196 5246 temps
3255 5127 3599 5246 pendant
3647 5127 3694 5246 la
3754 5127 4027 5246 pointe
4110 5127 4181 5246 de
4240 5127 4288 5246 ſa
4359 5127 4549 5246 lame
4620 5127 4976 5246 circulai-

2813 5253 3128 5371 rement
3175 5253 3186 5371 à
3233 5253 3572 5371 l’envers
3630 5253 3700 5371 de
3758 5253 3934 5371 haut
4004 5253 4050 5371 en
4120 5253 4249 5371 bas
4296 5253 4307 5371 à
4366 5253 4459 5371 ſon
4564 5253 4809 5371 coſté;
4903 5253 4961 5371 ce

2829 5378 2994 5508 qu’il
3032 5378 3158 5508 fait
3222 5378 3272 5508 du
3348 5378 3677 5508 poignet
3753 5378 3816 5508 de
3867 5378 3905 5508 la
3993 5378 4132 5508 main
4208 5378 4385 5508 avec
4461 5378 4803 5508 quelque
4853 5378 4980 5508 pe-

2821 5501 2943 5608 tite
2999 5501 3709 5608 accommodation
3809 5501 3865 5608 du
3954 5501 4153 5608 bras,
4209 5501 4264 5608 en
4364 5501 4842 5608 continuant
4908 5501 4964 5608 le

2848 5624 3106 5747 meſme
3155 5624 3328 5747 tour
3365 5624 3648 5747 juſqu’à
3709 5624 3857 5747 tant
3930 5624 4090 5747 qu’il
4140 5624 4213 5747 ait
4299 5624 4410 5747 mis
4459 5624 4496 5747 ſa
4558 5624 4742 5747 lame
4828 5624 4964 5747 deſ-

2815 5751 2984 5878 ſous
3032 5751 3298 5878 l’eſpee
3371 5751 3745 5878 contraire
3818 5751 3866 5878 en
3926 5751 4132 5878 ligne
4204 5751 4446 5878 droite
4579 5751 4579 5878 &
4651 5751 4978 5878 paralle-

2815 5874 2898 5999 le.
3004 5874 3134 5999 Mais
3193 5874 3347 5999 puis
3418 5874 3549 5999 que
3608 5874 3714 5999 ces
3773 5874 4034 5999 choſes
4093 5874 4342 5999 ſeront
4401 5874 4969 5999 repreſentées

2827 5999 2878 6120 au
2980 5999 3285 6120 Tableau
3361 5999 3692 6120 ſuivant,
3755 5999 4035 6120 faiſons
4086 5999 4200 6120 icy
4238 5999 4276 6120 la
4340 5999 4403 6120 fin
4492 5999 4543 6120 du
4658 5999 4976 6120 Troiſie-

2861 6110 2969 6240 me,
3078 6110 3090 6240 &
3138 6110 3440 6240 paſſons
3500 6110 3753 6240 outre.

537 382 875 518 l’adreſſe
937 382 1012 518 de
1075 382 1338 518 toutes
1388 382 1488 518 ſes
1538 382 1876 518 aions,
1977 382 1989 518 &
2077 382 2139 518 de
2202 382 2302 518 ſon
2390 382 2665 518 appro-

553 509 707 648 che,
767 509 826 648 au
921 509 1584 648 comportement
1703 509 1703 648 &
1774 509 1786 648 à
1857 509 1904 648 la
1999 509 2319 648 diſtance
2402 509 2473 648 de
2532 509 2639 648 ſon

575 633 973 773 Contraire
1037 633 1153 773 qui
1191 633 1538 773 l’attend,
1653 633 1653 773 &
1705 633 1756 773 la
1820 633 1962 773 dite
2026 633 2360 773 diſtance
2411 633 2424 773 à
2475 633 2668 773 l’aul-

533 756 614 881 ne
707 756 764 881 de
834 756 880 881 la
972 756 1226 881 veuë,
1307 756 1457 881 ſans
1527 756 1792 881 jamais
1873 756 1920 881 en
2035 756 2486 881 deſtourner
2555 756 2659 881 ſes

555 880 794 1016 yeux;
874 880 965 1016 car
1033 880 1488 1016 autrement
1556 880 1591 1016 il
1647 880 1727 1016 ne
1795 880 2159 1016 pourroit
2228 880 2489 1016 porter
2546 880 2660 1016 l’e-

537 1006 700 1141 ſpee
770 1006 829 1141 au
910 1006 1213 1141 ſuivant
1306 1006 1807 1141 mouvement
1888 1006 1935 1141 en
2016 1006 2214 1141 ligne
2296 1006 2529 1141 droite
2645 1006 2645 1141 &

544 1127 899 1259 parallele
970 1127 1265 1259 deſſous
1312 1127 1608 1259 l’autre,
1679 1127 1974 1259 comme
2033 1127 2069 1259 il
2128 1127 2187 1259 ſe
2270 1127 2411 1259 voit
2470 1127 2518 1259 en
2600 1127 2648 1259 la

577 1248 776 1387 Table
850 1248 1235 1387 ſuivante.
1335 1248 1496 1387 C’eſt
1558 1248 1596 1387 la
1683 1248 1919 1387 cauſe,
1993 1248 2416 1387 pourquoy
2515 1248 2664 1387 Ale-

560 1379 827 1514 xandre
888 1379 1070 1514 tient
1131 1379 1240 1514 icy
1288 1379 1386 1514 les
1459 1379 1641 1514 yeux
1701 1379 1944 1514 fichez
1993 1379 2102 1514 ſur
2139 1379 2588 1514 l’Ennemy.

958 1530 1519 1645 DEVXIEME
1663 1530 2310 1645 OPERATION.

564 1646 864 1779 Alexandre
907 1646 1111 1779 s’eſtant
1154 1646 1605 1779 preallablement
1658 1646 1851 1779 avancé
1916 1646 2034 1779 deux
2077 1646 2119 1779 ou
2173 1646 2291 1779 trois
2334 1646 2431 1779 pas,
2495 1646 2656 1779 devers

648 1772 683 1903 le
742 1772 895 1903 Cercle
1001 1772 1024 1903 N.
1083 1772 1118 1903 2.
1165 1772 1200 1903 en
1247 1772 1506 1903 plantant
1541 1772 1577 1903 le
1612 1772 1729 1903 pied
1776 1772 1988 1903 gauche,
2035 1772 2070 1903 il
2117 1772 2129 1903 a
2188 1772 2317 1903 jetté
2364 1772 2540 1903 l’eſpee
2599 1772 2670 1903 de-

647 1898 932 2026 ſcendante
976 1898 1009 2026 en
1064 1898 1206 2026 angle
1250 1898 1393 2026 aigu,
1436 1898 1546 2026 puis
1590 1898 1623 2026 en
1678 1898 1908 2026 eſlevant
1952 1898 1984 2026 le
2039 1898 2149 2026 pied
2226 1898 2335 2026 droit
2379 1898 2412 2026 en
2467 1898 2653 2026 avant,

647 2017 682 2151 il
728 2017 867 2151 porte
925 2017 960 2151 le
1018 2017 1122 2151 bras
1180 2017 1296 2151 avec
1353 2017 1539 2151 l’eſpee
1596 2017 1631 2151 en
1701 2017 1851 2151 haut,
1909 2017 1944 2151 la
2025 2017 2233 2151 mettant
2279 2017 2360 2151 par
2418 2017 2557 2151 deſſus
2603 2017 2661 2151 ſon

646 2144 859 2273 eſpaule
916 2144 1062 2273 droite
1107 2144 1107 2273 à
1152 2144 1276 2273 coſté
1332 2144 1354 2273 de
1399 2144 1433 2273 la
1489 2144 1602 2273 teſte
1647 2144 1759 2273 avec
1804 2144 1838 2273 la
1883 2144 2052 2273 pointe
2086 2144 2119 2273 en
2176 2144 2457 2273 arriere.

1041 2289 1054 2419 N
1116 2289 1178 2419 ce
1265 2289 1514 2419 Cercle
1614 2289 1651 2419 N.
1701 2289 1739 2419 2.
1801 2289 1988 2419 nous
2037 2289 2660 2419 preſuppoſons,

999 2416 1138 2547 que
1226 2416 1806 2547 ZAcHARIEluy
1856 2416 2221 2547 preſente
2272 2416 2536 2547 l’eſpee
2599 2416 2650 2547 en

990 2537 1205 2667 angle
1265 2537 1527 2667 obtus,
1587 2537 1885 2667 comme
1933 2537 1969 2667 il
2017 2537 2148 2667 ſera
2208 2537 2661 2667 repreſenté

990 2662 1037 2765 au
1156 2662 1464 2765 Tableau
1547 2662 1903 2765 ſuivant.
2033 2662 2211 2765 Pour
2270 2662 2662 2765 travailler

532 2775 1061 2901 alencontre,
1153 2775 1740 2901 ALEXANDRE
1809 2775 1958 2901 s’eſt
2062 2775 2166 2901 mis
2235 2775 2396 2901 tout
2476 2775 2660 2901 droit

544 2909 854 3031 devant;
899 2909 1060 3031 puis
1117 2909 1117 3031 a
1209 2909 1485 3031 marché
1553 2909 1771 3031 deux,
1829 2909 2035 3031 trois,
2093 2909 2150 3031 ou
2230 2909 2494 3031 quatre
2540 2909 2666 3031 pas

545 3036 591 3150 en
673 3036 928 3150 avant,
975 3036 1172 3150 plus,
1230 3036 1288 3150 ou
1404 3036 1660 3150 moins,
1706 3036 1892 3150 ſelon
1962 3036 2009 3150 la
2078 3036 2450 3150 diſtance,
2543 3036 2671 3150 me-

536 3158 710 3280 nant
759 3158 1194 3280 librement
1231 3158 1504 3280 l’eſpee
1554 3158 1740 3280 ſelon
1827 3158 1988 3280 qu’il
2038 3158 2162 3280 luy
2237 3158 2311 3280 eſt
2398 3158 2560 3280 venu
2646 3158 2659 3280 à

547 3280 681 3401 gré.
827 3280 962 3401 Mais
1035 3280 1084 3401 en
1181 3280 1462 3401 venant
1523 3280 1547 3401 ſi
1620 3280 1791 3401 pres
1864 3280 1913 3401 du
2047 3280 2291 3401 Cercle
2364 3280 2535 3401 avec
2596 3280 2657 3401 le

529 3403 704 3529 pied
780 3403 1093 3529 gauche,
1168 3403 1319 3529 qu’il
1369 3403 1444 3529 ne
1519 3403 1708 3529 reſte
1770 3403 1933 3529 plus
1996 3403 2197 3529 qu’un
2259 3403 2422 3529 pas,
2473 3403 2661 3529 pour

535 3531 728 3629 venir
814 3531 857 3629 en
975 3531 1275 3629 meſure;
1328 3531 1382 3629 au
1489 3531 1746 3629 meſme
1800 3531 2057 3629 temps
2121 3531 2153 3629 il
2207 3531 2496 3629 avance
2550 3531 2657 3629 l’e-

519 3632 689 3762 ſpee
746 3632 803 3762 un
882 3632 996 3762 peu
1064 3632 1076 3762 à
1167 3632 1303 3762 main
1405 3632 1667 3762 droite,
1735 3632 1769 3762 la
1837 3632 2156 3762 portant
2224 3632 2292 3762 de
2349 3632 2531 3762 haut
2588 3632 2633 3762 en

522 3755 642 3886 bas
702 3755 750 3886 en
822 3755 1038 3886 angle
1086 3755 1290 3886 aigu;
1326 3755 1482 3886 puis
1554 3755 1602 3886 en
1686 3755 2010 3886 eſlevant
2058 3755 2226 3886 tout
2274 3755 2286 3886 à
2334 3755 2658 3886 l’inſtant

513 3878 574 4008 le
623 3878 793 4008 pied
853 3878 1072 4008 droit,
1181 3878 1193 4008 &
1266 3878 1837 4008 commençant
1910 3878 1910 4008 à
2007 3878 2456 4008 cheminer,
2517 3878 2554 4008 il
2614 3878 2651 4008 la

525 4002 840 4112 ramene
922 4002 969 4112 en
1062 4002 1237 4112 haut
1307 4002 1307 4112 à
1400 4002 1587 4112 coſté
1657 4002 1727 4112 de
1797 4002 1832 4112 ſa
1914 4002 2100 4112 teſte
2159 4002 2170 4112 à
2217 4002 2264 4112 la
2322 4002 2660 4112 hauteur

543 4126 602 4257 de
650 4126 1051 4257 l’eſpaule,
1098 4126 1146 4257 la
1193 4126 1465 4257 pointe
1536 4126 1807 4257 d’icelle
1890 4126 1949 4257 un
2032 4126 2150 4257 peu
2268 4126 2658 4257 montante

549 4248 585 4377 en
668 4248 966 4377 arriere.
1061 4248 1491 4377 Leſquelles
1562 4248 1860 4377 aions
1908 4248 1932 4377 il
2003 4248 2015 4377 a
2087 4248 2361 4377 faites,
2432 4248 2480 4377 en
2563 4248 2671 4377 in-

538 4369 827 4506 tention
908 4369 1301 4506 d’avancer
1348 4369 1625 4506 l’eſpee
1683 4369 1857 4506 avec
1926 4369 1972 4506 le
2030 4369 2146 4506 pas
2215 4369 2666 4506 enſuivant,

589 4495 601 4630 &
648 4495 683 4630 la
777 4495 1036 4630 mettre
1107 4495 1166 4630 au
1283 4495 1530 4630 meſme
1601 4495 1883 4630 inſtant
1966 4495 2130 4630 qu’il
2201 4495 2507 4630 viendra
2601 4495 2648 4630 en

566 4621 896 4757 meſure,
976 4621 1237 4757 contre
1305 4621 1339 4757 la
1430 4621 1623 4757 lame
1714 4621 2101 4757 contraire
2180 4621 2226 4757 en
2328 4621 2658 4757 dedans;

554 4750 850 4874 comme
898 4750 933 4874 il
980 4750 1111 4874 ſera
1182 4750 1265 4874 dit
1312 4750 1478 4874 plus
1525 4750 2022 4874 amplement
2105 4750 2152 4874 en
2212 4750 2259 4874 la
2342 4750 2673 4874 declara-

551 4872 680 4971 tion
770 4872 822 4971 du
925 4872 1222 4971 Tableau
1313 4872 1442 4971 IV.

922 5033 1526 5156 TROISIEME
1688 5033 2322 5156 OPERATION.

581 5170 875 5312 Alexandre
920 5170 1124 5312 s’eſtant
1169 5170 1361 5312 avancé
1418 5170 1565 5312 deux,
1599 5170 1633 5312 ou
1689 5170 1814 5312 trois
1847 5170 1938 5312 pas
1994 5170 2175 5312 devant
2221 5170 2243 5312 le
2311 5170 2469 5312 Cercle
2560 5170 2594 5312 N.
2639 5170 2661 5312 3.

660 5297 706 5430 au
776 5297 938 5430 meſme
973 5297 1170 5430 inſtant
1217 5297 1333 5430 qu’il
1368 5297 1542 5430 plante
1589 5297 1612 5430 le
1658 5297 1774 5430 pied
1832 5297 1948 5430 droit
1995 5297 2007 5430 ſi
2065 5297 2204 5430 pres,
2262 5297 2378 5430 qu’il
2436 5297 2552 5430 peut
2599 5297 2668 5430 at-

662 5420 865 5554 teindre
910 5420 943 5554 la
1011 5420 1394 5554 Circonference
1439 5420 1552 5554 avec
1597 5420 1811 5554 l’autre,
1833 5420 1867 5554 il
1901 5420 2092 5554 avance
2149 5420 2340 5554 l’eſpee
2385 5420 2565 5554 devers
2599 5420 2667 5554 ſon

665 5542 782 5679 coſté
841 5542 958 5679 droit
1005 5542 1040 5679 en
1087 5542 1239 5679 augle
1310 5542 1474 5679 aigu;
1532 5542 1767 5679 laquelle
1814 5542 1849 5679 il
1896 5542 2036 5679 porte
2095 5542 2400 5679 derechefen
2458 5542 2576 5679 haut
2623 5542 2658 5679 en

675 5667 816 5798 angle
860 5667 1001 5798 obtus
1034 5667 1078 5798 en
1132 5667 1393 5798 avançant
1437 5667 1470 5798 le
1513 5667 1622 5798 pied
1666 5667 1894 5798 gauche;
1992 5667 1992 5798 &
2036 5667 2079 5798 en
2123 5667 2155 5798 le
2210 5667 2428 5798 mettant
2471 5667 2482 5798 à
2526 5667 2667 5798 terre

675 5794 675 5928 à
730 5794 763 5928 la
829 5794 1247 5928 Circonference,
1291 5794 1588 5928 derechefil
1621 5794 1654 5928 la
1698 5794 1907 5928 ramene
1962 5794 1995 5928 de
2050 5794 2171 5928 haut
2226 5794 2259 5928 en
2325 5794 2391 5928 bas
2435 5794 2468 5928 en
2523 5794 2666 5928 angle

708 5916 792 6052 igu
852 5916 1033 6052 deſſous
1069 5916 1262 6052 l’eſpee
1298 5916 1563 6052 contraire
1660 5916 1660 6052 &
1720 5916 1756 6052 au
1816 5916 1961 6052 deſus
2021 5916 2057 6052 du
2141 5916 2430 6052 Diametre,
2491 5916 2599 6052 avec
2647 5916 2671 6052 le

674 6054 816 6171 corps
860 6054 1046 6171 panché
1089 6054 1100 6171 à
1144 6054 1395 6171 l’envers.

1064 6190 1395 6322 Ouchant
1448 6190 1501 6322 le
1594 6190 1832 6322 Cercle
1938 6190 2057 6322 N.3.
2097 6190 2137 6322 il
2177 6190 2322 6322 faut
2375 6190 2693 6322 preſup-

1022 6316 1285 6446 poſer,
1368 6316 1499 6446 que
1595 6316 2036 6446 ZACHARIE
2095 6316 2417 6446 l’attend
2489 6316 2692 6446 dere-

1042 6437 1204 6567 chef
1254 6437 1304 6567 en
1366 6437 1416 6567 la
1503 6437 1752 6567 meſme
1814 6437 2175 6567 poſture,
2213 6437 2337 6567 luy
2387 6437 2699 6567 preſen-

1022 6561 1175 6693 tant
1223 6561 1495 6693 l’eſpee
1554 6561 1601 6693 en
1684 6561 1897 6693 angle
1956 6561 2204 6693 obtus,
2252 6561 2547 6693 comme
2618 6561 2666 6693 on

568 6683 616 6804 le
688 6683 820 6804 voit
892 6683 1205 6804 depeint
1265 6683 1313 6804 au
1421 6683 1721 6804 Tableau
1794 6683 2118 6804 ſuivant.
2214 6683 2382 6804 Pour
2430 6683 2695 6804 l’abor-

591 6806 742 6909 der,
881 6806 1459 6909 ALEXANDRE
1528 6806 1540 6909 a
1632 6806 1910 6909 marché
1991 6806 2315 6909 encores
2384 6806 2546 6909 tout
2639 6806 2697 6909 de
