5442 7366
1514 1724 1532 1934 E
1642 1724 1915 1934 croy,
2024 1724 2243 1934 qu’il
2334 1724 2352 1934 y
2480 1724 2553 1934 en
2662 1724 2881 1934 aura
2990 1724 3537 1934 plulieurs,
3628 1724 3774 1934 qui
3865 1724 4357 1934 n’auront
4448 1724 4612 1934 pas
4666 1724 4721 1934 li
4794 1724 4976 1934 toſt

1441 1906 1615 2077 jetté
1673 1906 1760 2077 les
1818 1906 2007 2077 yeux
2079 1906 2181 2077 ſur
2253 1906 2297 2077 ce
2398 1906 2717 2077 Tableau
2804 1906 2949 2077 IV.
3051 1906 3065 2077 &
3109 1906 3210 2077 ſur
3268 1906 3370 2077 ſes
3428 1906 3703 2077 eſcrits,
3776 1906 3964 2077 qu’ils
4022 1906 4095 2077 ne
4153 1906 4443 2077 jugent
4501 1906 4675 2077 tout
4747 1906 4747 2077 à
4820 1906 4979 2077 l’in-

1437 2069 1672 2221 ſtant,
1741 2069 1865 2221 que
1920 2069 1975 2221 le
2044 2069 2237 2221 ſujet
2306 2069 2361 2221 en
2444 2069 2609 2221 euſt
2664 2069 2802 2221 eſté
2857 2069 3022 2221 trop
3119 2069 3381 2221 maigre
3436 2069 3629 2221 pour
3712 2069 3781 2221 un
3863 2069 3905 2221 ſi
3960 2069 4153 2221 long
4235 2069 4621 2221 diſcours,
4676 2069 4718 2221 ſi
4773 2069 4980 2221 nous

1432 2209 1862 2363 n’euſſions
1904 2209 2167 2363 taſché
2223 2209 2389 2363 plus
2445 2209 2597 2363 toſt
2653 2209 3111 2363 d’amplifier
3166 2209 3208 2363 la
3305 2209 3624 2363 matiere,
3693 2209 3818 2363 que
3887 2209 3943 2363 de
3998 2209 4040 2363 la
4096 2209 4387 2363 rendre
4429 2209 4970 2363 ſimplement

1417 2348 1950 2502 intelligible.
2091 2348 2217 2502 Mais
2259 2348 2315 2502 je
2357 2348 2456 2502 les
2512 2348 2652 2502 prie
2722 2348 2793 2502 de
2863 2348 3354 2502 conſiderer,
3424 2348 3551 2502 que
3607 2348 3663 2502 ce
3719 2348 3888 2502 ſont
3944 2348 4056 2502 icy
4098 2348 4197 2502 les
4253 2348 4632 2502 premiers
4688 2348 4969 2502 fonde-

1465 2487 1687 2643 ments
1765 2487 1817 2643 de
1869 2487 1909 2643 la
1987 2487 2339 2643 ſcience,
2431 2487 2548 2643 qui
2600 2487 3057 2643 tireroyent
3122 2487 3344 2643 apres
3409 2487 3540 2643 eux
3592 2487 3735 2643 une
3788 2487 4088 2643 trainee
4179 2487 4231 2643 de
4323 2487 4766 2643 difficultez
4806 2487 4975 2643 infi-

539 2627 726 2780 nies,
832 2627 832 2780 &
886 2627 1419 2780 impoſsibles
1459 2627 1472 2780 à
1539 2627 1952 2780 reſoudre,
2005 2627 2058 2780 en
2152 2627 2245 2780 cas
2312 2627 2525 2780 qu’ils
2578 2627 2658 2780 ne
2711 2627 3005 2780 fuſſent
3058 2627 3484 2780 examinez
3551 2627 4151 2780 curieuſement
4204 2627 4204 2780 à
4271 2627 4591 2780 l’entree
4657 2627 4724 2780 de
4777 2627 4817 2780 la
4897 2627 4977 2780 di-

534 2762 885 2911 ſcipline.
1028 2762 1132 2911 Car
1210 2762 1535 2911 comme
1574 2762 1677 2911 les
1729 2762 2002 2911 effes
2041 2762 2093 2911 ſe
2171 2762 2704 2911 conforment
2768 2762 3171 2911 touſiours
3223 2762 3223 2911 à
3275 2762 3483 2911 leurs
3548 2762 3834 2911 cauſes,
3898 2762 4093 2911 auſsi
4145 2762 4184 2911 il
4223 2762 4301 2911 ne
4366 2762 4535 2911 faut
4587 2762 4704 2911 pas
4795 2762 4977 2911 dou-

533 2907 674 3060 ter,
739 2907 996 3060 erreur
1073 2907 1317 3060 eſtant
1381 2907 1433 3060 le
1484 2907 1831 3060 premier
1921 2907 2230 3060 maiſtre,
2294 2907 2423 3060 que
2500 2907 2719 3060 toute
2783 2907 2834 3060 la
2937 2907 3284 3060 dorine
3361 2907 3824 3060 enſuivante
3901 2907 3979 3060 ne
4043 2907 4197 3060 fuſt
4249 2907 4506 3060 pleine
4596 2907 4840 3060 d’abus
4956 2907 4969 3060 &

555 3040 606 3190 de
671 3040 1158 3190 tromperie.
1299 3040 1465 3190 C’eſt
1529 3040 1978 3190 pourquoy
2029 3040 2439 3190 j’entends
2516 3040 2734 3190 d’uſer
2824 3040 3029 3190 d’une
3093 3040 3349 3190 exae
3426 3040 3900 3190 declaration
4003 3040 4054 3190 de
4118 3040 4221 3190 ces
4285 3040 4682 3190 premiers
4759 3040 4964 3190 com-

572 3187 1153 3328 mencements,
1221 3187 1396 3328 puis
1464 3187 1613 3328 qu’il
1680 3187 1734 3328 en
1843 3187 2154 3328 depend
2235 3187 2289 3328 de
2356 3187 2383 3328 ſi
2465 3187 2803 3328 grandes
2884 3187 3533 3328 conſequences.
3654 3187 3911 3328 Ayant
3992 3187 4195 3328 donc
4263 3187 4628 3328 enſeigné
4709 3187 4817 3328 par
4885 3187 4979 3328 les

548 3322 808 3468 quatre
866 3322 1169 3468 figures
1241 3322 1299 3468 de
1400 3322 1747 3468 Zacharie
1805 3322 1862 3468 au
1978 3322 2180 3468 Tabl.
2238 3322 2397 3468 III.
2455 3322 2498 3468 la
2585 3322 2917 3468 maniere
2989 3322 3047 3468 de
3119 3322 3422 3468 donner
3466 3322 3509 3468 la
3595 3322 3827 3468 droite
3884 3322 4130 3468 ligne,
4188 3322 4289 3468 ſur
4346 3322 4404 3468 le
4520 3322 4809 3468 Cercle,
4895 3322 4953 3468 ou

525 3458 630 3613 ſur
721 3458 1062 3613 quelque
1140 3458 1350 3613 autre
1429 3458 1625 3613 plan,
1703 3458 1821 3613 que
1887 3458 1939 3613 ce
2005 3458 2175 3613 ſoit;
2227 3458 2424 3613 nous
2489 3458 3209 3613 commencerons
3262 3458 3275 3613 à
3380 3458 3694 3613 deſcrire
3746 3458 4375 3613 preſentement
4440 3458 4480 3613 la
4545 3458 4964 3613 pourſuite

557 3598 650 3746 des
717 3598 1183 3746 operations
1263 3598 1836 3746 d’Alexandre,
1889 3598 1889 3746 à
1969 3598 2169 3746 demi
2235 3598 2781 3746 parachevées
2835 3598 3048 3746 audit
3141 3598 3341 3746 Tabl.
3408 3598 3567 3746 II.
3634 3598 3834 3746 pour
3887 3598 4074 3746 faire
4127 3598 4220 3746 ſes
4273 3598 4740 3746 approches
4806 3598 4980 3746 con-

531 3734 633 3877 tre
671 3734 722 3877 la
798 3734 1041 3877 droite
1092 3734 1346 3877 ligne,
1448 3734 1448 3877 &
1512 3734 1780 3877 contre
1830 3734 2111 3877 l’angle
2174 3734 2467 3877 obtus;
2531 3734 2697 3877 puis
2773 3734 3194 3877 entrerons
3270 3734 3321 3877 en
3436 3734 3767 3877 diſcours
3843 3734 4251 3877 touchant
4302 3734 4812 3877 l’excellence
4901 3734 4965 3877 de

545 3870 729 4019 ceſte
795 3870 1111 4019 poſture
1190 3870 1243 4019 de
1296 3870 1335 4019 la
1415 3870 1652 4019 droite
1704 3870 1942 4019 ligne,
2034 3870 2034 4019 &
2113 3870 2166 4019 de
2219 3870 2258 4019 la
2350 3870 2627 4019 meſure
2706 3870 2759 4019 de
2812 3870 2851 4019 la
2917 3870 3313 4019 premiere
3365 3870 3774 4019 Inſtance;
3800 3870 3813 4019 à
3892 3870 4090 4019 quoy
4143 3870 4341 4019 nous
4393 3870 4973 4019 adjouſterons

540 4005 1013 4160 finalement
1067 4005 1108 4160 la
1202 4005 1527 4160 maniere
1608 4005 1662 4160 de
1716 4005 1757 4160 la
1825 4005 2163 4160 changer
2271 4005 2285 4160 &
2325 4005 2947 4160 accommoder
2988 4005 3177 4160 ſelon
3245 4005 3353 4160 les
3421 4005 3745 4160 diverſes
3827 4005 4138 4160 meſures
4219 4005 4327 4160 des
4408 4005 4719 4160 Eſpees.

1093 1348 2491 1476 DECLARATION
2747 1348 3023 1476 DES
3279 1348 4519 1476 OPERATIONS

1785 1525 1906 1635 DV
2087 1525 2722 1635 TABLEAV
2933 1525 3779 1635 QVATRIEME.

1291 4272 1616 4432 Cercle
1812 4272 2028 4432 N.1.

563 4489 853 4607 Alexandre
906 4489 1057 4607 ayant
1100 4489 1389 4607 commencé
1432 4489 1443 4607 à
1486 4489 1625 4607 faire
1658 4489 1733 4607 ſes
1776 4489 2065 4607 approches
2119 4489 2291 4607 contre
2334 4489 2366 4607 la
2430 4489 2581 4607 droite
2624 4489 2677 4607 li-

654 4611 765 4734 gne,
814 4611 851 4734 en
900 4611 937 4734 la
974 4611 1133 4734 forme
1182 4611 1305 4734 qu’il
1342 4611 1391 4734 eſt
1440 4611 1735 4734 repreſenté
1784 4611 1833 4734 au
1907 4611 2055 4734 Tabl.
2091 4611 2214 4734 III.
2288 4611 2448 4734 Cercle
2546 4611 2570 4734 N.
2632 4611 2669 4734 1:

644 4735 667 4856 il
700 4735 734 4856 en
790 4735 1027 4856 pourſuit
1060 4735 1128 4856 iy
1173 4735 1196 4856 le
1241 4735 1387 4856 reſte,
1421 4735 1454 4856 en
1522 4735 1713 4856 venant
1758 4735 1826 4856 ſur
1871 4735 1905 4856 la
1972 4735 2220 4856 Premiere
2265 4735 2524 4856 Inſtance,
2557 4735 2670 4856 avec

646 4861 824 4980 l’eſpee
872 4861 1110 4980 eſtendue
1158 4861 1181 4980 en
1253 4861 1407 4980 droite
1443 4861 1574 4980 ligne
1622 4861 1669 4980 au
1729 4861 1907 4980 deſſous
1967 4861 1990 4980 de
2038 4861 2228 4980 l’eſpee
2264 4861 2609 4980 contraire.

1048 5014 1378 5108 Ouchant
1429 5014 1479 5108 le
1568 5014 1822 5108 Cercle
1923 5014 1961 5108 N.
2012 5014 2050 5108 1.
2101 5014 2126 5108 il
2177 5014 2177 5108 a
2253 5014 2393 5108 eſté
2469 5014 2545 5108 dit
2596 5014 2646 5108 au

1005 5143 1443 5262 precedent
1565 5143 1954 5262 Tableau,
2063 5143 2185 5262 que
2318 5143 2671 5262 ZAcharie

1002 5272 1154 5391 s’eſt
1235 5272 1340 5391 mis
1387 5272 1434 5391 le
1492 5272 1830 5391 premier
1900 5272 1947 5391 en
2052 5272 2530 5391 campagne,
2612 5272 2659 5391 en

992 5395 1042 5515 la
1092 5395 1406 5515 poſture
1507 5395 1557 5515 de
1632 5395 1670 5515 la
1758 5395 1996 5515 droite
2059 5395 2323 5515 ligne,
2386 5395 2436 5515 le
2511 5395 2674 5515 pied

558 5518 732 5640 droit
782 5518 894 5640 ſur
932 5518 982 5640 la
1032 5518 1231 5640 ligne
1343 5518 1356 5640 X
1443 5518 1493 5640 Y,
1568 5518 1618 5640 en
1705 5518 2091 5640 touchant
2166 5518 2216 5640 du
2303 5518 2490 5640 bout
2578 5518 2677 5640 d’i-

548 5644 766 5769 celuy
818 5644 856 5769 la
946 5644 1599 5769 Circonference;
1702 5644 1715 5769 &
1766 5644 1817 5769 le
1869 5644 2035 5769 pied
2112 5644 2407 5769 gauche
2471 5644 2573 5769 ſur
2625 5644 2676 5769 la

532 5770 732 5892 ligne
808 5770 1070 5892 Pedale
1158 5770 1208 5892 Z,
1258 5770 1521 5892 tenant
1571 5770 1621 5892 le
1684 5770 1909 5892 corps
1972 5770 2272 5892 eſtendu
2360 5770 2410 5892 en
2473 5770 2673 5892 ligne

534 5895 1286 6020 perpendiculaire,
1386 5895 1399 6020 &
1462 5895 1787 6020 flanqué
1863 5895 1913 6020 en
2000 5895 2289 6020 pourfil
2326 5895 2427 6020 ſur
2489 5895 2690 6020 l’En-

538 6023 775 6144 nemi;
834 6023 881 6144 en
952 6023 1130 6144 telle
1178 6023 1367 6144 ſorte
1438 6023 1569 6144 que
1616 6023 1664 6144 la
1735 6023 1924 6144 teſte
2055 6023 2067 6144 &
2126 6023 2185 6144 le
2268 6023 2517 6144 centre
2600 6023 2659 6144 du

546 6147 767 6264 corps
817 6147 1308 6264 reſpondent
1369 6147 1812 6264 juſtement
1886 6147 2119 6264 deſſus
2168 6147 2217 6264 le
2316 6147 2524 6264 milieu
2610 6147 2660 6264 du

601 6271 1128 6395 Quadrangle,
1183 6271 1238 6395 où
1308 6271 1335 6395 il
1391 6271 1488 6395 eſt
1529 6271 1779 6395 placé.

680 6400 860 6503 Pour
908 6400 1328 6503 l’aborder,
1388 6400 1868 6503 ALExandre
1916 6400 2036 6503 fait
2108 6400 2312 6503 deux,
2348 6400 2552 6503 trois,
2600 6400 2660 6503 ou

556 6528 810 6646 quatre
867 6528 983 6646 pas
1052 6528 1098 6646 en
1167 6528 1432 6646 avant,
1501 6528 1663 6646 plus
1744 6528 1790 6646 ou
1905 6528 2159 6646 moins,
2205 6528 2389 6646 ſelon
2470 6528 2504 6646 la
2597 6528 2677 6646 di-

535 6645 830 6777 ſtance,
953 6645 966 6777 &
1040 6645 1040 6777 a
1113 6645 1335 6777 porté
1421 6645 1483 6777 ce
1556 6645 1815 6777 temps
1876 6645 2233 6777 pendant
2295 6645 2565 6777 l’eſpee
2615 6645 2688 6777 li-

536 6772 915 6907 brement
976 6772 988 6907 à
1061 6772 1098 6907 ſa
1171 6772 1538 6907 fantaſie:
1612 6772 1771 6907 puis
1832 6772 1881 6907 en
1978 6772 2235 6907 faiſant
2284 6772 2321 6907 la
2394 6772 2675 6907 demar-

2832 4268 2946 4409 che
3021 4268 3072 4409 du
3148 4268 3324 4409 pied
3387 4268 3703 4409 gauche,
3803 4268 3803 4409 &
3854 4268 3904 4409 le
3967 4268 4245 4409 venant
4308 4268 4321 4409 à
4371 4268 4674 4409 planter
4724 4268 4762 4409 ſi
4800 4268 4977 4409 pres

2842 4397 2891 4534 du
3000 4397 3268 4534 Cercle,
3317 4397 3476 4534 qu’il
3524 4397 3854 4534 pouvoit
3915 4397 4195 4534 arriver
4268 4397 4317 4534 du
4390 4397 4756 4534 prochain
4817 4397 4975 4534 pas,

2817 4520 2830 4654 à
2879 4520 3064 4654 faire
3126 4520 3188 4654 du
3249 4520 3422 4654 pied
3496 4520 3706 4654 droit,
3743 4520 3842 4654 ſur
3903 4520 3940 4654 la
4027 4520 4397 4654 Premiere
4459 4520 4829 4654 Inſtance
4891 4520 4953 4654 au

2818 4644 3038 4780 point
3124 4644 3161 4780 C;
3222 4644 3480 4780 durant
3529 4644 3749 4780 icelle
3823 4644 4227 4780 demarche
4276 4644 4313 4780 il
4362 4644 4374 4780 a
4423 4644 4644 4780 porté
4693 4644 4754 4780 le
4803 4644 4963 4780 bras

2836 4768 3143 4906 eſtendu
3229 4768 3621 4906 enſemble
3683 4768 3867 4906 avec
3916 4768 4223 4906 l’eſpee,
4284 4768 4333 4906 en
4419 4768 4615 4906 ligne
4689 4768 4959 4906 droite,

2836 4894 2885 5029 en
2959 4894 3106 5029 bas,
3142 4894 3142 5029 à
3204 4894 3302 5029 ſon
3388 4894 3584 5029 coſté
3657 4894 3866 5029 droit;
3964 4894 3964 5029 &
4037 4894 4086 5029 en
4160 4894 4674 5029 pourſuivant
4736 4894 4736 5029 à
4809 4894 4969 5029 eſle-

2831 5020 2939 5155 ver
3011 5020 3071 5155 le
3131 5020 3311 5155 pied
3394 5020 3634 5155 droit,
3766 5020 3778 5155 &
3850 5020 4113 5155 porter
4209 5020 4844 5155 enſemblement
4904 5020 4964 5155 le

2822 5146 2986 5281 bras
3045 5146 3221 5281 avec
3267 5146 3549 5281 l’eſpee
3607 5146 3666 5281 en
3736 5146 3936 5281 haut,
3982 5146 4029 5281 en
4111 5146 4322 5281 angle
4381 5146 4615 5281 obtus
4662 5146 4721 5281 au
4826 5146 4979 5281 meſ-

2852 5270 2925 5408 me
2999 5270 3232 5408 coſté,
3269 5270 3306 5408 il
3380 5270 3527 5408 s’eſt
3589 5270 3908 5408 preparé
3957 5270 4154 5408 pour
4203 5270 4387 5408 faire
4437 5270 4486 5408 le
4547 5270 4658 5408 pas
4732 5270 4965 5408 enſui-

2828 5396 2992 5533 vant
3050 5396 3213 5533 tant
3260 5396 3423 5533 plus
3470 5396 3703 5533 juſte,
3761 5396 3808 5533 en
3889 5396 4216 5533 prenant
4262 5396 4309 5533 la
4391 5396 4659 5533 meſure
4717 5396 4729 5533 à
4775 5396 4974 5533 l’aul-

2824 5520 2907 5661 ne
2979 5520 3050 5661 de
3098 5520 3134 5661 la
3205 5520 3432 5661 veuë,
3479 5520 3527 5661 au
3598 5520 3872 5661 regard
3944 5520 4004 5661 de
4051 5520 4099 5661 la
4170 5520 4504 5661 diſtance
4575 5520 4623 5661 du
4718 5520 4957 5661 corps,

2838 5648 2899 5772 du
2972 5648 3166 5772 bras,
3275 5648 3275 5772 &
3348 5648 3409 5772 de
3457 5648 3736 5772 l’eſpee
3797 5648 4222 5772 contraire;
4270 5648 4391 5772 afin
4489 5648 4549 5772 de
4610 5648 4865 5772 porter
4913 5648 4962 5772 ſa

2823 5778 3101 5904 pointe
3149 5778 3319 5904 tout
3379 5778 3548 5904 pres
3609 5778 3669 5904 de
3730 5778 3766 5904 la
3838 5778 4056 5904 garde
4140 5778 4551 5904 contraire,
4660 5778 4660 5904 &
4733 5778 4975 5904 juſte-

2861 5900 3040 6026 ment
3111 5900 3421 6026 deſſous
3457 5900 3505 6026 la
3588 5900 3850 6026 meſme
3898 5900 4137 6026 ligne,
4208 5900 4256 6026 au
4363 5900 4625 6026 meſme
4673 5900 4971 6026 temps,

2834 6027 3002 6149 qu’il
3050 6027 3351 6149 entrera
3423 6027 3460 6149 en
3568 6027 3869 6149 meſure,
3953 6027 3965 6149 &
4025 6027 4182 6149 qu’il
4230 6027 4278 6149 ſe
4362 6027 4603 6149 mettra
4675 6027 4976 6149 exae-

2861 6154 3038 6276 ment
3086 6154 3192 6276 ſur
3239 6154 3275 6276 la
3369 6154 3736 6276 Premiere
3807 6154 4185 6276 Inſtance,
4232 6154 4280 6276 en
4351 6154 4386 6276 la
4469 6154 4788 6276 maniere
4859 6154 4965 6276 qui

2827 6274 2973 6372 ſera
3034 6274 3326 6372 tantoſt
3387 6274 3740 6372 deſcrite.

2962 6402 3296 6527 Iuſques
3333 6402 3456 6527 icy
3506 6402 3778 6527 toutes
3827 6402 3926 6527 ſes
3976 6402 4273 6527 aions
4347 6402 4458 6527 ont
4520 6402 4656 6527 eſté
4718 6402 4978 6527 repre-

2827 6525 3137 6619 ſentées
3248 6525 3248 6619 &
3322 6525 3718 6619 declarées
3768 6525 3817 6619 au
3928 6525 4176 6619 Cercle
4287 6525 4324 6619 N.
4374 6525 4423 6619 1.
4485 6525 4535 6619 du
4646 6525 4943 6619 Tableau

2840 6642 3014 6778 III.
3088 6642 3249 6778 dont
3299 6642 3745 6778 toutesfois
3782 6642 3820 6778 il
3906 6642 3981 6778 me
4030 6642 4365 6778 ſemble,
4440 6642 4576 6778 que
4638 6642 4675 6778 la
4762 6642 4973 6778 repe-

2827 6766 3037 6891 tition
3112 6766 3124 6891 a
3186 6766 3322 6891 eſté
3371 6766 3804 6891 neceſſaire
3866 6766 3915 6891 en
4002 6766 4138 6891 ceſt
4200 6766 4533 6891 endroit,
4608 6766 4719 6891 afin
4830 6766 4954 6891 d’en

4750 6909 4983 7027 expli-
