5442 7366
2861 375 3063 533 ligne
3126 375 3214 533 eſt
3265 375 3404 533 une
3454 375 3770 533 poſture
3833 375 3833 533 à
3896 375 4060 533 tout
4110 375 4325 533 faire,
4388 375 4615 533 munie
4691 375 4754 533 de
4817 375 5032 533 touts

2874 506 3139 655 coſtez
3215 506 3746 655 egalement,
3872 506 3885 655 &
3960 506 4415 655 egalement
4491 506 4870 655 preparée
4971 506 5034 655 de

2863 651 3080 800 touts
3144 651 3399 800 coſtez
3451 651 3451 800 à
3514 651 3553 800 ſa
3630 651 3975 800 defenſe.

3573 786 3907 953 Cercle
4151 786 4440 953 N.2.

2904 963 3190 1142 Alexandre
3238 963 3477 1142 pourſuit
3513 963 3549 1142 la
3596 963 3859 1142 premiere
3907 963 4158 1142 approche
4217 963 4396 1142 contre
4432 963 4635 1142 l’angle
4695 963 4874 1142 obtus,
4946 963 5029 1142 par

2975 1123 3053 1276 luy
3110 1123 3425 1276 commencée
3537 1123 3537 1276 &
3616 1123 3616 1276 à
3695 1123 3818 1276 demi
3852 1123 3976 1276 faite
4032 1123 4066 1276 au
4156 1123 4381 1276 Tableau
4448 1123 4741 1276 precedent
4808 1123 4977 1276 Cercle

3036 1243 3061 1391 N.
3112 1243 3149 1391 2.
3199 1243 3225 1391 où
3275 1243 3312 1391 il
3338 1243 3488 1391 eſtoit
3526 1243 3639 1391 venu
3689 1243 3890 1391 juſqu’à
3953 1243 3978 1391 ſe
4041 1243 4216 1391 mettre
4254 1243 4442 1391 l’eſpee
4493 1243 4505 1391 à
4543 1243 4668 1391 coſté
4719 1243 4756 1391 de
4794 1243 4832 1391 la
4882 1243 5020 1391 teſte,

2983 1362 3087 1517 avec
3128 1362 3159 1517 le
3211 1362 3325 1517 pied
3376 1362 3490 1517 droit
3531 1362 3583 1517 un
3635 1362 3707 1517 peu
3759 1362 3955 1517 avancé
3997 1362 4028 1517 en
4080 1362 4245 1517 l’air:
4328 1362 4659 1517 maintenant
4721 1362 4752 1517 en
4824 1362 5021 1517 venant

2978 1488 3045 1637 ſur
3090 1488 3124 1637 la
3191 1488 3437 1637 Premiere
3493 1488 3784 1637 Inſtance,
3840 1488 3862 1637 il
3907 1488 3941 1637 la
3997 1488 4075 1637 met
4142 1488 4523 1637 pareillement
4579 1488 4612 1637 en
4668 1488 4825 1637 angle
4881 1488 5027 1637 obtus

2973 1633 3143 1732 contre
3193 1633 3384 1732 l’autre
3434 1633 3464 1732 en
3535 1633 3715 1732 dedans
3775 1633 3806 1732 du
3856 1633 3996 1732 bras.

3354 1768 3405 1906 Vr
3443 1768 3507 1906 le
3596 1768 3837 1906 Cercle
3952 1768 4079 1906 N.2.
4168 1768 4651 1906 ZACHARIE
4715 1768 5033 1906 preſen-

3310 1894 3369 2033 te
3439 1894 3710 2033 l’eſpee
3792 1894 3839 2033 en
3933 1894 4156 2033 angle
4238 1894 4520 2033 obtus,
4591 1894 4873 2033 tenant
4943 1894 5002 2033 au

3310 2015 3498 2157 reſte
3568 2015 3615 2157 le
3686 2015 3908 2157 corps
3967 2015 4143 2157 tout
4225 2015 4296 2157 de
4389 2015 4718 2157 meſme,
4800 2015 4988 2157 qu’au

3352 2142 3600 2283 Cercle
3649 2142 4157 2283 precedent;
4243 2142 4305 2283 de
4367 2142 4590 2283 façon
4689 2142 4825 2283 que
4912 2142 5023 2283 ces

2863 2273 3055 2413 deux
3103 2273 3475 2413 poſtures
3535 2273 4015 2413 reviennent
4087 2273 4279 2413 quaſi
4339 2273 4387 2413 en
4459 2273 4639 2413 une.
4711 2273 5023 2413 Voyons

2862 2393 3262 2541 comment
3331 2393 3480 2541 c’eſt
3548 2393 3674 2541 que
3777 2393 4315 2541 ALEXANDRE
4384 2393 4738 2541 travaille
4807 2393 5013 2541 alen-

2865 2520 3165 2667 contre.
3281 2520 3523 2667 Ayant
3570 2520 3858 2667 tourné
3904 2520 3951 2667 la
4008 2520 4355 2667 poitrine
4424 2520 4689 2667 contre
4747 2520 4793 2667 ſa
4863 2520 5013 2667 par-

2846 2643 2997 2793 tie,
3034 2643 3072 2793 il
3122 2643 3285 2793 s’eſt
3335 2643 3748 2793 acheminé
3811 2643 3986 2793 tout
4049 2643 4237 2793 droit
4287 2643 4300 2793 à
4350 2643 4525 2793 luy,
4626 2643 4676 2793 en
4751 2643 5027 2793 faiſant

2862 2764 3080 2918 deux,
3126 2764 3344 2918 trois,
3412 2764 3458 2918 ou
3550 2764 3814 2918 quatre
3871 2764 4032 2918 pas,
4078 2764 4250 2918 plus
4307 2764 4364 2918 ou
4468 2764 4743 2918 moins,
4800 2764 4800 2918 à
4892 2764 5030 2918 me-

2839 2891 2995 3045 ſure
3067 2891 3127 3045 de
3187 2891 3223 3045 la
3295 2891 3692 3045 diſtance,
3752 2891 3861 3045 qui
3933 2891 4017 3045 eſt
4101 2891 4305 3045 entre
4378 2891 4630 3045 deux;
4702 2891 4750 3045 ſe
4846 2891 5015 3045 met-

2844 3028 2997 3157 tant
3067 3028 3525 3157 cependant
3572 3028 3853 3157 l’eſpee
3900 3028 4006 3157 ſur
4053 3028 4100 3157 le
4170 3028 4417 3157 coude
4487 3028 4546 3157 du
4616 3028 4781 3157 bras
4851 3028 5016 3157 gau-

2861 3153 2974 3270 che
3042 3153 3088 3270 en
3156 3153 3553 3270 avançant
3598 3153 3655 3270 le
3712 3153 3893 3270 pied
3950 3153 4177 3270 droit;
4290 3153 4290 3270 &
4370 3153 4744 3270 derechef
4790 3153 5016 3270 avan-

2858 3275 3075 3395 çant,
3183 3275 3195 3395 &
3268 3275 3593 3395 mettant
3642 3275 3690 3395 le
3762 3275 4064 3395 gauche
4148 3275 4196 3395 en
4269 3275 4522 3395 terre,
4594 3275 4618 3395 ſi
4691 3275 4859 3395 pres
4944 3275 5004 3395 du

2884 3402 3163 3521 Cercle,
3223 3402 3381 3521 qu’il
3429 3402 3611 3521 peut
3659 3402 4059 3521 atteindre
4107 3402 4156 3521 la
4253 3402 4870 3521 Circonference
4931 3402 4991 3521 au

2846 3507 3194 3667 premier
3254 3507 3374 3667 pas
3458 3507 3914 3667 enſuivant;
3974 3507 4010 3667 il
4070 3507 4130 3667 l’a
4202 3507 4490 3667 portée
4574 3507 5030 3667 diagonale-

2874 3652 3054 3769 ment
3122 3652 3167 3769 en
3245 3652 3470 3769 avant
3526 3652 3684 3769 vers
3740 3652 3774 3769 ſa
3863 3652 4010 3769 main
4111 3652 4347 3769 droite
4414 3652 4459 3769 en
4538 3652 4751 3769 angle
4819 3652 5021 3769 aigu:

2904 3779 2904 3886 &
2957 3779 3127 3886 puis
3170 3779 3233 3886 l’a
3286 3779 3658 3886 rcmonté
3785 3779 4019 3886 encor
4072 3779 4263 3886 pour
4327 3779 4359 3886 la
4422 3779 4773 3886 ſeconde
4847 3779 5017 3886 fois,

2870 3887 3136 4013 durant
3184 3887 3619 4013 l’elevation
3752 3887 3764 4013 &
3812 3887 4355 4013 l’avancemẽt
4416 3887 4476 4013 du
4549 3887 4730 4013 pied
4802 3887 5019 4013 droit,

2847 4008 2859 4135 à
2921 4008 3119 4135 coſté
3194 4008 3256 4135 de
3305 4008 3355 4135 ſa
3417 4008 3603 4135 teſte
3665 4008 3777 4135 par
3851 4008 4099 4135 deſſus
4136 4008 4508 4135 l’eſpaule
4583 4008 4868 4135 droite;
4930 4008 5029 4135 te-

2841 4135 3022 4254 nant
3067 4135 3112 4254 la
3191 4135 3406 4254 garde
3463 4135 3519 4254 un
3621 4135 3734 4254 peu
3813 4135 4163 4254 avancée
4231 4135 4333 4254 ſur
4378 4135 4423 4254 la
4491 4135 4842 4254 hauteur
4909 4135 5011 4254 d’i-

2860 4256 3037 4384 celle
3108 4256 3474 4384 eſpaule,
3592 4256 3603 4384 &
3662 4256 3710 4384 la
3792 4256 4063 4384 pointe
4111 4256 4181 4384 un
4252 4256 4382 4384 peu
4476 4256 5007 4384 contremont

2843 4368 2963 4492 par
3035 4368 3372 4492 derriere
3420 4368 3456 4492 la
3516 4368 3745 4492 teſte.

2978 4503 3309 4623 Iuſques
3359 4503 3371 4623 à
3420 4503 3530 4623 icy
3592 4503 3690 4623 ſes
3739 4503 4046 4623 aions
4107 4503 4230 4623 ont
4291 4503 4426 4623 eſté
4512 4503 4880 4623 deſcrites
4929 4503 4991 4623 au

2875 4628 3177 4744 Tableau
3270 4628 3782 4744 precedent:
3851 4628 3967 4744 s’en
4072 4628 4304 4744 enſuit
4397 4628 4885 4744 maintenant
4943 4628 5001 4744 le

2844 4747 3093 4842 reſte.

2972 4878 3020 5019 Il
3068 4878 3354 5019 avance
3402 4878 3450 5019 le
3510 4878 3713 5019 coſté
3784 4878 3964 5019 droit
4035 4878 4083 5019 du
4179 4878 4418 5019 corps,
4489 4878 4788 5019 menant
4848 4878 5015 5019 ega-

2838 5001 3137 5143 lement
3187 5001 3249 5143 au
3349 5001 3611 5143 meſme
3661 5001 3823 5143 tẽps
3873 5001 3923 5143 le
3985 5001 4197 5143 pied,
4235 5001 4285 5143 le
4347 5001 4534 5143 bras,
4634 5001 4634 5143 &
4684 5001 4996 5143 l’eſpee;

2852 5126 3026 5269 dont
3079 5126 3106 5269 il
3159 5126 3412 5269 plante
3465 5126 3505 5269 le
3572 5126 3745 5269 pied
3785 5126 3892 5269 ſur
3945 5126 3985 5269 le
4052 5126 4252 5269 coſté
4332 5126 4372 5269 du
4505 5126 4998 5269 Quadrangle

2874 5255 2996 5368 CB.
3057 5255 3228 5368 (non
3289 5255 3411 5368 pas
3459 5255 3569 5368 ſur
3606 5255 3655 5368 la
3728 5255 4228 5368 collaterale,
4313 5255 4618 5368 comme
4691 5255 4728 5368 il
4789 5255 4801 5368 a
4874 5255 4996 5368 fait

2842 5377 2890 5500 en
2962 5377 2998 5500 la
3082 5377 3694 5500 demonſtration
3766 5377 4318 5500 precedente)
4366 5377 4666 5500 laiſſant
4714 5377 5001 5500 trainer

2837 5502 2889 5631 le
2941 5502 3110 5631 pied
3175 5502 3474 5631 gauche
3526 5502 3786 5631 apres,
3825 5502 3929 5631 ſur
3994 5502 4033 5631 la
4111 5502 4319 5631 ligne
4410 5502 4735 5631 Pedale;
4852 5502 4865 5631 &
4930 5502 4982 5631 au

2858 5633 3124 5754 meſme
3172 5633 3438 5754 temps
3474 5633 3510 5754 il
3559 5633 3788 5754 porte
3824 5633 4102 5754 l’eſpee
4174 5633 4223 5754 en
4295 5633 4525 5754 avant
4597 5633 4778 5754 droit
4827 5633 4839 5754 à
4899 5633 5008 5754 l’e-

2834 5754 3010 5869 ſpee
3081 5754 3139 5869 de
3186 5754 3609 5869 l’Ennemi,
3644 5754 3679 5869 la
3773 5754 4090 5869 mettant
4161 5754 4419 5869 contre
4478 5754 4701 5869 icelle
4771 5754 4818 5869 en
4889 5754 5006 5869 an-

2844 5880 2940 6002 gle
3000 5880 3266 6002 obtus,
3326 5880 3374 6002 en
3458 5880 3748 6002 dedans
3808 5880 3868 6002 du
3940 5880 4133 6002 bras,
4230 5880 4555 6002 Nombre
4615 5880 4664 6002 5.
4724 5880 4989 6002 contre

2889 6006 3207 6131 Nombre
3313 6006 3313 6131 ,
3383 6006 3536 6131 ſans
3583 6006 3771 6131 faire
3842 6006 4077 6131 aucun
4171 6006 4395 6131 effort
4477 6006 4995 6131 alencontre;

2836 6132 3356 6271 s’appreſtant
3405 6132 3517 6271 par
3578 6132 3640 6271 ce
3727 6132 3974 6271 moyen
4048 6132 4048 6271 à
4135 6132 4469 6271 marcher
4531 6132 4642 6271 par
4716 6132 4877 6271 deçà
4939 6132 5001 6271 le

2872 6257 3296 6392 Diametre,
3370 6257 3408 6392 en
3483 6257 4043 6392 aſſujettiſſant
4093 6257 4367 6392 l’eſpee
4429 6257 4828 6392 contraire
4878 6257 4890 6392 à
4940 6257 4990 6392 la

2853 6380 3214 6497 Seconde
3287 6380 3721 6497 Inſtance,
3805 6380 4106 6497 comme
4166 6380 4203 6497 il
4263 6380 4407 6497 ſera
4504 6380 4805 6497 declaré
4865 6380 4986 6497 au-

2841 6522 3184 6626 trepart.

2999 6640 3199 6775 Entre
3249 6640 3524 6775 toutes
3561 6640 3661 6775 les
3711 6640 4136 6775 poſtures,
4199 6640 4311 6775 qui
4361 6640 4699 6775 puiſſent
4774 6640 4986 6775 eſtre,

2854 6760 3019 6896 celle
3094 6760 3157 6896 de
3208 6760 3473 6896 l’angle
3549 6760 3776 6896 obtus
3827 6760 3915 6896 eſt
3979 6760 4016 6896 la
4105 6760 4269 6896 plus
4332 6760 4572 6896 forte.
4699 6760 4989 6896 Partant

2856 6889 3307 7027 quiconque
3355 6889 3438 7027 ne
3497 6889 3676 7027 veut
3735 6889 4020 7027 donner
4068 6889 4080 7027 à
4127 6889 4163 7027 ſa
4234 6889 4472 7027 partie
4531 6889 4852 7027 adverſe
4923 6889 4983 7027 de

4719 7040 4986 7131 l’avan-

600 414 1017 543 expliquer
1080 414 1459 543 quelques
1522 414 2115 543 particularitez
2191 414 2242 543 de
2305 414 2469 543 plus
2520 414 2709 543 pres;

645 540 645 668 &
715 540 1274 668 pareillement
1343 540 1541 668 pour
1623 540 1809 668 vous
1913 540 2169 668 mettre
2274 540 2541 668 devant
2600 540 2704 668 les

595 661 786 783 yeux
858 661 1025 783 tout
1109 661 1312 783 d’une
1396 661 1587 783 ſuite
1647 661 1683 783 la
1754 661 1993 783 totale
2077 661 2531 783 deſcription
2638 661 2698 783 de

589 785 782 918 ceſte
831 785 1290 918 approche,
1351 785 1459 918 qui
1532 785 1991 918 autrement
2052 785 2608 918 reſembleroit
2680 785 2692 918 à

580 911 650 1036 un
731 911 941 1036 corps
1011 911 1569 1036 deſmembré,
1639 911 1941 1036 comme
2022 911 2255 1036 eſtant
2336 911 2546 1036 diviſé
2627 911 2674 1036 en

599 1041 786 1168 deux
860 1041 1282 1168 Tableaux,
1332 1041 1481 1168 ſans
1543 1041 1680 1168 que
1729 1041 1841 1168 l’un
1928 1041 2077 1168 fuſt
2139 1041 2698 1168 ſuffiſamment

586 1167 913 1286 eſclarcy
971 1167 1076 1286 par
1123 1167 1391 1286 l’autre
1438 1167 1496 1286 au
1578 1167 2138 1286 contentemẽt
2208 1167 2266 1286 du
2360 1167 2698 1286 Leeur.

607 1290 913 1413 Voyons
995 1290 1172 1413 donc
1242 1290 1290 1413 le
1372 1290 2055 1413 parachevement
2125 1290 2196 1413 de
2278 1290 2467 1413 ceſte
2537 1290 2702 1413 pre-

600 1419 807 1538 miere
856 1419 1294 1538 approche,
1367 1419 1476 1538 qui
1525 1419 1610 1538 eſt
1671 1419 1793 1538 tel.

721 1532 1296 1662 ALEXANDRE
1365 1532 1928 1662 commençant
1974 1532 1986 1662 à
2043 1532 2377 1662 avancer
2458 1532 2699 1662 egale-

595 1661 780 1787 ment
829 1661 878 1787 le
940 1661 1137 1787 coſté
1210 1661 1383 1787 droit
1457 1661 1506 1787 du
1592 1661 1826 1787 corps,
1875 1661 2072 1787 pied,
2109 1661 2306 1787 bras,
2417 1661 2417 1787 &
2478 1661 2687 1787 eſpee

574 1782 999 1900 enſemble;
1058 1782 1329 1900 abaiſſe
1388 1782 1553 1900 tout
1601 1782 1612 1900 à
1671 1782 2002 1900 l’inſtant
2049 1782 2084 1900 ſa
2143 1782 2332 1900 lame
2403 1782 2474 1900 un
2544 1782 2662 1900 peu

577 1909 965 2017 circulaire
1043 1909 1220 2017 ment
1287 1909 1442 2017 vers
1486 1909 1542 2017 le
1608 1909 1919 2017 devant;
2029 1909 2029 2017 &
2096 1909 2140 2017 en
2262 1909 2573 2017 mettant
2628 1909 2684 2017 le

558 2030 738 2142 pied
798 2030 810 2142 à
894 2030 1087 2142 terre
1159 2030 1255 2142 ſur
1303 2030 1339 2142 la
1435 2030 2049 2142 Circonference
2121 2030 2169 2142 du
2301 2030 2542 2142 Cercle
2614 2030 2674 2142 au

558 2158 773 2287 point
886 2158 936 2287 C,
974 2158 1025 2287 le
1075 2158 1264 2287 talon
1352 2158 1667 2287 d’iceluy
1718 2158 1818 2287 ſur
1869 2158 1907 2287 la
1957 2158 2159 2287 ligne
2247 2158 2688 2287 collaterale

578 2275 627 2403 du
737 2275 1151 2403 Quadrãgle
1212 2275 1212 2403 à
1297 2275 1444 2403 main
1541 2275 1797 2403 droite,
1834 2275 1895 2403 au
1992 2275 2249 2403 meſme
2297 2275 2553 2403 temps
2614 2275 2663 2403 en

562 2402 955 2534 roidiſſant
1004 2402 1053 2534 le
1115 2402 1274 2534 bras
1372 2402 1385 2534 &
1434 2402 1483 2534 le
1532 2402 1863 2534 poignet
1937 2402 1998 2534 de
2047 2402 2084 2534 la
2170 2402 2367 2534 main,
2403 2402 2440 2534 il
2477 2402 2698 2534 avan-

562 2529 631 2629 ce
700 2529 734 2629 ſa
802 2529 996 2629 lame
1076 2529 1716 2629 circulairement
1796 2529 1842 2629 en
1956 2529 2127 2629 haut
2219 2529 2516 2629 deſſous
2573 2529 2687 2629 l’e-

550 2647 720 2781 ſpee
793 2647 1266 2781 contraireen
1339 2647 1533 2781 ligne
1594 2647 2006 2781 parallele,
2091 2647 2139 2781 en
2237 2647 2588 2781 aſſituant
2637 2647 2673 2781 la

562 2774 825 2906 pointe
921 2774 1100 2906 droit
1148 2774 1160 2906 à
1232 2774 1267 2906 la
1363 2774 1578 2906 garde
1662 2774 2092 2906 contraire,
2164 2774 2212 2906 le
2283 2774 2439 2906 plus
2511 2774 2678 2906 pres

559 2900 724 3033 qu’il
771 2900 771 3033 a
830 2900 948 3033 peu
1019 2900 1231 3033 faire,
1278 2900 1443 3033 ſans
1490 2900 2068 3033 toucherainſi
2139 2900 2328 3033 qu’on
2410 2900 2552 3033 voit
2622 2900 2670 3033 en

552 3021 592 3149 ſa
646 3021 928 3149 figure.

710 3149 782 3275 Ce
842 3149 1143 3275 dernier
1215 3149 1733 3275 mouvement
1805 3149 1865 3275 de
1926 3149 2190 3275 porter
2263 3149 2539 3275 l’eſpee
2624 3149 2672 3275 en

540 3276 720 3398 haut
803 3276 1102 3398 deſſous
1162 3276 1437 3398 l’eſpee
1497 3276 1916 3398 contraire,
1951 3276 1975 3398 il
2035 3276 2083 3398 le
2143 3276 2262 3398 fait
2310 3276 2490 3398 avec
2549 3276 2681 3398 une

551 3402 894 3526 certaine
942 3402 1521 3526 impetuoſité,
1580 3402 1639 3526 de
1698 3402 1899 3526 quoy
1947 3402 2006 3526 le
2065 3402 2266 3526 coſté
2337 3402 2514 3526 droit
2609 3402 2656 3526 du

549 3528 763 3646 corps
819 3528 909 3646 eſt
965 3528 1089 3646 tiré
1157 3528 1202 3646 en
1269 3528 1528 3646 avant,
1618 3528 1629 3646 &
1696 3528 2439 3646 conſequemment
2484 3528 2529 3646 le
2585 3528 2675 3646 ta-

527 3648 626 3767 lon
714 3648 763 3767 du
863 3648 1112 3767 meſme
1174 3648 1336 3767 pied
1386 3648 1436 3767 ſe
1511 3648 1698 3767 gliſſe
1760 3648 1810 3767 en
1897 3648 2183 3767 dehors
2221 3648 2333 3767 ſur
2383 3648 2420 3767 la
2470 3648 2681 3767 ligne

567 3767 701 3889 CB,
762 3767 1201 3889 entrainant
1262 3767 1518 3889 quand
1628 3767 1628 3889 &
1701 3767 1957 3889 quand
1993 3767 2054 3889 le
2127 3767 2298 3889 pied
2383 3767 2676 3889 gauche

529 3887 649 4013 par
697 3887 926 4013 terre,
987 3887 1264 4013 juſqu’à
1324 3887 1360 4013 ſa
1432 3887 1637 4013 place
1697 3887 2143 4013 ordinaire,
2215 3887 2336 4013 qui
2396 3887 2480 4013 eſt
2528 3887 2565 4013 la
2625 3887 2697 4013 li-

542 4003 667 4140 gne
754 4003 1065 4140 Pedale;
1115 4003 1401 4140 auquel
1438 4003 1737 4140 inſtant
1775 4003 1812 4140 il
1862 4003 1911 4140 ſe
1961 4003 2310 4140 redreſſe
2347 4003 2409 4140 le
2472 4003 2696 4140 corps

539 4129 1539 4262 perpendiculairement,
1574 4129 1633 4262 le
1715 4129 2032 4262 mettant
2103 4129 2150 4262 en
2220 4129 2550 4262 pourfil,
2679 4129 2679 4262 &

529 4251 863 4373 finiſſant
910 4251 970 4373 le
1041 4251 1554 4373 mouvement
1625 4251 1685 4373 de
1732 4251 2006 4373 l’eſpee
2066 4251 2114 4373 en
2173 4251 2388 4373 ligne
2447 4251 2685 4373 droite

533 4388 592 4504 au
675 4388 984 4504 deſſous
1044 4388 1115 4504 de
1163 4388 1436 4504 l’eſpee
1495 4388 1923 4504 contraire.

682 4501 789 4617 Par
849 4501 1015 4617 ainſi
1075 4501 1182 4617 les
1254 4501 1432 4617 voilà
1516 4501 1730 4617 touts
1790 4501 1980 4617 deux
2052 4501 2099 4617 en
2171 4501 2492 4617 pareille
2576 4501 2695 4617 po-

536 4628 768 4759 ſture,
829 4628 1097 4759 ayants
1145 4628 1243 4759 les
1292 4628 1511 4759 pieds
1560 4628 1815 4759 plãtez
1864 4628 1974 4759 ſur
2047 4628 2363 4759 meſmes
2400 4628 2680 4759 lignes,

535 4748 582 4872 la
641 4748 830 4872 teſte
936 4748 936 4872 &
984 4748 1031 4872 le
1102 4748 1350 4872 centre
1421 4748 1468 4872 du
1563 4748 1775 4872 corps
1823 4748 2354 4872 reſpondants
2413 4748 2461 4872 au
2555 4748 2685 4872 deſ-

538 4875 642 4991 ſus
712 4875 758 4991 du
863 4875 1119 4991 meſme
1188 4875 1490 4991 centre,
1560 4875 1862 4991 chaſcun
1932 4875 1990 4991 au
2060 4875 2257 4991 ſien,
2292 4875 2397 4991 les
2466 4875 2676 4991 corps

552 4997 929 5127 eſtendus
976 4997 1907 5127 perpendiculairemẽt,
1989 4997 2001 5127 &
2060 4997 2119 5127 en
2178 4997 2401 5127 flanc;
2460 4997 2672 5127 touts

538 5124 632 5242 les
679 5124 892 5242 nerfs
986 5124 986 5242 &
1069 5124 1364 5242 muſcles
1411 5124 1730 5242 tendus,
1765 5124 1860 5242 les
1931 5124 2261 5242 genoux,
2355 5124 2355 5242 &
2403 5124 2462 5242 le
2509 5124 2674 5242 bras

577 5246 639 5375 de
688 5246 958 5375 l’eſpee
1007 5246 1302 5375 roides,
1351 5246 1388 5375 la
1450 5246 1793 5375 poignee
1843 5246 1990 5375 bien
2064 5246 2211 5375 fort
2260 5246 2506 5375 ſerrée
2579 5246 2678 5375 de-

557 5371 728 5499 dans
777 5371 826 5499 le
887 5371 1168 5499 poing,
1229 5371 1327 5499 les
1400 5371 1584 5499 deux
1633 5371 1877 5499 lames
1951 5371 2427 5499 colloquées
2501 5371 2550 5499 en
2611 5371 2684 5499 li-

560 5495 740 5630 gnes
791 5495 1190 5630 paralleles
1255 5495 1564 5630 deſſous
1693 5495 1693 5630 &
1783 5495 2066 5630 deſſus;
2130 5495 2169 5630 la
2246 5495 2568 5630 pointe,
2632 5495 2671 5630 la

562 5620 825 5755 garde,
931 5620 944 5755 &
983 5620 1339 5755 l’eſpaule
1418 5620 1695 5755 droite,
1748 5620 1906 5755 tant
1972 5620 2130 5755 qu’il
2183 5620 2275 5755 eſt
2328 5620 2683 5755 poſſible,

565 5744 613 5879 en
721 5744 924 5879 egale
972 5744 1355 5879 hauteur.
1475 5744 1774 5879 Poſture
1858 5744 1918 5879 du
2002 5744 2169 5879 tout
2241 5744 2684 5879 naturelle,

560 5871 674 6001 qui
725 5871 725 6001 a
776 5871 1259 6001 l’aſſituation
1348 5871 1463 6001 des
1513 5871 1768 6001 pieds,
1844 5871 1895 6001 du
1997 5871 2264 6001 corps,
2378 5871 2391 6001 &
2454 5871 2518 6001 de
2569 5871 2683 6001 l’e-

551 5997 721 6127 ſpee
830 5997 1351 6127 grandement
1424 5997 1823 6127 favorable
1993 5997 1993 6127 &
2078 5997 2672 6127 avantageuſe,

556 6123 698 6247 tant
757 6123 946 6247 pour
1006 6123 1455 6247 demeurer,
1514 6123 1644 6247 que
1703 6123 1892 6247 pour
1939 6123 1987 6247 ſe
2046 6123 2377 6247 bouger,
2412 6123 2424 6247 à
2495 6123 2672 6247 droi-

547 6245 641 6372 te,
688 6245 700 6372 à
771 6245 1113 6372 gauche,
1172 6245 1208 6372 en
1291 6245 1562 6372 avant,
1680 6245 1692 6372 &
1775 6245 1822 6372 en
1905 6245 2223 6372 arriere,
2259 6245 2412 6372 ſans
2460 6245 2660 6372 nulle

550 6372 1184 6498 incommodité.
1313 6372 1383 6498 Ce
1453 6372 1559 6498 qui
1606 6372 1688 6498 ne
1735 6372 1793 6498 ſe
1840 6372 2356 6498 rencontrera
2415 6372 2532 6498 pas
2603 6372 2650 6498 en

568 6495 679 6624 des
740 6495 986 6624 autres
1036 6495 1441 6624 poſtures,
1503 6495 1786 6624 quelles
1860 6495 2142 6624 quelles
2192 6495 2499 6624 ſoyent.
2573 6495 2671 6624 Car

560 6622 746 6750 pour
792 6622 885 6750 les
943 6622 1373 6750 avantages
1431 6622 1744 6750 qu’elles
1826 6622 2220 6750 donnent,
2278 6622 2673 6750 touſiours

566 6745 738 6872 elles
819 6745 1164 6872 donnent
1233 6745 1798 6872 pareillement
1867 6745 2132 6872 autant
2212 6745 2270 6872 ou
2350 6745 2512 6872 plus
2604 6745 2661 6872 de

569 6866 1082 7001 deſavantage
1156 6866 1192 7001 en
1278 6866 1951 7001 contreſchange.
2061 6866 2110 7001 La
2171 6866 2366 7001 ſeule
2440 6866 2672 7001 droite
