5442 7366
2853 303 2912 430 ou
2996 303 3258 430 quatre
3305 303 3425 430 pas
3484 303 3532 430 en
3603 303 3853 430 avant,
3901 303 3913 430 à
4008 303 4270 430 meſure
4354 303 4413 430 de
4473 303 4509 430 la
4592 303 4962 430 diſtance;

2850 430 3105 558 tenant
3175 430 3221 558 du
3314 430 4023 558 commencement
4070 430 4337 558 l’eſpee
4395 430 4453 558 de
4511 430 4802 558 travers
4848 430 4964 558 par

2858 556 3132 682 devant
3194 556 3231 682 ſa
3294 556 3667 682 poitrine,
3717 556 3767 682 en
3829 556 3866 682 la
3953 556 4314 682 maniere,
4377 556 4538 682 qu’il
4601 556 4613 682 a
4688 556 4812 682 eſté
4887 556 4974 682 dit

2857 680 2931 807 cy
2992 680 3227 807 deſſus
3276 680 3486 807 apres
3523 680 3572 807 le
3646 680 4275 807 deſgainement,
4349 680 4398 807 ou
4459 680 4743 807 l’ayant
4805 680 4977 807 cou-

2855 807 3024 934 chée
3073 807 3170 934 ſur
3206 807 3267 934 le
3327 807 3569 934 coude
3642 807 3690 934 du
3763 807 3921 934 bras
3981 807 4308 934 gauche;
4429 807 4429 934 &
4514 807 4635 934 que
4708 807 4962 934 finale-

2868 932 3052 1059 ment
3113 932 3150 1059 en
3224 932 3726 1059 approchant
3763 932 3824 1059 le
3873 932 4044 1059 pied
4106 932 4289 1059 droit
4338 932 4375 1059 ſi
4424 932 4583 1059 pres
4657 932 4706 1059 du
4828 932 4975 1059 Cer-

2844 1055 2967 1179 cle,
3041 1055 3201 1179 qu’il
3238 1055 3312 1179 ne
3373 1055 3632 1179 reſtoit
3693 1055 3890 1179 qu’un
3964 1055 4087 1179 pas
4124 1055 4137 1179 à
4198 1055 4395 1179 faire,
4432 1055 4629 1179 pour
4703 1055 4900 1179 venir
4949 1055 4961 1179 à

2835 1174 2873 1300 la
2948 1174 3315 1300 Premiere
3378 1174 3757 1300 Inſtance,
3783 1174 3820 1300 il
3858 1174 3871 1300 a
3922 1174 4174 1300 hauſſé
4225 1174 4667 1300 egalement
4705 1174 4756 1300 le
4806 1174 4971 1300 bras

2829 1305 3007 1425 avec
3055 1305 3365 1425 l’eſpee,
3424 1305 3472 1425 en
3543 1305 3758 1425 angle
3817 1305 4044 1425 obtus
4091 1305 4163 1425 un
4222 1305 4341 1425 peu
4413 1305 4413 1425 à
4484 1305 4699 1425 coſté:
4794 1305 4794 1425 &
4866 1305 4973 1425 de-

2836 1432 3101 1555 rechef
3150 1432 3198 1555 en
3282 1432 3584 1555 levant,
3632 1432 4067 1555 avançant,
4188 1432 4188 1555 &
4260 1432 4610 1555 abaiſſant
4658 1432 4719 1555 le
4779 1432 4960 1555 pied

2849 1554 3128 1683 gauche
3201 1554 3249 1683 en
3334 1554 3576 1683 terre,
3649 1554 3649 1683 à
3697 1554 3746 1683 la
3855 1554 4449 1683 Circonference
4497 1554 4727 1683 lettre
4824 1554 4860 1683 C.
4921 1554 4957 1683 il

2826 1678 2922 1804 les
2970 1678 2982 1804 a
3054 1678 3484 1804 deſcendus
3544 1678 3915 1804 egalemẽt
3986 1678 4046 1804 de
4094 1678 4261 1804 haut
4333 1678 4369 1804 en
4441 1678 4596 1804 bas,
4644 1678 4967 1804 portant

2829 1800 3101 1930 l’eſpee
3163 1800 3805 1930 diagonalement
3879 1800 4175 1930 deſſous
4237 1800 4496 1930 l’eſpee
4583 1800 4965 1930 contraire

2841 1929 2889 2057 en
2960 1929 3172 2057 angle
3219 1929 3420 2057 aigu,
3456 1929 3621 2057 avec
3668 1929 3716 2057 le
3786 1929 3999 2057 corps
4046 1929 4342 2057 panché
4389 1929 4448 2057 un
4519 1929 4637 2057 peu
4720 1929 4720 2057 à
4779 1929 4956 2057 l’en-

2844 2054 2996 2181 vers
3047 2054 3149 2181 ſur
3187 2054 3237 2181 le
3314 2054 3619 2181 genouil
3682 2054 3898 2181 droit,
3936 2054 4203 2181 iceluy
4266 2054 4482 2181 eſtant
4533 2054 4698 2181 plié.

2984 2176 3131 2306 Puis
3217 2176 3340 2306 que
3402 2176 3672 2306 l’uſage
3758 2176 3820 2306 de
3918 2176 4090 2306 ceſte
4164 2176 4558 2306 operation
4656 2176 4951 2306 viendra

2825 2303 3163 2430 ſouvent
3209 2303 3221 2430 à
3279 2303 3489 2430 point
3570 2303 3617 2430 en
3698 2303 4083 2430 pluſieurs
4153 2303 4607 2430 occaſions,
4665 2303 4712 2430 je
4781 2303 4956 2430 vous

2829 2426 3175 2552 adverti,
3234 2426 3270 2552 en
3378 2426 3676 2552 mettant
3723 2426 3783 2552 le
3831 2426 4009 2552 pied
4069 2426 4355 2552 gauche
4415 2426 4462 2552 en
4546 2426 4772 2552 terre,
4844 2426 4844 2552 à
4915 2426 4951 2552 la

2849 2549 3227 2676 Premiere
3276 2549 3653 2676 Inſtance,
3751 2549 3751 2676 &
3812 2549 4117 2676 portant
4165 2549 4446 2676 l’eſpee
4507 2549 4812 2676 deſſous
4848 2549 4958 2676 l’e-

2817 2676 2982 2804 ſpee
3042 2676 3421 2804 contraire
3492 2676 3539 2804 en
3610 2676 3823 2804 angle
3871 2676 4084 2804 aigu,
4131 2676 4285 2804 tant
4332 2676 4522 2804 pour
4581 2676 4960 2804 travailler

2813 2799 2920 2921 ſur
2955 2799 3156 2921 l’Enn
3214 2799 3380 2921 emi,
3427 2799 3557 2921 que
3616 2799 3804 2921 pour
3851 2799 4205 2921 attendre
4252 2799 4300 2921 ſa
4382 2799 4689 2921 charge;
4771 2799 4830 2921 de
4901 2799 4960 2921 ce

2820 2922 2990 3043 faire
3046 2922 3092 3043 en
3171 2922 3443 3043 toutes
3523 2922 3920 3043 occaſions
3977 2922 4158 3043 avec
4215 2922 4271 3043 le
4339 2922 4566 3043 ſuſdit
4634 2922 4963 3043 panche-

2850 3046 3035 3170 ment
3109 3046 3158 3170 du
3244 3046 3466 3170 corps
3503 3046 3614 3170 ſur
3651 3046 3688 3170 la
3750 3046 3996 3170 jambe
4070 3046 4341 3170 droite,
4378 3046 4428 3170 le
4489 3046 4810 3170 genouil
4871 3046 4970 3170 d’i-

2832 3171 3000 3295 celle
3060 3171 3228 3295 plié,
3276 3171 3468 3295 pour
3529 3171 3925 3295 demeurer
3985 3171 4141 3295 tant
4189 3171 4346 3295 plus
4418 3171 4586 3295 hors
4670 3171 4730 3295 de
4802 3171 4958 3295 pre-

2818 3295 3062 3416 ſence;
3097 3295 3213 3416 afin
3294 3295 3422 3416 que
3480 3295 3562 3416 s’il
3620 3295 3922 3416 vouluſt
3969 3295 4341 3416 travailler
4387 3295 4492 3416 ſur
4550 3295 4736 3416 vous
4783 3295 4957 3416 avec

2822 3419 3254 3542 l’avantage
3316 3419 3378 3542 de
3427 3419 3464 3542 la
3513 3419 4044 3542 ſuperiorité,
4130 3419 4242 3542 qui
4316 3419 4402 3542 eſt
4464 3419 4649 3542 pour
4698 3419 4748 3542 le
4797 3419 4957 3542 pre-

2824 3543 2974 3669 ſent
3049 3543 3111 3669 de
3161 3543 3261 3669 ſon
3336 3543 3573 3669 coſté,
3635 3543 3673 3669 il
3735 3543 3885 3669 euſt
3947 3543 4184 3669 beſoin
4272 3543 4409 3669 d’un
4496 3543 4659 3669 plus
4734 3543 4958 3669 grand

2827 3667 3077 3785 temps
3121 3667 3317 3785 pour
3371 3667 3557 3785 vous
3600 3667 4025 3785 atteindre;
4134 3667 4145 3785 &
4199 3667 4385 3785 vous
4428 3667 4483 3785 au
4570 3667 4951 3785 contraire

2818 3790 2983 3913 plus
3053 3790 3112 3913 de
3183 3790 3665 3913 commodité
3712 3790 3911 3913 pour
3947 3790 4123 3913 faire
4170 3790 4217 3913 la
4288 3790 4640 3913 defence.

2985 3916 3164 4032 Tout
3223 3916 3283 4032 ce
3354 3916 3939 4032 qu’Alexandre
3998 3916 3998 4032 a
4058 3916 4177 4032 fait
4225 3916 4546 4032 juſques
4594 3916 4761 4032 icy,
4821 3916 4833 4032 a
4916 3916 4964 4032 e-

2813 4034 2909 4153 ſté
2993 4034 3270 4153 declaré
3331 4034 3511 4153 aſſez
3583 4034 4342 4153 particulierement
4438 4034 4475 4153 en
4559 4034 4607 4153 la
4703 4034 4968 4153 deſcri-

2814 4159 3014 4285 ption
3101 4159 3151 4285 du
3251 4159 3563 4285 Tableau
3625 4159 3750 4285 I.
3825 4159 3875 4285 En
3949 4159 4162 4285 voicy
4249 4159 4424 4285 donc
4473 4159 4473 4285 à
4548 4159 4723 4285 ceſte
4785 4159 4960 4285 heu-

2821 4287 2868 4401 re
2915 4287 2963 4401 la
3022 4287 3460 4401 pourſuite.

2970 4404 3207 4530 Ayant
3294 4404 3394 4530 mis
3432 4404 3482 4530 le
3544 4404 3706 4530 pied
3781 4404 4068 4530 gauche
4143 4404 4143 4530 à
4206 4404 4256 4530 la
4355 4404 4954 4530 Circonference

2814 4533 2862 4662 au
2945 4533 3157 4662 point
3264 4533 3311 4662 C,
3347 4533 3382 4662 il
3465 4533 3926 4662 commence
3985 4533 3997 4662 à
4068 4533 4458 4662 ſouſlever
4529 4533 4624 4662 ſur
4683 4533 4955 4662 iceluy

2811 4658 2918 4779 ſon
3001 4658 3262 4779 corps,
3322 4658 3369 4779 en
3464 4658 3785 4779 eſlevant
3892 4658 3904 4779 &
3952 4658 4344 4779 avançant
4391 4658 4439 4779 le
4498 4658 4665 4779 pied
4736 4658 4950 4779 droit,

2877 4777 2877 4908 &
2937 4777 3285 4908 hauſſant
3333 4777 3393 4908 au
3490 4777 3742 4908 meſme
3802 4777 4054 4908 temps
4102 4777 4151 4908 le
4223 4777 4379 4908 bras
4451 4777 4631 4908 avec
4679 4777 4956 4908 l’eſpee

2827 4906 2874 5027 en
2958 4906 3171 5027 angle
3255 4906 3528 5027 obtus;
3587 4906 4134 5027 l’accouplant
4193 4906 4383 5027 avec
4443 4906 4716 5027 l’eſpee
4787 4906 4954 5027 con-

2808 5029 3028 5125 traire
3098 5029 3144 5125 en
3237 5029 3515 5125 dehors
3585 5029 3631 5125 du
3713 5029 3875 5125 bras
3980 5029 4293 5125 Nombre
4363 5029 4397 5125 6.
4444 5029 4502 5125 au
4641 5029 4954 5125 Nombre

2821 5152 2894 5276 5:
2944 5152 3115 5276 ainſi
3177 5152 3336 5276 qu’il
3398 5152 3483 5276 eſt
3545 5152 3986 5276 demonſtré
4023 5152 4036 5276 à
4085 5152 4121 5276 ſa
4195 5152 4772 5276 pourtraiture.
4833 5152 4956 5276 Se-

2810 5276 3007 5401 ſtant
3056 5276 3166 5401 par
3215 5276 3387 5401 ainſi
3437 5276 3793 5401 appreſté
3842 5276 3842 5401 à
3928 5276 4248 5401 marcher
4321 5276 4370 5401 du
4469 5276 4641 5401 pied
4715 5276 4960 5401 droit,

2826 5400 2937 5523 qui
2999 5400 3085 5523 eſt
3134 5400 3134 5523 à
3196 5400 3493 5523 preſent
3567 5400 3604 5523 en
3678 5400 3838 5523 l’air,
3888 5400 3888 5523 à
3974 5400 4122 5523 main
4209 5400 4481 5523 droite,
4530 5400 4579 5523 en
4641 5400 4950 5523 aſſujet-

2814 5523 3068 5646 tiſſant
3129 5523 3395 5646 l’eſpee
3480 5523 3867 5646 contraire
3928 5523 3928 5646 à
4000 5523 4037 5646 la
4134 5523 4485 5646 Seconde
4557 5523 4957 5646 Inſtance;

2827 5649 3135 5778 comme
3182 5649 3206 5778 il
3253 5649 3395 5778 ſera
3478 5649 3798 5778 monſtré
3858 5649 3917 5778 cy
3988 5649 4201 5778 apres
4260 5649 4308 5778 en
4391 5649 4770 5778 pluſieurs
4841 5649 4960 5778 en-

2839 5781 3118 5867 droits.

2979 5896 3441 6024 Cependant
3526 5896 3842 6024 Leeur
3902 5896 4133 6024 ſoyez
4194 5896 4498 6024 adverti
4559 5896 4960 6024 touchant

2817 6020 2867 6148 le
2929 6020 3313 6148 pourtrait
3375 6020 3437 6148 de
3511 6020 3685 6148 ceſte
3747 6020 3982 6148 figure
4057 6020 4614 6148 d’Alexandre,
4689 6020 4949 6148 qu’elle

2818 6144 3232 6270 n’accorde
3291 6144 3409 6270 pas
3480 6144 3528 6270 du
3599 6144 3764 6270 tout
3812 6144 3812 6270 à
3871 6144 4107 6270 noſtre
4178 6144 4687 6270 deſcription:
4758 6144 4853 6270 car
4900 6144 4947 6270 le

2819 6268 2993 6397 pied
3055 6268 3377 6397 gauche,
3427 6268 3538 6397 qui
3600 6268 3848 6397 devoit
3910 6268 4245 6397 toucher
4282 6268 4952 6397 laCirconferen-

2831 6393 2928 6521 ce,
2977 6393 3049 6521 ne
3122 6393 3316 6521 vient
3401 6393 3837 6521 qu’environ
3922 6393 3982 6521 le
4055 6393 4273 6521 milieu
4370 6393 4430 6521 du
4576 6393 4951 6521 Quadran-

2833 6520 2967 6649 gle;
3016 6520 3077 6649 ce
3150 6520 3248 6649 qui
3309 6520 3309 6649 a
3382 6520 3504 6649 eſté
3553 6520 3675 6649 fait
3724 6520 3894 6649 tout
3955 6520 4260 6649 expres,
4309 6520 4431 6649 afin
4529 6520 4688 6649 qu’il
4736 6520 4956 6649 n’em-

2830 6643 3173 6772 peſchaſt
3211 6643 3249 6772 la
3326 6643 3504 6772 veüe
3580 6643 3631 6772 de
3682 6643 3720 6772 la
3783 6643 4063 6772 figure,
4127 6643 4241 6772 qui
4305 6643 4356 6772 ſe
4407 6643 4610 6772 tient
4686 6643 4966 6772 derrie-

2813 6772 2911 6894 re,
2960 6772 3070 6894 ſur
3107 6772 3156 6894 le
3217 6772 3352 6894 plan
3438 6772 3916 6894 quatrieme.

4815 6897 4969 6982 Cer-

544 290 1017 431 l’avantage,
1055 290 1208 431 lors
1272 290 1425 431 qu’il
1476 290 1527 431 en
1591 290 1744 431 uſe;
1782 290 1821 431 il
1859 290 2012 431 faut
2076 290 2242 431 qu’il
2293 290 2510 431 porte
2561 290 2650 431 ſon

566 430 764 552 eſpee
846 430 904 552 de
997 430 1254 552 meſme
1335 430 1382 552 en
1463 430 1685 552 angle
1766 430 1988 552 obtus
2058 430 2571 552 alencontre,
2676 430 2676 552 &

553 555 1165 680 principalemẽt
1215 555 1303 680 s’il
1353 555 1678 680 pretend
1753 555 1815 680 de
1853 555 1978 680 luy
2040 555 2328 680 donner
2378 555 2691 680 l’aſſaut.

580 684 688 807 Car
736 684 832 807 s’il
892 684 892 807 y
964 684 1132 807 veut
1180 684 1348 807 aller
1396 684 1889 807 autrement,
1949 684 2249 807 comme
2297 684 2465 807 poſé
2525 684 2681 807 qu’il

537 807 597 927 le
669 807 933 927 veuille
981 807 1354 927 attaquer
1414 807 1582 927 avec
1630 807 1666 927 la
1750 807 1978 927 droite
2039 807 2279 927 ligne,
2327 807 2675 927 l’Adver-

544 931 709 1051 ſaire
791 931 1061 1051 pourra
1132 931 1367 1051 laiſſer
1449 931 1872 1051 deſcendre
1931 931 1990 1051 au
2108 931 2354 1051 meſme
2425 931 2672 1051 temps

540 1059 812 1183 l’eſpee
912 1059 974 1183 de
1048 1059 1234 1183 haut
1284 1059 1296 1183 à
1383 1059 1569 1183 bas,
1668 1059 1941 1183 d’angle
2015 1059 2251 1183 obtus
2325 1059 2375 1183 en
2462 1059 2673 1183 angle

560 1182 764 1302 droit,
848 1182 848 1302 &
896 1182 1016 1302 par
1052 1182 1232 1302 ainſi
1280 1182 1747 1302 rencontrer
1783 1182 2203 1302 l’eſtocade
2263 1182 2335 1302 de
2371 1182 2419 1302 la
2467 1182 2670 1302 ligne

556 1309 788 1428 droite
837 1309 1276 1428 inferieure
1361 1309 1569 1428 d’une
1630 1309 2057 1428 ſemblable
2118 1309 2313 1428 ligne
2386 1309 2679 1428 droite,

559 1437 712 1554 mais
759 1437 1252 1554 ſuperieure,
1346 1437 1358 1554 &
1404 1437 1522 1554 par
1581 1437 2073 1554 conſequent
2120 1437 2285 1554 plus
2343 1437 2684 1554 naturel-

532 1561 629 1677 le,
739 1561 751 1677 &
799 1561 969 1677 plus
1018 1561 1443 1677 puiſſante.
1576 1561 1673 1677 Car
1734 1561 1831 1677 les
1928 1561 2487 1677 mouvements
2572 1561 2669 1677 qui

545 1686 908 1784 viennent
974 1686 1039 1784 de
1094 1686 1314 1784 haut,
1380 1686 1490 1784 ont
1545 1686 1588 1784 la
1654 1686 1918 1784 nature
1984 1686 2028 1784 en
2105 1686 2291 1784 aide;
2335 1686 2522 1784 nous
2566 1686 2665 1784 les

540 1812 957 1925 appellons
1003 1812 1385 1925 naturels.
1501 1812 1605 1925 Les
1663 1812 1917 1925 autres
1964 1812 2126 1925 ſont
2183 1812 2554 1925 violents,
2658 1812 2670 1925 &

542 1935 655 2054 par
717 1935 1216 2054 conſequent
1265 1935 1428 2054 auſſi
1477 1935 1640 2054 plus
1677 1935 2001 2054 foibles,
2051 1935 2163 2054 qui
2213 1935 2413 2054 plus,
2500 1935 2512 2054 &
2575 1935 2674 2054 qui

570 2060 828 2177 moins.
922 2060 1039 2177 Celà
1097 2060 1144 2177 ſe
1203 2060 1343 2177 voit
1425 2060 2046 2177 manifeſtement
2105 2060 2222 2177 par
2280 2060 2667 2177 exemple,

553 2184 794 2299 quand
840 2184 978 2299 une
1036 2184 1278 2299 pierre
1335 2184 1427 2299 eſt
1462 2184 1703 2299 jettée
1761 2184 1830 2299 de
1876 2184 2060 2299 haut
2129 2184 2175 2299 en
2244 2184 2394 2299 bas,
2474 2184 2486 2299 &
2532 2184 2670 2299 une

526 2310 738 2424 autre
794 2310 1040 2424 jettée
1129 2310 1196 2424 de
1252 2310 1296 2424 la
1397 2310 1542 2424 main
1642 2310 1854 2424 d’une
1921 2310 2300 2424 perſonne
2367 2310 2669 2424 contre-

551 2433 767 2552 mont.
824 2433 1029 2552 L’une
1074 2433 1256 2552 perd
1301 2433 1301 2552 à
1358 2433 1574 2552 touts
1654 2433 2029 2552 moments
2097 2433 2165 2552 de
2211 2433 2256 2552 ſa
2313 2433 2676 2552 vigueur,

540 2553 601 2675 de
650 2553 821 2675 plus
882 2553 931 2675 en
1004 2553 1175 2675 plus
1212 2553 1493 2675 juſqu’à
1554 2553 1701 2675 tant
1774 2553 2031 2675 qu’elle
2079 2553 2446 2675 retombe
2519 2553 2666 2675 d’el-

512 2678 570 2802 le
651 2678 905 2802 meſme
951 2678 963 2802 à
1021 2678 1240 2802 terre,
1310 2678 1610 2802 comme
1656 2678 1864 2802 laſſée
1934 2678 1991 2802 du
2061 2678 2373 2802 travail,
2477 2678 2488 2802 &
2546 2678 2673 2802 op-

525 2805 804 2926 primée
889 2805 937 2926 de
998 2805 1034 2926 ſa
1095 2805 1373 2926 propre
1434 2805 1737 2926 charge.
1810 2805 2088 2926 L’autre
2161 2805 2270 2926 qui
2318 2805 2512 2926 vient
2597 2805 2658 2926 de

524 2926 747 3046 haut,
803 2926 1239 3046 augmente
1317 2926 2044 3046 continuellement
2111 2926 2156 3046 ſa
2223 2926 2469 3046 force.
2581 2926 2659 3046 S’il

517 3050 872 3169 advient,
939 3050 1072 3169 que
1127 3050 1238 3169 ces
1327 3050 1504 3169 deux
1560 3050 1848 3169 pierres
1892 3050 1948 3169 ſe
2014 3050 2547 3169 rencontrent
2658 3050 2658 3169 &

528 3173 936 3289 choquent
1015 3173 1060 3289 en
1151 3173 1287 3289 l’air
1355 3173 1547 3289 l’une
1638 3173 1898 3289 contre
1955 3173 2272 3289 l’autre,
2351 3173 2521 3289 tout
2600 3173 2657 3289 le

550 3297 813 3414 monde
881 3297 1052 3414 ſait,
1132 3297 1258 3414 que
1338 3297 1521 3414 celle
1589 3297 1955 3414 d’enhaut
2023 3297 2423 3414 enforcera
2492 3297 2663 3414 l’au-

522 3420 653 3539 tre,
737 3420 749 3539 &
820 3420 939 3539 que
999 3420 1047 3539 le
1142 3420 1428 3539 Violent
1476 3420 1559 3539 ne
1607 3420 1881 3539 pourra
1941 3420 2227 3539 reſiſter
2286 3420 2346 3539 au
2477 3420 2680 3539 Natu-

526 3545 634 3665 rel,
670 3545 802 3665 non
863 3545 1055 3665 plus,
1103 3545 1236 3665 que
1272 3545 1332 3665 le
1380 3545 1621 3665 foible
1669 3545 1729 3665 au
1801 3545 1970 3665 fort,
2006 3545 2090 3665 ne
2150 3545 2355 3665 celuy
2427 3545 2535 3665 qui
2583 3545 2679 3665 ſe-

524 3667 655 3788 roit
725 3667 1045 3788 perclus
1139 3667 1199 3788 de
1258 3667 1364 3788 ſes
1471 3667 1849 3788 membres
1908 3667 1908 3788 à
1991 3667 2050 3788 un
2145 3667 2263 3788 qui
2334 3667 2476 3788 fuſt
2558 3667 2665 3788 diſ-

529 3796 717 3917 poſt,
785 3796 1121 3917 gaillard,
1228 3796 1228 3917 &
1282 3796 1578 3917 habile.

685 3909 754 4026 De
834 3909 1085 4026 meſme
1154 3909 1200 4026 en
1280 3909 1371 4026 eſt
1405 3909 1440 4026 il
1508 3909 1554 4026 en
1622 3909 1668 4026 la
1771 3909 2114 4026 Pratique
2205 3909 2308 4026 des
2377 3909 2662 4026 armes.

533 4036 594 4157 Le
642 4036 787 4157 fort
848 4036 848 4157 a
908 4036 1344 4157 l’avantage
1404 4036 1513 4157 par
1586 4036 1828 4157 deſſus
1876 4036 1924 4157 le
1997 4036 2287 4157 foible,
2348 4036 2396 4157 le
2445 4036 2662 4157 natu-

520 4158 603 4279 rel
674 4158 887 4279 vainc
946 4158 994 4279 le
1065 4158 1409 4279 violent:
1444 4158 1503 4279 le
1551 4158 1966 4279 ſuperieur
2072 4158 2084 4279 &
2143 4158 2665 4279 deſcendant,

522 4283 840 4388 domine
899 4283 1381 4388 l’inferieur,
1511 4283 1523 4388 &
1581 4283 2064 4388 aſcendant.
2217 4283 2664 4388 Concluons

536 4406 753 4539 donc,
813 4406 1066 4539 quand
1139 4406 1295 4539 c’eſt
1355 4406 1488 4539 que
1536 4406 1934 4539 l’Ennemi
1994 4406 2187 4539 tient
2247 4406 2356 4539 ſon
2440 4406 2657 4539 eſpee

526 4528 575 4667 en
649 4528 857 4667 agle
931 4528 1188 4667 obtus,
1237 4528 1372 4667 ſoit
1446 4528 1593 4667 qu’il
1654 4528 1985 4667 s’arreſte
2059 4528 2108 4667 en
2194 4528 2231 4667 la
2304 4528 2647 4667 poſture,

520 4653 578 4788 ou
671 4653 822 4788 qu’il
904 4653 1194 4788 marche
1240 4653 1438 4788 pour
1484 4653 1693 4788 tirer,
1751 4653 1902 4788 qu’il
1961 4653 2042 4788 eſt
2088 4653 2495 4788 touſiours
2541 4653 2658 4788 ne-

526 4777 831 4897 ceſſaire
913 4777 984 4897 de
1054 4777 1242 4897 nous
1312 4777 1535 4897 ſervir
1629 4777 1676 4897 du
1805 4777 2064 4897 meſme
2134 4777 2345 4897 angle
2427 4777 2650 4897 obtus

511 4904 1022 5033 alencontre,
1078 4904 1189 5033 afin
1278 4904 1411 5033 que
1455 4904 1555 5033 ſes
1644 4904 2200 5033 mouvements
2244 4904 2322 5033 ne
2378 4904 2655 5033 ſoyent

516 5041 970 5166 ſuperieurs
1027 5041 1163 5166 aux
1209 5041 1549 5166 noſtres.

1241 5175 1555 5341 Cercle
1802 5175 2026 5341 N.3.

564 5387 855 5514 Alexandre
900 5387 1058 5514 eſtant
1114 5387 1215 5514 venu
1282 5387 1282 5514 à
1338 5387 1552 5514 planter
1596 5387 1619 5514 le
1664 5387 1776 5514 pied
1832 5387 2023 5514 gauche
2090 5387 2090 5514 à
2158 5387 2191 5514 la
2270 5387 2663 5514 Circonference

645 5512 692 5643 au
738 5512 901 5643 poinct
959 5512 994 5643 C,
1087 5512 1087 5643 &
1133 5512 1540 5643 enſemblement
1598 5512 1598 5643 à
1668 5512 1842 5643 mettre
1888 5512 2063 5643 l’eſpee
2109 5512 2144 5643 en
2202 5512 2341 5643 angle
2411 5512 2516 5643 aigu
2585 5512 2678 5643 deſ-

644 5634 740 5767 ſous
776 5634 969 5767 l’eſpee
1017 5634 1318 5767 contraire,
1366 5634 1571 5767 ſuivant
1619 5634 1655 5767 la
1739 5634 2173 5767 Repreſentation
2245 5634 2281 5767 du
2341 5634 2486 5767 Tabl.
2534 5634 2666 5767 III.

672 5760 826 5891 Cercle
921 5760 956 5891 N.
1004 5760 1039 5891 3.
1075 5760 1110 5891 il
1158 5760 1395 5891 pourſuit
1442 5760 1502 5891 icy
1537 5760 1573 5891 le
1609 5760 1727 5891 reſte
1786 5760 1822 5891 de
1869 5760 1976 5891 ceſte
2024 5760 2225 5891 ſeconde
2273 5760 2569 5891 approche,
2617 5760 2652 5891 en

649 5887 833 6010 venant
879 5887 959 6010 ſur
993 5887 1028 6010 la
1085 5887 1337 6010 Premiere
1383 5887 1635 6010 Inſtance,
1715 5887 1715 6010 &
1761 5887 2071 6010 accouplant
2139 5887 2369 6010 derechef
2403 5887 2472 6010 les
2506 5887 2678 6010 eſpees

639 6024 681 6144 en
734 6024 883 6144 angle
926 6024 1064 6144 obtus
1106 6024 1138 6144 en
1202 6024 1372 6144 dehors
1436 6024 1468 6144 du
1532 6024 1659 6144 bras.

1039 6156 1052 6283 N
1169 6156 1221 6283 ce
1325 6156 1572 6283 Cercle
1702 6156 1741 6283 N.
1793 6156 1832 6283 3.
1897 6156 1936 6283 la
2001 6156 2314 6283 poſture
2392 6156 2444 6283 de
2561 6156 2678 6283 ZA-

993 6284 1240 6396 charie
1311 6284 1393 6396 ne
1475 6284 1734 6396 differe
1816 6284 1863 6396 en
1946 6284 2075 6396 rien
2181 6284 2240 6396 de
2299 6284 2346 6396 la
2404 6284 2675 6396 prece-

995 6405 1275 6532 dente:
1384 6405 1530 6532 mais
1603 6405 1749 6532 bien
1834 6405 2296 6532 l’approche
2393 6405 2673 6532 d’ALE-

995 6530 1328 6660 xandre,
1415 6530 1712 6660 comme
1786 6530 1823 6660 il
1885 6530 2354 6660 apparoiſtra
2428 6530 2540 6660 par
2614 6530 2651 6660 la

539 6678 1002 6798 deſcription
1063 6678 1454 6798 ſuivante.

665 6781 713 6919 Ie
786 6781 835 6919 di
896 6781 1115 6919 donc,
1176 6781 1918 6919 qu’ALEXANDRE
1991 6781 2003 6919 a
2089 6781 2369 6919 marché
2442 6781 2661 6919 trois,
