5442 7366
892 3629 1495 3721 DISCOVRS
1634 3629 1835 3721 SVR
1959 3629 2934 3721 L’EXCELLENCE
3073 3629 3181 3721 DE
3305 3629 3413 3721 LA
3568 3629 4048 3721 DROITE
4171 3629 4604 3721 LIGNE.

1441 3834 1639 4053 Eſte
1738 3834 2153 4053 poſture
2272 3834 2351 4053 de
2410 3834 2470 4053 la
2648 3834 2964 4053 Droite
3023 3834 3379 4053 ligne,
3498 3834 3656 4053 que
3736 3834 4012 4053 nous
4111 3834 4527 4053 venons
4645 3834 4725 4053 de
4823 3834 4942 4053 de-

1377 4041 1632 4189 ſcrire,
1674 4041 1773 4189 eſt
1815 4041 1858 4189 la
1914 4041 2084 4189 plus
2126 4041 2395 4189 noble,
2508 4041 2508 4189 &
2550 4041 2593 4189 la
2664 4041 2819 4189 plus
2876 4041 3257 4189 parfaite,
3328 4041 3384 4189 de
3455 4041 3766 4189 toutes:
3809 4041 3823 4189 à
3879 4041 4105 4189 raiſon
4218 4041 4544 4189 dequoy
4671 4041 4939 4189 Zacha-

1368 4184 1458 4325 rie
1509 4184 1624 4325 s’en
1701 4184 1956 4325 ſervira
2033 4184 2685 4325 ordinairement
2749 4184 2800 4325 en
2889 4184 2941 4325 ce
2992 4184 3171 4325 livre
3235 4184 3426 4325 pour
3503 4184 3861 4325 defenſe,
3925 4184 3976 4325 en
4065 4184 4436 4325 donnant
4487 4184 4487 4325 à
4602 4184 4922 4325 Alexan-

1386 4321 1534 4466 dre,
1602 4321 1710 4466 qui
1764 4321 1858 4466 eſt
1899 4321 1939 4466 ſa
2007 4321 2250 4466 partie
2304 4321 2668 4466 adverſe,
2722 4321 2857 4466 une
2911 4321 3235 4466 infinité
3330 4321 3384 4466 de
3465 4321 3924 4466 differentes
3991 4321 4450 4466 occaſions,
4545 4321 4734 4466 dont
4801 4321 4923 4466 elle

1386 4463 1466 4606 eſt
1519 4463 1679 4606 plus
1746 4463 2119 4606 capable,
2213 4463 2226 4606 &
2293 4463 3053 4606 conſequemment
3120 4463 3306 4606 auſsi
3360 4463 3520 4606 plus
3586 4463 3773 4606 utile
3840 4463 3973 4606 aux
4027 4463 4627 4606 inſtruions,
4733 4463 4747 4606 &
4787 4463 4934 4606 aux

1393 4601 1771 4750 exercices
1852 4601 1946 4750 des
2027 4601 2500 4750 Eſcholiers,
2568 4601 2703 4750 que
2757 4601 2959 4750 nulle
3027 4601 3284 4750 autre.
3419 4601 3594 4750 Vous
3648 4601 4094 4750 aſſeurant,
4175 4601 4310 4750 que
4378 4601 4594 4750 celuy
4688 4601 4796 4750 qui
4864 4601 4918 4750 ſe

500 4741 760 4892 ſçaura
825 4741 968 4892 bien
1072 4741 1501 4892 gouverner
1553 4741 2034 4892 alencontre
2125 4741 2437 4892 d’icelle,
2528 4741 3061 4892 comprendra
3139 4741 3335 4892 auſsi
3400 4741 3556 4892 bien
3647 4741 3790 4892 toſt
3855 4741 3946 4892 les
4050 4741 4362 4892 moyens
4453 4741 4518 4892 de
4609 4741 4921 4892 domter

498 4881 588 5026 les
639 4881 947 5026 autres;
1011 4881 1435 5026 deſquelles
1499 4881 1563 5026 on
1653 4881 1807 5026 voit
1871 4881 2000 5026 que
2064 4881 2449 5026 pluſieurs
2513 4881 2834 5026 nations
2899 4881 2950 5026 en
3040 4881 3271 5026 uſent
3335 4881 3386 5026 en
3476 4881 3643 5026 tant
3733 4881 3797 5026 de
3887 4881 4195 5026 diverſes
4298 4881 4722 5026 manieres,
4786 4881 4914 5026 ſoit

523 5021 738 5171 qu’ils
781 5021 838 5171 ſe
881 5021 1196 5171 ſervent
1268 5021 1325 5171 de
1368 5021 1641 5171 l’eſpee
1698 5021 1927 5171 ſeule,
1985 5021 2056 5171 ou
2142 5021 2343 5171 qu’ils
2372 5021 2788 5171 l’aſsiſtent
2845 5021 3031 5171 auſsi
3103 5021 3160 5171 de
3203 5021 3246 5171 la
3347 5021 3504 5171 main
3590 5021 3920 5171 gauche.
4020 5021 4465 5171 Deſquelles
4522 5021 4924 5171 poſtures,

558 5157 572 5305 &
637 5157 689 5305 de
742 5157 938 5305 leurs
1004 5157 1462 5305 contraires,
1515 5157 1711 5305 nous
1764 5157 1999 5305 avons
2039 5157 2288 5305 inſeré
2340 5157 2445 5305 ſur
2497 5157 2537 5305 la
2602 5157 2668 5305 fin
2772 5157 2825 5305 du
2903 5157 3244 5305 premier
3283 5157 3454 5305 livre
3519 5157 3689 5305 telle
3755 5157 4148 5305 quantité,
4213 5157 4331 5305 que
4397 5157 4567 5305 tout
4620 5157 4672 5305 le
4724 5157 4908 5305 reſte

503 5295 630 5442 s’en
731 5295 997 5442 pourra
1060 5295 1542 5442 facilement
1593 5295 2023 5442 rapporter
2074 5295 2201 5442 aux
2289 5295 2606 5442 meſmes
2644 5295 2948 5442 leçons.

691 5436 1118 5588 Touchant
1159 5436 1435 5588 l’uſage
1517 5436 1614 5588 des
1669 5436 2069 5588 poſtures,
2110 5436 2482 5588 j’eſtime,
2523 5436 2620 5588 s’il
2675 5436 2758 5588 eſt
2827 5436 3171 5588 queſtion
3267 5436 3323 5588 de
3378 5436 3543 5588 tirer
3612 5436 3722 5588 des
3777 5436 4025 5588 armes
4080 5436 4204 5588 par
4260 5436 4742 5588 courtoiſie,
4811 5436 4907 5588 ce-

505 5574 629 5725 luy
697 5574 807 5725 qui
862 5574 1122 5725 ſçaura
1177 5574 1328 5725 bien
1410 5574 1808 5725 preſenter
1863 5574 1904 5725 la
1973 5574 2206 5725 droite
2261 5574 2508 5725 ligne,
2562 5574 2700 5725 n’en
2768 5574 2974 5725 avoir
3029 5574 3276 5725 beſoin
3372 5574 3427 5725 de
3495 5574 3687 5725 nulle
3742 5574 3989 5725 autre,
4030 5574 4236 5725 pour
4277 5574 4318 5725 ſa
4400 5574 4743 5725 defenſe,
4784 5574 4826 5725 ſi
4867 5574 4908 5725 la

541 5714 831 5866 defenſe
914 5714 1217 5866 depend
1286 5714 1397 5866 des
1452 5714 1852 5866 poſtures;
1908 5714 2101 5866 voire
2170 5714 2418 5866 qu’elle
2474 5714 2612 5866 ſera
2667 5714 3039 5866 baſtante
3095 5714 3095 5866 à
3164 5714 3412 5866 celuy,
3467 5714 3578 5866 qui
3633 5714 3688 5866 en
3757 5714 4019 5866 ſçaura
4116 5714 4641 5866 dextrement
4710 5714 4917 5866 uſer,

508 5849 696 6001 pour
749 5849 1152 6001 attendre,
1193 5849 1529 6001 rabatre,
1623 5849 1623 6001 &
1690 5849 1999 6001 domter
2052 5849 2267 6001 touts
2308 5849 2402 6001 les
2455 5849 2617 6001 plus
2657 5849 2885 6001 rudes
2939 5849 3248 6001 aſſauts,
3315 5849 3584 6001 meſme
3664 5849 3718 6001 du
3785 5849 3947 6001 plus
4014 5849 4188 6001 grad
4229 5849 4470 6001 tireur
4551 5849 4900 6001 d’armes,

554 5993 1042 6135 moyennant
1109 5993 1286 6135 qu’il
1326 5993 1408 6135 ne
1462 5993 1828 6135 pratique
1909 5993 2031 6135 que
2072 5993 2126 6135 le
2180 5993 2343 6135 vieil
2383 5993 2573 6135 ſtile.
2736 5993 2871 6135 Mais
2925 5993 3183 6135 quand
3237 5993 3264 6135 il
3305 5993 3535 6135 ſeroit
3603 5993 3955 6135 queſtion
4050 5993 4104 6135 de
4172 5993 4348 6135 tirer
4389 5993 4402 6135 à
4457 5993 4646 6135 bon,
4741 5993 4741 6135 &
4795 5993 4904 6135 ſur

515 6129 708 6294 tout,
777 6129 1025 6294 quand
1067 6129 1108 6294 il
1163 6129 1177 6294 y
1232 6129 1398 6294 iroit
1481 6129 1536 6294 de
1578 6129 1619 6294 la
1688 6129 1812 6294 vie,
1854 6129 1895 6294 il
1936 6129 1950 6294 n
2033 6129 2047 6294 y
2102 6129 2102 6294 a
2171 6129 2364 6294 nulle
2433 6129 2682 6294 garde,
2737 6129 2972 6294 haute
3027 6129 3110 6294 ne
3179 6129 3414 6294 baſſe,
3455 6129 3759 6294 longue
3814 6129 3897 6294 ne
3966 6129 4270 6294 courte,
4311 6129 4518 6294 nulle
4573 6129 4905 6294 poſture

544 6265 600 6427 de
656 6265 907 6427 corps,
949 6265 1158 6427 nulle
1214 6265 1452 6427 tenue
1521 6265 1829 6427 d’eſpee,
1926 6265 1926 6427 &
1982 6265 2136 6427 fuſt
2192 6265 2303 6427 elle
2373 6265 2722 6427 qualifiée
2806 6265 2862 6427 de
2918 6265 3141 6427 touts
3183 6265 3267 6427 les
3322 6265 3755 6427 avantages
3797 6265 4216 6427 poſsibles,
4272 6265 4314 6427 en
4397 6265 4746 6427 laquelle
4830 6265 4886 6427 on

516 6403 570 6566 ſe
639 6403 844 6566 doive
898 6403 1212 6566 arreſter
1267 6403 1458 6566 pour
1513 6403 1923 6566 attendre.
1977 6403 2018 6566 Il
2087 6403 2169 6566 eſt
2223 6403 2415 6566 vray,
2483 6403 2619 6566 que
2674 6403 2729 6566 ce
2783 6403 2961 6566 livre
3016 6403 3098 6566 eſt
3166 6403 3712 6566 grandement
3767 6403 4067 6566 rempli
4136 6403 4245 6566 des
4300 6403 4668 6566 poſtures
4737 6403 4805 6566 de
4846 6403 4887 6566 la

545 6541 774 6702 droite
828 6541 1057 6702 ligne;
1138 6541 1300 6702 mais
1354 6541 1408 6702 ce
1462 6541 1637 6702 n’eſt
1718 6541 1840 6702 que
1894 6541 2082 6702 pour
2163 6541 2447 6702 donner
2500 6541 3040 6702 inſtruion.
3161 6541 3418 6702 Quand
3485 6541 3539 6702 ce
3606 6541 3917 6702 viendra
3970 6541 3970 6702 à
4024 6541 4092 6702 l’a
4186 6541 4577 6702 Pratique,
4604 6541 4658 6702 je
4712 6541 4915 6702 veux

542 6684 662 6830 que
715 6684 980 6830 noſtre
1060 6684 1444 6830 Eſcholier
1497 6684 2001 6830 abandonne
2055 6684 2227 6830 tout
2293 6684 2479 6830 celà;
2585 6684 2585 6830 &
2651 6684 2811 6830 qu’il
2864 6684 3169 6830 tienne,
3235 6684 3474 6830 quant
3514 6684 3527 6830 à
3580 6684 3752 6830 luy,
3792 6684 3832 6830 la
3938 6684 4203 6830 meſme
4270 6684 4787 6830 contenance
4893 6684 4907 6830 &

519 6814 601 6965 les
698 6814 917 6965 mines
986 6814 1041 6965 de
1109 6814 1288 6965 ceux
1356 6814 1466 6965 qui
1507 6814 1562 6965 ſe
1631 6814 2001 6965 donnent
2042 6814 2344 6965 l’aſſaut
2399 6814 2399 6965 à
2468 6814 2605 6965 bon
2701 6814 3044 6965 eſcient,
3085 6814 3222 6965 ſoit
3305 6814 3428 6965 que
3497 6814 3936 6965 l’Ennemi
3991 6814 4046 6965 ſe
4114 6814 4389 6965 tienne
4457 6814 4746 6965 arreſté
4828 6814 4883 6965 en

4550 6996 4909 7114 poſture,

1233 409 1538 569 Cercle
1798 409 2059 569 N.4.

559 629 846 753 Alexandre
889 629 1048 753 ayant
1090 629 1430 753 recommencé
1473 629 1483 753 à
1547 629 1674 753 faire
1717 629 1802 753 une
1834 629 2046 753 ſeconde
2089 629 2556 753 approchecontre
2598 629 2630 753 la

655 753 805 879 draite
842 753 1017 879 ligne,
1105 753 1105 879 &
1155 753 1293 879 icelle
1343 753 1630 879 pourſuivie
1668 753 1868 879 juſqu’à
1918 753 2093 879 porter
2143 753 2319 879 l’eſpee
2369 753 2381 879 à
2444 753 2556 879 coſté
2606 753 2644 879 de

632 875 679 1003 ſa
714 875 868 1003 teſte,
916 875 1022 1003 avec
1070 875 1093 1003 le
1141 875 1259 1003 pied
1307 875 1413 1003 droit
1461 875 1614 1003 eſlevé
1650 875 1863 1003 (comme
1911 875 1946 1003 il
1970 875 2029 1003 eſt
2076 875 2372 1003 repreſenté
2432 875 2479 1003 au
2562 875 2645 1003 Ta-

636 999 769 1125 bleau
824 999 1101 1125 precedent
1156 999 1322 1125 Cercle
1410 999 1444 1125 N.
1510 999 1565 1125 4.)
1610 999 1643 1125 il
1676 999 1809 1125 entre
1853 999 1908 1125 icy
1953 999 1986 1125 en
2052 999 2229 1125 meſure
2285 999 2296 1125 à
2384 999 2628 1125 Premiere

639 1127 888 1247 Inſtance,
922 1127 968 1247 en
1013 1127 1263 1247 tournant
1376 1127 1387 1247 &
1455 1127 1716 1247 avançant
1784 1127 1954 1247 l’eſpee
2000 1127 2034 1247 en
2079 1127 2215 1247 ligne
2272 1127 2521 1247 parallele
2589 1127 2623 1247 au

650 1251 791 1366 deſſus
849 1251 873 1366 de
932 1251 1202 1366 l’autre.

985 1389 1009 1501 A
1079 1389 1370 1501 CHARIE
1417 1389 1475 1501 ſe
1534 1389 1802 1501 tenant
1860 1389 2234 1501 derechef
2292 1389 2339 1501 en
2409 1389 2444 1501 la
2502 1389 2631 1501 po-

963 1515 1158 1640 ſture
1231 1515 1292 1640 de
1341 1515 1378 1640 la
1451 1515 1683 1640 droite
1732 1515 1988 1640 ligne,
2086 1515 2623 1640 ALEXANDRE

952 1638 1007 1733 le
1062 1638 1260 1733 vient
1315 1638 1655 1733 aborder
1710 1638 1765 1733 en
1831 1638 1864 1733 la
1974 1638 2281 1733 maniere
2336 1638 2633 1733 ſuivan-

957 1756 1065 1884 te:
1125 1756 1281 1884 c’eſt
1329 1756 1677 1884 aſſavoir,
1750 1756 1942 1884 qu’en
2026 1756 2254 1884 ayant
2326 1756 2639 1884 prealla-

508 1881 868 2009 blement
916 1881 1036 2009 fait
1096 1881 1300 2009 trois,
1348 1881 1408 2009 ou
1492 1881 1744 2009 quatre
1804 1881 1948 2009 pas,
2044 1881 2044 2009 &
2092 1881 2296 2009 porté
2345 1881 2621 2009 l’eſpee

514 2002 561 2133 en
642 2002 863 2133 avant
921 2002 967 2133 en
1048 2002 1257 2133 angle
1315 2002 1525 2133 aigu,
1606 2002 1873 2133 durant
1931 2002 1977 2133 la
2070 2002 2477 2133 demarche
2546 2002 2593 2133 du

504 2129 686 2254 pied
738 2129 1062 2254 gauche,
1101 2129 1217 2254 par
1256 2129 1593 2254 laquelle
1645 2129 1671 2254 il
1723 2129 1879 2254 s’eſt
1931 2129 2320 2254 approché
2371 2129 2410 2254 ſi
2462 2129 2618 2254 pres

525 2253 572 2379 du
688 2253 956 2379 Cercle,
1014 2253 1165 2379 qu’il
1212 2253 1549 2379 pouvoit
1596 2253 1875 2379 arriver
1945 2253 2352 2379 deſormais
2422 2253 2468 2379 en
2538 2253 2596 2379 un

511 2384 627 2500 pas
674 2384 685 2500 à
732 2384 778 2500 la
860 2384 1232 2500 Premiere
1279 2384 1697 2500 Inſtance;
1756 2384 2488 2500 conſequemment
2547 2384 2593 2500 en

512 2497 843 2623 eſlevant
950 2497 950 2623 &
1009 2497 1400 2623 avançant
1459 2497 1507 2623 le
1578 2497 1756 2623 pied
1839 2497 2064 2623 droit,
2135 2497 2170 2623 il
2230 2497 2241 2623 a
2313 2497 2621 2623 ramené

497 2625 763 2748 l’eſpee
824 2625 872 2748 en
933 2625 1151 2748 haut,
1187 2625 1199 2748 à
1260 2625 1453 2748 coſté
1526 2625 1586 2748 de
1635 2625 1671 2748 ſa
1744 2625 1962 2748 teſte,
1998 2625 2264 2748 tenant
2313 2625 2361 2748 le
2421 2625 2639 2748 pom-

522 2744 701 2871 meau
785 2744 1060 2871 d’icelle
1120 2744 1167 2871 au
1263 2744 1562 2871 devant,
1621 2744 1621 2871 à
1681 2744 1717 2871 la
1801 2744 2135 2871 hauteur
2207 2744 2267 2871 de
2315 2744 2637 2871 l’eſpau-

492 2869 575 2989 le,
682 2869 682 2989 &
742 2869 789 2989 la
873 2869 1134 2989 pointe
1206 2869 1253 2989 en
1360 2869 1681 2989 derriere
1765 2869 1824 2989 un
1919 2869 2038 2989 peu
2109 2869 2454 2989 hauſſée.
2561 2869 2621 2989 Le

499 2988 667 3113 tout
715 2988 1015 3113 ſuivant
1063 2988 1099 3113 la
1171 2988 1626 3113 declaration
1722 2988 1890 3113 plus
1950 2988 2466 3113 particuliere
2550 2988 2597 3113 du

528 3113 828 3208 Tableau
935 3113 1079 3208 III.
1235 3113 1474 3208 Diſons
1570 3113 2037 3208 maintenant
2121 3113 2528 3208 comment
2588 3113 2624 3208 il

501 3243 858 3361 pourſuit
908 3243 920 3361 à
969 3243 1463 3361 parachever
1512 3243 1562 3361 le
1611 3243 1944 3361 ſurplus.

635 3365 708 3477 Le
781 3365 952 3477 pied
1038 3365 1221 3477 droit
1282 3365 1306 3477 il
1367 3365 1416 3477 le
1526 3365 1648 3477 met
1721 3365 1770 3477 en
1843 3365 2038 3477 terre
2087 3365 2087 3477 à
2161 3365 2197 3477 la
2258 3365 2478 3477 lettre
2588 3365 2637 3477 C,

2801 378 3105 514 voltant
3150 378 3184 514 la
3251 378 3521 514 pointe
3611 378 3679 514 de
3724 378 3769 514 ſa
3836 378 4027 514 lame
4095 378 4140 514 en
4219 378 4545 514 arriere:
4624 378 4669 514 en
4747 378 4950 514 tour-

2793 498 2975 639 nant
3012 498 3061 639 le
3121 498 3449 639 poignet
3498 498 3680 639 avec
3741 498 4093 639 quelque
4142 498 4385 639 petite
4458 498 4822 639 deſcente
4883 498 4944 639 du

2797 618 2993 763 bras,
3017 618 3346 763 juſques
3383 618 3395 763 à
3444 618 3480 763 la
3541 618 3810 763 porter
3858 618 4334 763 finalement
4383 618 4493 763 par
4566 618 4810 763 deſſus
4846 618 4956 763 l’e-

2797 755 2959 889 ſpee
3033 755 3417 889 contraire
3479 755 3529 889 en
3591 755 3802 889 ligne
3864 755 4260 889 parallele.

2936 869 3102 1008 Voilà
3173 869 3363 1008 donc
3422 869 3612 1008 deux
3696 869 4064 1008 manieres
4135 869 4194 1008 de
4254 869 4432 1008 faire
4491 869 4598 1008 ſes
4669 869 4954 1008 appro-

2804 994 2972 1139 ches
3032 994 3296 1139 contre
3344 994 3380 1139 la
3464 994 3704 1139 droite
3752 994 4005 1139 ligne:
4041 994 4245 1139 l’une
4305 994 4425 1139 qui
4473 994 4569 1139 eſt
4629 994 4953 1139 demon-

2792 1119 2980 1262 ſtrée
3030 1119 3142 1262 ſur
3180 1119 3230 1262 le
3330 1119 3567 1262 Cercle
3642 1119 4017 1262 premier,
4117 1119 4130 1262 &
4180 1119 4442 1262 l’autre
4505 1119 4605 1262 ſur
4667 1119 4717 1262 le
4792 1119 4967 1262 qua-

2788 1245 3093 1387 trieme;
3154 1245 3325 1387 dont
3374 1245 3410 1387 la
3471 1245 3862 1387 premiere
3923 1245 4020 1387 eſt
4057 1245 4106 1387 la
4167 1245 4325 1387 plus
4374 1245 4618 1387 ſeure.
4715 1245 4813 1387 Car
4886 1245 4947 1387 de

2786 1367 3059 1512 porter
3106 1367 3142 1512 ſa
3201 1367 3474 1512 pointe
3545 1367 3877 1512 derriere
3924 1367 3972 1512 le
4043 1367 4221 1512 dos,
4292 1367 4351 1512 ou
4423 1367 4435 1512 à
4529 1367 4778 1512 coſté,
4850 1367 4956 1512 ce-

2796 1495 3145 1637 pendant
3226 1495 3424 1637 qu’on
3529 1495 3726 1637 entre
3796 1495 3982 1637 avec
4040 1495 4098 1637 le
4156 1495 4331 1637 pied
4400 1495 4575 1637 droit
4656 1495 4703 1637 en
4819 1495 4947 1637 me-

2784 1626 2971 1750 ſure,
3021 1626 3258 1750 eſtant
3308 1626 3695 1750 l’Ennemi
3732 1626 3844 1750 ſur
3894 1626 3994 1750 ſes
4056 1626 4318 1750 gardes
4368 1626 4381 1750 à
4431 1626 4468 1750 la
4555 1626 4942 1750 Premiere

2792 1751 3199 1880 Inſtance,
3259 1751 3486 1880 qu’eſt
3546 1751 3641 1880 ce,
3689 1751 3880 1880 ſinon
3940 1751 4060 1880 luy
4144 1751 4431 1880 donner
4478 1751 4550 1880 un
4622 1751 4825 1880 franc
4897 1751 4957 1880 a-

2793 1868 3123 2010 vantage
3191 1868 3259 2010 de
3316 1868 3442 2010 haz
3487 1868 3703 2010 arder
3760 1868 3817 2010 au
3920 1868 4181 2010 meſme
4250 1868 4511 2010 temps
4557 1868 4705 2010 une
4762 1868 4955 2010 bon-

2783 1991 2867 2132 ne
2927 1991 3323 2132 eſtocade,
3359 1991 3371 2132 à
3431 1991 3599 2132 tirer
3647 1991 4295 2132 naturellement
4403 1991 4415 2132 &
4486 1991 4546 2132 de
4594 1991 4798 2132 pres,
4834 1991 4942 2132 ſur

2797 2116 3005 2257 celuy
3079 2116 3189 2257 qui
3238 2116 3287 2257 ſe
3372 2116 3495 2257 met
3556 2116 3605 2257 en
3691 2116 3862 2257 eſtat
3936 2116 3997 2257 de
4046 2116 4229 2257 faire
4291 2116 4340 2257 ſa
4413 2116 4719 2257 defenſe
4805 2116 4940 2257 vio-

2773 2239 3237 2385 lentement
3302 2239 3874 2385 contremont,
3928 2239 4101 2385 avec
4177 2239 4295 2385 des
4371 2239 4943 2385 mouvements

2787 2361 2944 2509 plus
3009 2361 3309 2509 grands,
3401 2361 3414 2509 &
3479 2361 3545 2509 de
3597 2361 3754 2509 plus
3793 2361 4041 2509 loing?
4133 2361 4302 2509 C’eſt
4355 2361 4420 2509 ce
4485 2361 4603 2509 qui
4681 2361 4760 2509 me
4812 2361 4943 2509 fait

2792 2485 2971 2633 dire,
3030 2485 3162 2633 que
3233 2485 3424 2633 ceſte
3495 2485 3841 2633 derniere
3900 2485 4294 2633 operation
4401 2485 4937 2633 d’Alexandre

2798 2609 2883 2758 eſt
2932 2609 3116 2758 aſſez
3213 2609 3592 2758 gratieuſe
3641 2609 3837 2758 pour
3886 2609 3934 2758 ſe
4020 2609 4289 2758 mettre
4338 2609 4387 2758 le
4448 2609 4790 2758 premier
4863 2609 4912 2758 en

2782 2734 3172 2884 poſture;
3267 2734 3420 2884 mais
3491 2734 3645 2884 trop
3740 2734 4225 2884 dangereuſe
4284 2734 4473 2884 pour
4533 2734 4793 2884 entrer
4864 2734 4911 2884 en

2818 2862 3139 3004 meſure:
3246 2862 3246 3004 &
3318 2862 3449 3004 que
3496 2862 3544 3004 la
3603 2862 3996 3004 premiere
4068 2862 4211 3004 c’eſt
4258 2862 4306 3004 la
4389 2862 4782 3004 meilleure
4865 2862 4913 3004 en

2786 2997 3001 3102 toute
3052 2997 3246 3102 ſortc
3317 2997 3972 3102 d’occurrences.
