5442 7366
563 300 918 450 poſture,
972 300 1109 450 ſoit
1177 300 1340 450 qu’il
1395 300 1790 450 s’avance,
1858 300 1913 450 ou
2008 300 2158 450 qu’il
2213 300 2581 450 travaille.
2676 300 2717 450 Il
2772 300 3249 450 continuera
3303 300 3712 450 touſiours
3753 300 3753 450 à
3835 300 4285 450 cheminer,
4339 300 4380 450 en
4462 300 4680 450 uſant
4748 300 4953 450 d’une

587 441 1015 592 demarche
1069 441 1390 592 franche
1510 441 1510 592 &
1563 441 1991 592 naturelle,
2045 441 2192 592 vers
2232 441 2353 592 l’un
2446 441 2500 592 ou
2567 441 2847 592 l’autre
2928 441 3035 592 des
3102 441 3275 592 deux
3356 441 3650 592 coſtez,
3703 441 3998 592 fuyant
4065 441 4172 592 ſur
4238 441 4412 592 tout
4479 441 4519 592 la
4586 441 4800 592 ligne
4880 441 4934 592 du

605 581 1030 732 Diametre,
1084 581 1153 732 où
1221 581 1263 732 le
1331 581 1550 732 corps
1619 581 1687 732 de
1728 581 2304 732 l’Ennemieſt
2400 581 2647 732 dreſſé,
2743 581 2743 732 &
2797 581 3071 732 tenant
3154 581 3976 732 perpetuellement,
4044 581 4209 732 tant
4291 581 4455 732 qu’il
4510 581 4647 732 ſera
4729 581 4962 732 poſsi-

547 723 710 877 ble,
751 723 846 877 les
914 723 1145 877 corps,
1199 723 1295 877 les
1363 723 1812 877 diametres,
1839 723 2274 877 inſtances,
2356 723 2369 877 &
2451 723 3008 877 mouvements
3063 723 3117 877 en
3213 723 3661 877 deſegalité.
3770 723 3879 877 Car
3933 723 4124 877 pour
4178 723 4328 877 bien
4410 723 4790 877 travailler
4845 723 4954 877 ſur

553 863 1133 1015 l’Adverſaire,
1161 863 1203 1015 il
1246 863 1401 1015 faut
1486 863 1542 1015 de
1585 863 2065 1015 l’avantage;
2164 863 2164 1015 &
2221 863 2419 1015 pour
2461 863 2673 1015 avoir
2744 863 2800 1015 de
2842 863 3281 1015 l’avantage
3337 863 3365 1015 il
3422 863 3577 1015 faut
3648 863 3704 1015 de
3747 863 3789 1015 la
3874 863 4312 1015 deſegalité;
4369 863 4609 1015 eſtant
4651 863 4948 1015 impoſ-

546 1005 727 1154 ſible
796 1005 1157 1154 quentre
1227 1005 1491 1154 choſes
1546 1005 1824 1154 egales,
1880 1005 2158 1154 entant
2227 1005 2644 1154 qu’egales,
2686 1005 2713 1154 il
2769 1005 2783 1154 y
2838 1005 2936 1154 ait
2991 1005 3297 1154 aucune
3366 1005 3922 1154 prerogative.
4019 1005 4061 1154 Si
4130 1005 4269 1154 toſt
4339 1005 4506 1154 qu’il
4561 1005 4867 1154 viendra
4950 1005 4950 1154 à

585 1139 894 1295 meſure,
934 1139 975 1295 il
1015 1139 1458 1295 s’aſſeurera
1539 1139 1592 1295 de
1646 1139 1915 1295 l’eſpee
1982 1139 2425 1295 contraire,
2479 1139 2533 1295 en
2613 1139 3110 1295 l’attaquant
3177 1139 3379 1295 pour
3433 1139 3930 1295 l’aſſujettir,
4024 1139 4077 1295 ou
4171 1139 4534 1295 obliger,
4615 1139 4669 1295 ou
4776 1139 4816 1295 en
4910 1139 4951 1295 la

567 1287 985 1431 couvrant,
1050 1287 1103 1431 ou
1194 1287 1246 1431 en
1325 1287 1560 1431 tirant
1612 1287 1665 1431 au
1730 1287 1926 1431 long
2004 1287 2279 1431 d’icelle
2344 1287 2449 1431 des
2514 1287 2919 1431 eſtocades
2997 1287 3050 1431 de
3102 1287 3494 1431 premiere
3546 1287 3991 1431 intention,
4030 1287 4121 1431 s’il
4187 1287 4239 1431 en
4304 1287 4317 1431 a
4369 1287 4409 1431 la
4487 1287 4944 1431 commodi-

540 1428 656 1574 té;
721 1428 1211 1574 continuant
1276 1428 1689 1574 touſiours
1728 1428 1766 1574 ſa
1857 1428 2283 1574 demarche
2334 1428 2489 1574 ſans
2541 1428 2748 1574 nulle
2799 1428 3419 1574 interruption:
3470 1428 3638 1574 vray
3716 1428 3806 1574 eſt
3896 1428 4064 1574 qu’il
4129 1428 4168 1574 ſe
4258 1428 4774 1574 comportera
4878 1428 4955 1574 di-

556 1565 1009 1712 verſement
1062 1565 1249 1712 ſelon
1316 1565 1356 1712 la
1449 1565 1796 1712 diverſité
1863 1565 1970 1712 des
2036 1565 2490 1712 occaſions;
2570 1565 2730 1712 mais
2770 1565 3050 1712 jamais
3090 1565 3170 1712 ne
3237 1565 3584 1712 plantera
3664 1565 3757 1712 les
3837 1565 4024 1712 deux
4091 1565 4304 1712 pieds
4384 1565 4784 1712 enſemble
4878 1565 4918 1712 en

556 1705 735 1849 terre
804 1705 859 1849 en
928 1705 1189 1849 forme
1272 1705 1327 1849 de
1382 1705 1739 1849 poſture,
1781 1705 1808 1849 ſi
1877 1705 1932 1849 ce
1987 1705 2152 1849 n’eſt
2221 1705 2496 1849 quand
2524 1705 2565 1849 il
2606 1705 2661 1849 ſe
2758 1705 3005 1849 mettra
3088 1705 3377 1849 dedans
3404 1705 3460 1849 la
3515 1705 3707 1849 ligne
3790 1705 3845 1849 de
3900 1705 4161 1849 l’eſpee
4230 1705 4615 1849 contraire
4684 1705 4739 1849 en
4808 1705 4932 1849 lieu

545 1845 708 1995 ſeur
817 1845 817 1995 &
872 1845 1104 1995 libre,
1158 1845 1213 1995 en
1294 1845 1731 1995 executant
1785 1845 1840 1995 au
1949 1845 2221 1995 meſme
2276 1845 2549 1995 temps
2603 1845 2644 1995 le
2712 1845 2903 1995 coup
2985 1845 3094 1995 qui
3135 1845 3271 1995 ſera
3353 1845 3612 1995 donné
3666 1845 3857 1995 ſelon
3939 1845 4416 1995 l’exigence.
4552 1845 4607 1995 Là
4662 1845 4798 1995 luy
4866 1845 4961 1995 eſt

547 1984 842 2133 permis
906 1984 970 2133 de
1022 1984 1355 2133 rompre
1406 1984 1983 2133 aucunement
2022 1984 2073 2133 la
2137 1984 2406 2133 courſe
2496 1984 2547 2133 de
2598 1984 2688 2133 ſes
2739 1984 3098 2133 aions,
3188 1984 3342 2133 mais
3393 1984 3624 2133 point
3701 1984 4021 2133 devant;
4073 1984 4073 2133 à
4124 1984 4355 2133 raiſon
4444 1984 4573 2133 que
4624 1984 4662 2133 le
4739 1984 4944 2133 corps

558 2125 675 2276 qui
727 2125 818 2276 eſt
883 2125 935 2276 en
1013 2125 1169 2276 ae
1247 2125 1312 2276 de
1351 2125 1403 2276 ſe
1494 2125 1883 2276 mouvoir,
1948 2125 2026 2276 eſt
2078 2125 2273 2276 auſsi
2325 2125 2481 2276 plus
2532 2125 2870 2276 prompt
2909 2125 2922 2276 à
2987 2125 3325 2276 changer
3455 2125 3455 2276 &
3520 2125 4130 2276 accommoder
4195 2125 4286 2276 ſes
4390 2125 4948 2276 mouvements

531 2266 544 2414 à
609 2266 871 2414 toutes
937 2266 1381 2414 occaſions,
1447 2266 1578 2414 que
1630 2266 1761 2414 non
1839 2266 1957 2414 pas
2036 2266 2284 2414 quand
2337 2266 2363 2414 il
2415 2266 2467 2414 ſe
2520 2266 2716 2414 tient
2768 2266 3056 2414 arreſté
3122 2266 3174 2414 en
3253 2266 3606 2414 poſture.
3750 2266 3854 2414 Car
3907 2266 4090 2414 auſsi
4142 2266 4299 2414 bien
4365 2266 4561 2414 pour
4613 2266 4875 2414 l’avoir
4940 2266 4940 2414 à

546 2403 1360 2559 commandement,
1411 2403 1475 2559 on
1551 2403 1640 2559 eſt
1704 2403 2111 2559 contraint
2187 2403 2251 2559 de
2301 2403 2352 2559 le
2441 2403 2696 2559 mettre
2759 2403 3408 2559 premierement
3472 2403 3523 2559 en
3599 2403 3930 2559 branſle,
3993 2403 4095 2559 qui
4146 2403 4261 2559 luy
4324 2403 4451 2559 ſert
4528 2403 4744 2559 d’une
4808 2403 4960 2559 pre-

542 2540 895 2688 paration
974 2540 1170 2688 pour
1222 2540 1275 2688 ſe
1353 2540 1680 2688 diſpoſer
1733 2540 1746 2688 à
1798 2540 1838 2688 ſe
1903 2540 2296 2688 tourner,
2335 2540 2819 2688 retourner,
2871 2540 3094 2688 virer,
3199 2540 3212 2688 &
3264 2540 3316 2688 en
3395 2540 3709 2688 ſomme
3761 2540 3761 2688 à
3840 2540 4010 2688 faire
4075 2540 4337 2688 toutes
4389 2540 4481 2688 ſes
4533 2540 4834 2688 affaires
4900 2540 4952 2688 a-

550 2685 663 2833 vec
734 2685 1044 2833 viſteſſe,
1101 2685 1736 2833 promptitude,
1821 2685 1821 2833 &
1877 2685 2159 2833 facilité
2216 2685 2555 2833 requiſe.

727 2825 906 2973 Voilà
970 2825 1378 2973 touchant
1429 2825 1531 2973 les
1582 2825 1952 2973 poſtures
2003 2825 2054 2973 en
2144 2825 2488 2973 general;
2526 2825 3088 2973 retournonsà
3139 2825 3177 2973 la
3292 2825 3534 2973 Droite
3585 2825 3828 2973 ligne;
3930 2825 3930 2973 &
3994 2825 4147 2973 puis
4223 2825 4351 2973 que
4402 2825 4606 2973 nous
4657 2825 4964 2973 venons

565 2955 618 3103 de
696 2955 880 3103 dire,
958 2955 1076 3103 que
1142 2955 1299 3103 c’eſt
1351 2955 1390 3103 la
1469 2955 1626 3103 plus
1692 2955 2019 3103 parfaite
2124 2955 2176 3103 de
2242 2955 2582 3103 toutes,
2648 2955 2936 3103 faiſons
3001 2955 3381 3103 paroiſtre
3460 2955 3643 3103 ceſte
3722 2955 3944 3103 verité
4023 2955 4141 3103 par
4219 2955 4534 3103 bonnes
4599 2955 4966 3103 preuves.

569 3096 866 3238 ſoutes
904 3096 995 3238 les
1059 3096 1420 3238 poſtures
1498 3096 1601 3238 qui
1652 3096 1730 3238 ne
1794 3096 2375 3238 contraignent
2439 3096 2555 3238 pas
2620 3096 2684 3238 de
2736 3096 3084 3238 toucher
3123 3096 3174 3238 la
3226 3096 3458 3238 lame,
3497 3096 3716 3238 avant
3793 3096 3922 3238 que
3987 3096 4051 3238 de
4116 3096 4309 3238 tirer,
4348 3096 4464 3238 (ce
4516 3096 4683 3238 ſont
4748 3096 4967 3238 celles

564 3235 673 3378 qui
728 3235 1246 3378 s’eſloignent
1314 3235 1382 3378 de
1436 3235 1846 3378 preſenter
1886 3235 2173 3378 l’eſpee
2227 3235 2282 3378 en
2350 3235 2554 3378 ligne
2636 3235 2936 3378 droite)
3018 3235 3073 3378 on
3141 3235 3236 3378 les
3291 3235 3468 3378 peut
3522 3235 3809 3378 rendre
3850 3235 4231 3378 inutiles,
4286 3235 4340 3378 en
4422 3235 4654 3378 tirant
4722 3235 4954 3378 deſſus

544 3374 737 3519 pour
788 3374 1044 3519 fraper
1096 3374 1275 3519 tout
1352 3374 1416 3519 du
1480 3374 1826 3519 premier
1878 3374 2173 3519 abord;
2237 3374 2416 3519 dont
2467 3374 2890 3519 l’Ennemi
2942 3374 2993 3519 en
3108 3374 3480 3519 demeure
3557 3374 3903 3519 atteint,
3980 3374 4044 3519 ou
4121 3374 4160 3519 il
4237 3374 4313 3519 eſt
4390 3374 4801 3519 contraint
4890 3374 4954 3519 de

539 3513 787 3657 parer,
905 3513 905 3657 &
970 3513 1009 3657 en
1088 3513 1375 3657 parant
1415 3513 1454 3657 il
1493 3513 1545 3657 ſe
1624 3513 2055 3657 deſcouvre
2107 3513 2525 3657 touſiours
2578 3513 2630 3657 en
2722 3513 3061 3657 quelque
3127 3513 3414 3657 nouvel
3480 3513 3793 3657 endroit
3872 3513 3924 3657 du
4015 3513 4251 3657 corps;
4329 3513 4381 3657 de
4434 3513 4656 3657 façon
4747 3513 4878 3657 que
4930 3513 4957 3657 ſi

560 3651 615 3796 on
712 3651 933 3796 dreſſe
988 3651 1016 3796 là
1085 3651 1127 3796 ſa
1182 3651 1500 3796 pointe,
1556 3651 1611 3796 on
1680 3651 1736 3796 le
1791 3651 1929 3796 fera
1985 3651 2206 3796 ſortir
2275 3651 2344 3796 de
2386 3651 2427 3796 ſa
2497 3651 2870 3796 poſture,
2995 3651 2995 3796 &
3064 3651 3313 3796 entrer
3382 3651 3437 3796 en
3534 3651 3603 3796 un
3686 3651 4129 3796 labirinthe
4212 3651 4268 3796 de
4337 3651 4696 3796 parades.
4793 3651 4959 3796 C’eſt

536 3787 731 3934 auſsi
770 3787 822 3934 la
887 3787 1134 3934 cauſe,
1186 3787 1641 3934 pourquoy
1706 3787 1888 3934 ceux
1966 3787 2070 3934 qui
2122 3787 2343 3934 uſent
2420 3787 2472 3934 de
2550 3787 2641 3934 ces
2693 3787 3109 3934 poſtures,
3174 3787 3226 3934 en
3317 3787 3967 3934 recognoiſſants
4045 3787 4162 3934 par
4240 3787 4707 3934 experience
4772 3787 4954 3934 l’im-

547 3928 1045 4076 perfeion,
1098 3928 1179 4076 ne
1219 3928 1314 4076 s’y
1381 3928 1569 4076 fient
1636 3928 1784 4076 qu’à
1865 3928 2067 4076 demi
2120 3928 2564 4076 prennants
2618 3928 2940 4076 recours
2981 3928 2981 4076 à
3048 3928 3519 4076 l’aſsiſtence
3586 3928 3653 4076 de
3693 3928 3734 4076 la
3841 3928 3989 4076 main
4083 3928 4406 4076 gauche.
4500 3928 4554 4076 En
4648 3928 4850 4076 quoy
4890 3928 4971 4076 ils

569 4060 1138 4209 demonſtrent
1192 4060 1355 4209 bien
1423 4060 1477 4209 le
1531 4060 1653 4209 peu
1748 4060 2141 4209 d’eſtime,
2235 4060 2249 4209 &
2290 4060 2344 4209 le
2398 4060 2520 4209 peu
2615 4060 2669 4209 de
2736 4060 3346 4209 cognoiſſance,
3414 4060 3617 4209 qu’ils
3671 4060 3834 4209 ont,
3901 4060 3956 4209 du
4037 4060 4281 4209 grand
4335 4060 4673 4209 pouvoir
4755 4060 4822 4209 de
4863 4060 4971 4209 l’e-

543 4202 737 4359 ſpee;
792 4202 876 4359 ne
931 4202 1306 4359 ſachants
1347 4202 1472 4359 pas
1541 4202 1791 4359 qu’elle
1860 4202 1958 4359 eſt
1999 4202 2623 4359 ſuffiſamment
2706 4202 3067 4359 qualifiée
3136 4202 3331 4359 d’elle
3414 4202 3733 4359 meſme,
3802 4202 3858 4359 de
3913 4202 4093 4359 tout
4149 4202 4204 4359 ce
4288 4202 4399 4359 qui
4454 4202 4537 4359 eſt
4593 4202 4842 4359 requis
4967 4202 4967 4359 &

535 4343 549 4487 à
632 4343 920 4487 donner
975 4343 1319 4487 l’aſſaut,
1429 4343 1429 4487 &
1484 4343 1484 4487 à
1567 4343 1746 4487 faire
1801 4343 1842 4487 la
1925 4343 2282 4487 defence.
2461 4343 2585 4487 Mais
2654 4343 2778 4487 que
2860 4343 3066 4487 di-je?
3135 4343 3177 4487 Il
3232 4343 3314 4487 ne
3355 4343 3410 4487 ſe
3465 4343 3630 4487 faut
3686 4343 3796 4487 pas
3851 4343 4277 4487 eſtonner,
4332 4343 4360 4487 ſi
4428 4343 4607 4487 ceux
4690 4343 4800 4487 qui
4841 4343 4979 4487 n’a-

543 4482 842 4637 ſpirent
894 4482 894 4637 à
958 4482 1270 4637 aucune
1321 4482 1633 4637 ſcience
1711 4482 1814 4637 des
1866 4482 2139 4637 armes,
2177 4482 2333 4637 ains
2385 4482 2852 4637 ſeulement
2904 4482 3280 4637 taſchent
3345 4482 3410 4637 de
3474 4482 3825 4637 parvenir
3902 4482 4019 4637 par
4071 4482 4304 4637 longs
4421 4482 4434 4637 &
4512 4482 4966 4637 continuels

555 4617 950 4766 exercices
990 4617 990 4766 à
1056 4617 1201 4766 une
1266 4617 1556 4766 viſteſſe
1635 4617 1688 4766 du
1767 4617 2017 4766 corps,
2122 4617 2122 4766 &
2201 4617 2254 4766 du
2320 4617 2530 4766 bras,
2596 4617 2780 4766 dont
2833 4617 2899 4766 ils
2951 4617 2991 4766 ſe
3070 4617 3425 4766 puiſſent
3491 4617 3926 4766 prevaloir,
4005 4617 4057 4766 en
4136 4617 4584 4766 prevenant
4702 4617 4715 4766 &
4781 4617 4966 4766 abu-

547 4758 706 4908 ſant
759 4758 958 4908 leurs
1065 4758 1529 4908 Contraires,
1582 4758 1742 4908 plus
1795 4758 1941 4908 toſt
2007 4758 2127 4908 que
2206 4758 2260 4908 de
2313 4758 2406 4908 les
2472 4758 3016 4908 contraindre,
3056 4758 3136 4908 ne
3202 4758 3813 4908 comprennent
3893 4758 3999 4908 pas
4065 4758 4158 4908 les
4198 4758 4490 4908 ſecrets
4570 4758 4782 4908 d’une
4875 4758 4981 4908 Ar-

588 4896 779 5046 mure
833 4896 860 5046 ſi
915 4896 1187 5046 noble;
1310 4896 1310 5046 &
1378 4896 1514 5046 que
1568 4896 1745 5046 tout
1813 4896 1867 5046 ce
1935 4896 2140 5046 qu’ils
2180 4896 2357 5046 font
2412 4896 2589 5046 n’eſt
2643 4896 2888 5046 fondé
2956 4896 2997 5046 en
3078 4896 3391 5046 aucune
3446 4896 3664 5046 raiſon
3759 4896 3813 5046 de
3881 4896 4099 5046 vraye
4208 4896 4208 5046 &
4276 4896 4521 5046 ſolide
4616 4896 4983 5046 Theorie,

592 5034 740 5191 mais
794 5034 848 5191 en
916 5034 1200 5191 ſimple
1308 5034 1321 5191 &
1402 5034 1929 5191 mal-aſſeurée
2010 5034 2402 5191 Pratique,
2456 5034 2510 5191 de
2564 5034 2781 5191 façon
2875 5034 3010 5191 que
3078 5034 3146 5191 de
3200 5034 3497 5191 vouloir
3564 5034 3983 5191 comparer
4024 5034 4186 5191 leur
4281 5034 4618 5191 Eſcrime
4659 5034 4727 5191 au
4808 5034 4970 5191 vray

583 5177 696 5320 Art
772 5177 836 5320 de
924 5177 1190 5320 manier
1240 5177 1329 5320 les
1379 5177 1658 5320 armes,
1708 5177 1873 5320 ceſt
1923 5177 2100 5320 tout
2151 5177 2429 5320 autant
2505 5177 2631 5320 que
2695 5177 2758 5320 de
2846 5177 3112 5320 mettre
3175 5177 3213 5320 en
3302 5177 3694 5320 parangon
3757 5177 3807 5320 le
3909 5177 4200 5320 manuel
4275 5177 4377 5320 des
4478 5177 4743 5320 œuvres
4870 5177 4971 5320 Me-

562 5317 1012 5466 chaniques
1062 5317 1236 5466 avec
1299 5317 1399 5466 les
1436 5317 1923 5466 inventions
1998 5317 2098 5466 des
2223 5317 2947 5466 Mathematiques;
3022 5317 3196 5466 dont
3234 5317 3334 5466 les
3384 5317 3571 5466 unes
3633 5317 3683 5466 ſe
3770 5317 4270 5466 contentent
4357 5317 4744 5466 d’obtenir
4807 5317 4969 5466 ſeu-

553 5455 865 5610 lement
917 5455 1202 5610 l’effe
1280 5455 1332 5610 de
1384 5455 1540 5610 leur
1592 5455 2046 5610 intention,
2098 5455 2319 5610 encor
2397 5455 2527 5610 que
2592 5455 2643 5610 ce
2695 5455 2851 5610 fuſt
2903 5455 3020 5610 par
3072 5455 3383 5610 hazard;
3487 5455 3500 5610 &
3539 5455 3630 5610 les
3695 5455 3955 5610 autres
4019 5455 4513 5610 n’advouent
4578 5455 4695 5610 rien
4772 5455 4967 5610 pour

561 5591 701 5746 bon
800 5591 898 5746 qui
954 5591 1038 5746 ne
1080 5591 1221 5746 ſoit
1277 5591 1516 5746 fondé
1572 5591 1684 5746 ſur
1755 5591 1867 5746 des
1909 5591 2148 5746 regles
2190 5591 2654 5746 infallibles.
2907 5591 3075 5746 Pour
3173 5591 3356 5746 donc
3440 5591 3988 5746 comprendre
4058 5591 4564 5746 l’excellence
4662 5591 4719 5746 de
4789 5591 4971 5746 ceſte

624 5733 866 5889 Droite
906 5733 1135 5889 ligne,
1175 5733 1215 5889 la
1282 5733 1672 5889 premiere
1753 5733 1807 5889 de
1860 5733 2143 5889 toutes
2183 5733 2277 5889 les
2331 5733 2734 5889 poſtures;
2801 5733 3325 5889 conſiderons
3392 5733 3648 5889 qu’elle
3701 5733 3997 5889 retient
4037 5733 4091 5889 le
4158 5733 4373 5889 corps
4427 5733 4481 5889 en
4562 5733 4696 5889 une
4750 5733 4978 5889 ſitua-

559 5870 706 6030 tion
800 5870 854 6030 du
934 5870 1108 6030 tout
1162 5870 1578 6030 naturelle,
1672 5870 1672 6030 &
1739 5870 2221 6030 commode,
2315 5870 2315 6030 &
2382 5870 2718 6030 diſpoſée
2771 5870 2771 6030 à
2838 5870 3254 6030 travailler,
3348 5870 3348 6030 &
3388 5870 3402 6030 à
3455 5870 3509 6030 ſe
3562 5870 4059 6030 tranſporter
4139 5870 4193 6030 de
4246 5870 4515 6030 toutes
4568 5870 4769 6030 parts
4823 5870 4984 6030 ega-

560 6017 930 6169 lement;
981 6017 1032 6169 en
1108 6017 1363 6169 avant,
1427 6017 1478 6169 en
1542 6017 1873 6169 arriere,
1911 6017 1911 6169 à
2000 6017 2281 6169 droite,
2383 6017 2395 6169 &
2446 6017 2446 6169 à
2523 6017 2854 6169 gauche,
2905 6017 2956 6169 en
3033 6017 3542 6169 allongeant,
3606 6017 3670 6169 ou
3746 6017 3797 6169 en
3874 6017 4511 6169 raccourciſſant
4562 6017 4600 6169 la
4677 6017 4982 6169 demar-

581 6154 731 6309 che,
772 6154 950 6309 ainſi
1019 6154 1142 6309 que
1197 6154 1333 6309 bon
1402 6154 1525 6309 luy
1580 6154 1922 6309 ſemble,
1977 6154 2127 6309 ſans
2182 6154 2374 6309 nulle
2428 6154 2647 6309 autre
2702 6154 3277 6309 preparation:
3332 6154 3564 6309 ayant
3606 6154 3660 6309 le
3715 6154 3879 6309 bras
3975 6154 3989 6309 &
4030 6154 4304 6309 l’eſpee
4372 6154 4714 6309 avancez
4769 6154 4824 6309 en
4906 6154 4974 6309 li-

580 6291 715 6452 gne
782 6291 1079 6452 droite,
1187 6291 1187 6452 &
1241 6291 1658 6452 appreſtez
1712 6291 1712 6452 à
1779 6291 1995 6452 parer
2049 6291 2265 6452 toute
2332 6291 2534 6452 ſorte
2601 6291 3127 6452 d’eſtocades,
3181 6291 3774 6452 eſtramaçons,
3895 6291 3895 6452 &
3962 6291 4259 6452 revers,
4326 6291 4488 6452 ſans
4555 6291 4703 6452 uſer
4771 6291 4973 6452 alen-

583 6437 846 6590 contre
926 6437 1308 6590 d’aucuns
1387 6437 1954 6590 mouvements
2007 6437 2429 6590 extremes.
2574 6437 2772 6590 Voire
2838 6437 2970 6590 que
3023 6437 3062 6590 la
3128 6437 3339 6590 teſte,
3445 6437 3445 6590 &
3497 6437 3590 6590 les
3642 6437 4025 6590 eſpaules,
4117 6437 4130 6590 &
4170 6437 4210 6590 la
4275 6437 4632 6590 poitrine
4684 6437 4974 6590 juſqu’à

573 6574 948 6727 l’endroit
1017 6574 1128 6727 des
1184 6574 1461 6727 tetins,
1531 6574 1531 6727 y
1586 6574 1767 6727 ſont
1822 6574 2197 6727 couverts
2267 6574 2322 6727 de
2378 6574 2419 6727 la
2503 6574 2766 6727 garde;
2808 6574 2850 6727 ſi
2891 6574 3044 6727 bien
3141 6574 3266 6727 que
3322 6574 3752 6727 l’Ennemi
3794 6574 3877 6727 ne
3919 6574 4016 6727 les
4085 6574 4266 6727 peut
4335 6574 4696 6727 offenſer,
4738 6574 4766 6727 ſi
4821 6574 4960 6727 non

580 6712 641 6871 en
717 6712 1020 6871 paſſant
1096 6712 1156 6871 de
1217 6712 1247 6871 ſa
1308 6712 1641 6871 pointe,
1702 6712 1823 6871 qui
1868 6712 1959 6871 eſt
2005 6712 2050 6871 le
2111 6712 2338 6871 foible
2429 6712 2475 6871 de
2535 6712 2823 6871 l’eſpee,
2899 6712 3202 6871 dulong
3278 6712 3338 6871 de
3384 6712 3429 6871 la
3505 6712 3748 6871 garde,
3823 6712 3929 6871 qui
4005 6712 4051 6871 en
4142 6712 4217 6871 eſt
4263 6712 4323 6871 le
4369 6712 4566 6871 fort:
4672 6712 4672 6871 &
4748 6712 4748 6871 à
4823 6712 4960 6871 bon

4795 6866 4977 6966 droit
