5442 7366
806 399 986 564 droit
1041 399 1082 564 ſe
1151 399 1524 564 compare
1580 399 1593 564 à
1649 399 1718 564 un
1801 399 2229 564 boulevart
2298 399 2353 564 de
2422 399 2602 564 ville,
2657 399 2726 564 ou
2795 399 2795 564 à
2864 399 3002 564 une
3071 399 3541 564 fortereſſe,
3610 399 3969 564 baſtante
4024 399 4024 564 à
4107 399 4494 564 ſouſtenir
4563 399 4867 564 l’effort
4950 399 5171 564 d’une

797 544 1081 705 grande
1148 544 1405 705 armee
1459 544 1634 705 avec
1675 544 1837 705 bien
1918 544 2039 705 peu
2147 544 2201 705 de
2296 544 2485 705 gens.
2633 544 2755 705 Que
2822 544 2917 705 s’il
2957 544 3281 705 advient
3349 544 3592 705 donc,
3659 544 3781 705 que
3835 544 4267 705 l’Ennemi
4334 544 4388 705 ſe
4456 544 4807 705 hazarde
4888 544 4942 705 de
5009 544 5185 705 tirer

779 686 931 841 vers
969 686 1070 841 les
1120 686 1398 841 parties
1449 686 1815 841 ſuſdites,
1866 686 2043 841 tout
2106 686 2119 841 à
2169 686 2510 841 l’inſtant
2586 686 2713 841 que
2763 686 2940 841 vous
2991 686 3534 841 appercevrez
3584 686 3584 841 à
3673 686 3850 841 veue
3926 686 4204 841 d’œille
4279 686 5038 841 commencement
5113 686 5177 841 de

772 825 885 983 ſon
985 825 1548 983 mouvement,
1610 825 1786 983 vous
1848 825 2048 983 ferez
2136 825 2386 983 voſtre
2449 825 2949 983 preparation
3037 825 3588 983 alencontre,
3650 825 3850 983 pour
3913 825 4313 983 accueillir
4414 825 4476 983 de
4539 825 4576 983 la
4651 825 5014 983 branche
5114 825 5177 983 de

781 961 1026 1115 voſtre
1094 961 1312 1115 garde
1353 961 1408 1115 le
1476 961 1707 1115 foible
1789 961 1843 1115 de
1898 961 1939 1115 ſa
1993 961 2197 1115 lame
2238 961 2252 1115 à
2374 961 2701 1115 Nombre
2769 961 2797 1115 3.
2851 961 2919 1115 ou
3014 961 3055 1115 4.
3110 961 3341 1115 avant
3423 961 3545 1115 que
3600 961 3641 1115 ſa
3695 961 3981 1115 pointe
4049 961 4294 1115 puiſſe
4363 961 4689 1115 arriver,
4771 961 4839 1115 ou
4934 961 5166 1115 paſſer

762 1109 1143 1249 l’endroit
1219 1109 1270 1249 de
1334 1109 1575 1249 voſtre
1639 1109 1944 1249 coude;
1994 1109 2045 1249 en
2134 1109 2630 1249 continuant
2680 1109 2680 1249 à
2757 1109 2795 1249 la
2871 1109 3239 1249 graduer,
3354 1109 3366 1249 &
3443 1109 3621 1249 vous
3671 1109 4002 1249 avancer
4129 1109 4141 1249 &
4192 1109 4611 1249 flancquer
4688 1109 4789 1249 ſur
4853 1109 4980 1249 luy
5056 1109 5132 1249 un

775 1249 896 1397 peu
963 1249 963 1397 à
1044 1249 1232 1397 coſté
1286 1249 1326 1397 le
1434 1249 1850 1397 Diametre;
1904 1249 1958 1397 en
2025 1249 2227 1397 ſorte
2294 1249 2442 1397 qu’il
2495 1249 2630 1397 ſera
2697 1249 3100 1397 contraint
3181 1249 3234 1397 de
3302 1249 3476 1397 vous
3544 1249 3839 1397 quitter
3880 1249 3920 1397 la
4001 1249 4242 1397 droite
4296 1249 4538 1397 ligne,
4578 1249 4914 1397 laquelle
4982 1249 5170 1397 vous

784 1387 1236 1533 demeurera
1299 1387 1677 1533 franche,
1803 1387 1803 1533 &
1853 1387 1928 1533 ne
1979 1387 2281 1533 tiendra
2369 1387 2507 1533 qu’à
2557 1387 2784 1533 vous,
2872 1387 2922 1533 de
2973 1387 3098 1533 luy
3187 1387 3451 1533 mettre
3501 1387 3551 1533 la
3614 1387 3891 1533 pointe
3979 1387 4256 1533 devant
4306 1387 4407 1533 les
4457 1387 4696 1533 yeux,
4772 1387 4822 1533 en
4910 1387 5162 1533 l’arre-

762 1520 968 1675 ſtant
1023 1520 1132 1675 par
1201 1520 1653 1675 courtoiſie,
1708 1520 1763 1675 ou
1859 1520 1914 1675 de
1969 1520 2394 1675 l’executer
2449 1520 2558 1675 par
2613 1520 2970 1675 rigueur,
3011 1520 3203 1675 ſelon
3285 1520 3532 1675 voſtre
3587 1520 3929 1675 appetit.
4121 1520 4245 1675 Que
4313 1520 4354 1675 ſi
4409 1520 4450 1675 en
4533 1520 5163 1675 recognoiſſant

752 1663 804 1811 le
857 1663 975 1811 peu
1067 1663 1565 1811 d’avantage,
1643 1663 1788 1811 qu’il
1840 1663 2102 1811 auroit
2155 1663 2168 1811 à
2246 1663 2443 1811 venir
2495 1663 2522 1811 ſi
2574 1663 2731 1811 pres
2810 1663 2876 1811 de
2954 1663 3190 1811 voſtre
3269 1663 3531 1811 garde,
3597 1663 3767 1811 tant
3833 1663 3872 1811 en
3977 1663 4278 1811 dehors,
4331 1663 4658 1811 comme
4724 1663 4776 1811 en
4868 1663 5157 1811 dedans

773 1797 825 1953 du
903 1797 1086 1953 bras,
1138 1797 1177 1953 il
1217 1797 1478 1953 taſche
1530 1797 1530 1953 à
1608 1797 1778 1953 vous
1830 1797 2078 1953 fraper
2130 1797 2196 1953 au
2274 1797 2587 1953 ventre,
2639 1797 2691 1953 en
2757 1797 3148 1953 abaiſſant
3214 1797 3253 1953 ſa
3331 1797 3657 1953 pointe;
3710 1797 3866 1953 ſans
3958 1797 4401 1953 conſiderer
4480 1797 4897 1953 qu’autant
4989 1797 5145 1953 qu’il

748 1940 1157 2090 s’eſloigne
1225 1940 1293 2090 de
1334 1940 1375 2090 la
1457 1940 1688 2090 droite
1743 1940 1988 2090 ligne,
2097 1940 2097 2090 &
2165 1940 2220 2090 du
2302 1940 2465 2090 plus
2506 1940 2874 2090 prochain
2956 1940 3283 2090 endroit
3351 1940 3420 2090 de
3460 1940 4210 2090 l’attouchement,
4265 1940 4374 2090 qui
4428 1940 4524 2090 eſt
4578 1940 4824 2090 voſtre
4892 1940 5164 2090 eſpau-

745 2074 785 2226 le
866 2074 1148 2226 droite,
1202 2074 1484 2226 autant
1525 2074 1565 2226 il
1619 2074 1793 2226 perd
1847 2074 1955 2226 ſur
1995 2074 2036 2226 la
2089 2074 2506 2226 longueur
2573 2074 2627 2226 de
2681 2074 2788 2226 ſon
2869 2074 3111 2226 eſpee,
3165 2074 3165 2226 à
3232 2074 3461 2226 raiſon
3555 2074 3878 2226 dequoy
3918 2074 3958 2226 il
4012 2074 4187 2226 vous
4281 2074 4536 2226 donne
4590 2074 4778 2226 auſsi
4832 2074 4994 2226 plus
5088 2074 5141 2226 de

736 2212 929 2366 loiſir
1007 2212 1058 2366 de
1123 2212 1303 2366 voir,
1367 2212 1780 2366 diſcerner,
1883 2212 1883 2366 &
1934 2212 2153 2366 juger
2205 2212 2424 2366 touts
2476 2212 2566 2366 ſes
2656 2212 3262 2366 mouvements:
3313 2212 3494 2366 vous
3545 2212 3854 2366 n’aurez
3906 2212 4125 2366 autre
4189 2212 4408 2366 choſe
4460 2212 4473 2366 à
4537 2212 4744 2366 faire,
4782 2212 4975 2366 ſinon
5079 2212 5143 2366 de

753 2354 1041 2506 creuſer
1094 2354 1159 2506 au
1264 2354 1526 2506 meſme
1578 2354 1840 2506 temps
1893 2354 1958 2506 un
2037 2354 2155 2506 peu
2220 2354 2273 2506 le
2351 2354 2640 2506 ventre,
2692 2354 2731 2506 en
2810 2354 3229 2506 panchant
3308 2354 3360 2506 de
3413 2354 3452 2506 la
3517 2354 3871 2506 poitrine
3924 2354 4028 2506 ſur
4081 2354 4133 2506 le
4199 2354 4513 2506 devant,
4618 2354 4618 2506 &
4670 2354 5050 2506 aſſituant
5103 2354 5142 2506 la

748 2492 1018 2645 pointe
1086 2492 1153 2645 de
1207 2492 1450 2645 voſtre
1518 2492 1721 2645 eſpee
1802 2492 1991 2645 droit
2032 2492 2032 2645 à
2099 2492 2194 2645 ſon
2289 2492 2613 2645 eſpaule.
2735 2492 2843 2645 Car
2897 2492 2951 2645 en
3032 2492 3086 2645 ce
3140 2492 3451 2645 faiſant,
3505 2492 3532 2645 ſi
3586 2492 3775 2645 vous
3829 2492 4019 2645 eſtes
4073 2492 4357 2645 egauz,
4451 2492 4465 2645 &
4532 2492 4654 2645 que
4722 2492 4897 2645 vous
4951 2492 5141 2645 ayez

741 2630 1306 2782 pareillement
1346 2630 1441 2782 les
1508 2630 1750 2782 eſpees
1804 2630 2086 2782 egales,
2140 2630 2382 2782 voſtre
2463 2630 2691 2782 droite
2745 2630 2947 2782 ligne
3001 2630 3055 2782 le
3108 2630 3377 2782 pourra
3445 2630 3835 2782 toucher,
3875 2630 4023 2782 lors
4090 2630 4211 2782 que
4265 2630 4319 2782 ſa
4373 2630 4655 2782 pointe
4709 2630 4843 2782 ſera
4911 2630 5139 2782 encor

736 2765 1131 2922 eſloignée
1196 2765 1262 2922 de
1315 2765 1499 2922 vous
1578 2765 1631 2922 de
1684 2765 1855 2922 plus
1921 2765 2052 2922 d’un
2131 2765 2302 2922 pied
2381 2765 2434 2922 de
2513 2765 2882 2922 diſtance.
3000 2765 3053 2922 Or
3119 2765 3395 2922 toutes
3461 2765 3566 2922 ces
3645 2765 4106 2922 operations
4159 2765 4330 2922 avec
4409 2765 4791 2922 quelques
4857 2765 5146 2922 autres,

741 2903 860 3061 qui
926 2903 1496 3061 demonſtrent
1549 2903 1575 3061 ſi
1642 2903 2105 3061 clairement
2158 2903 2251 3061 les
2304 2903 2728 3061 avantages
2807 2903 2860 3061 de
2926 2903 3112 3061 ceſte
3178 2903 3535 3061 poſture,
3575 2903 3840 3061 ſeront
3893 2903 4462 3061 repreſentées
4502 2903 4568 3061 au
4674 2903 4979 3061 Tabl.V.
5032 2903 5151 3061 qui

724 3040 924 3199 nous
978 3040 1231 3199 ſervira
1298 3040 1484 3199 pour
1551 3040 1684 3199 ceſt
1751 3040 2018 3199 eſgard
2084 3040 2284 3199 d’une
2351 3040 2631 3199 preuve
2711 3040 2764 3199 de
2818 3040 2858 3199 la
2938 3040 3178 3199 droite
3231 3040 3471 3199 ligne,
3524 3040 3844 3199 comme
3938 3040 3991 3199 de
4071 3040 4231 3199 celle
4311 3040 4418 3199 qui
4471 3040 4604 3199 ſera
4671 3040 4724 3199 en
4818 3040 4858 3199 la
4938 3040 5151 3199 plus-

724 3176 892 3331 part
963 3176 1061 3331 des
1159 3176 1412 3331 Tables
1454 3176 1862 3331 ſuivantes
1904 3176 1946 3331 le
2016 3176 2409 3331 principal
2466 3176 2648 3331 ſujet
2732 3176 2803 3331 de
2859 3176 3308 3331 l’exercice.
3575 3176 3645 3331 De
3716 3176 4025 3331 vouloir
4109 3176 4460 3331 aborder
4544 3176 4727 3331 ceſte
4811 3176 5134 3331 poſture

718 3316 902 3457 avec
968 3316 1073 3457 des
1125 3316 1414 3457 feintes
1467 3316 1690 3457 tirées
1756 3316 1808 3457 de
1861 3316 2084 3457 loing
2189 3316 2189 3457 &
2241 3316 2412 3457 hors
2504 3316 2557 3457 de
2648 3316 2977 3457 meſure,
3042 3316 3358 3457 ſuivant
3397 3316 3870 3457 l’ordinaire
3948 3316 4014 3457 de
4067 3316 4106 3457 la
4185 3316 4421 3457 vieille
4526 3316 4802 3457 mode,
4894 3316 4946 3457 en
5038 3316 5130 3457 ta-

713 3452 990 3601 ſchant
1043 3452 1161 3601 par
1214 3452 1478 3601 icelles
1544 3452 1596 3601 de
1689 3452 1939 3601 mettre
1992 3452 2532 3601 l’Adverſaire
2598 3452 2651 3601 en
2730 3452 3191 3601 confuſion,
3230 3452 3428 3601 pour
3481 3452 3534 3601 le
3586 3452 3837 3601 fraper
3889 3452 3955 3601 au
4048 3452 4522 3601 deſcouvert
4588 3452 4654 3601 de
4706 3452 4799 3601 ſes
4851 3452 5141 3601 armes:

726 3594 888 3736 tout
956 3594 1092 3736 cela
1146 3594 1322 3736 n’eſt
1376 3594 1580 3736 rien,
1647 3594 2000 3736 d’autant
2068 3594 2190 3736 que
2244 3594 2284 3736 la
2366 3594 2596 3736 droite
2650 3594 2854 3736 ligne
2921 3594 3016 3736 eſt
3057 3594 3477 3736 ſuffiſante
3545 3594 3545 3736 à
3626 3594 3735 3736 s’en
3857 3594 4236 3736 defendre
4331 3594 4507 3736 d’elle
4629 3594 4968 3736 meſme,
5076 3594 5131 3736 de

712 3734 907 3877 ſorte
985 3734 1231 3877 qu’elle
1283 3734 1361 3877 ne
1426 3734 1465 3877 ſe
1543 3734 1686 3877 doit
1777 3734 2127 3877 mouvoir
2179 3734 2179 3877 à
2244 3734 2659 3877 l’occaſion
2750 3734 2815 3877 de
2867 3734 3087 3877 telles
3126 3734 3464 3877 feintes,
3515 3734 3645 3877 non
3723 3734 3892 3877 plus
3957 3734 4164 3877 qu’un
4242 3734 4515 3877 cheval
4567 3734 4644 3877 ne
4709 3734 5060 3877 s’arreſte
5125 3734 5125 3877 à

711 3872 1274 4020 l’abayement
1328 3872 1744 4020 temeraire
1825 3872 1878 4020 de
1959 3872 2294 4020 quelque
2348 3872 2590 4020 petite
2657 3872 3019 4020 beſtiole.
3193 3872 3328 4020 Mais
3381 3872 3462 4020 s’il
3516 3872 3623 4020 oſe
3690 3872 3945 4020 entrer
3985 3872 4173 4020 avec
4213 3872 4307 4020 ſes
4375 3872 4670 4020 feintes
4750 3872 4804 4020 en
4911 3872 5126 4020 meſu-

713 4011 809 4155 re,
906 4011 919 4155 &
961 4011 1194 4155 paſſer
1290 4011 1345 4155 de
1400 4011 1442 4155 ſa
1497 4011 1703 4155 lame
1758 4011 2005 4155 voſtre
2074 4011 2294 4155 garde
2335 4011 2761 4155 juſqu’aux
2885 4011 3256 4155 Nombres
3311 4011 3352 4155 2.
3407 4011 3434 4155 3.
3489 4011 3558 4155 ou
3668 4011 3709 4155 4.
3751 4011 3888 4155 ſoit
3957 4011 3998 4155 en
4094 4011 4410 4155 dehors,
4465 4011 4603 4155 ſoit
4658 4011 4713 4155 en
4809 4011 5139 4155 dedans,

721 4150 1046 4293 penſant
1124 4150 1189 4293 de
1241 4150 1422 4293 vous
1474 4150 1643 4293 faire
1708 4150 1916 4293 parer
2019 4150 2032 4293 &
2084 4150 2409 4293 eſcarter
2474 4150 2707 4293 voſtre
2772 4150 3032 4293 eſpee;
3084 4150 3110 4293 il
3175 4150 3434 4293 courra
3486 4150 3616 4293 luy
3707 4150 3979 4293 meſme
4044 4150 4291 4293 grand
4369 4150 4693 4293 fortune
4797 4150 4849 4293 de
4927 4150 5135 4293 rece-

725 4290 871 4444 voir
924 4290 977 4444 au
1043 4290 1176 4444 lieu
1268 4290 1321 4444 de
1401 4290 1719 4444 donner,
1772 4290 1798 4444 ſi
1865 4290 2037 4444 vous
2090 4290 2275 4444 vous
2315 4290 2792 4444 approchez
2872 4290 3123 4444 devers
3163 4290 3282 4444 luy
3349 4290 3349 4444 à
3415 4290 3481 4444 ce
3561 4290 3839 4444 meſme
3892 4290 4197 4444 inſtant
4263 4290 4435 4444 qu’il
4475 4290 5005 4444 s’approche,
5045 4290 5098 4444 en

725 4429 1226 4582 continuant
1265 4429 1278 4582 à
1331 4429 1726 4582 advancer
1779 4429 2239 4582 ſeulement
2305 4429 2542 4582 voſtre
2608 4429 2818 4582 eſpee
2884 4429 2937 4582 en
3029 4429 3266 4582 droite
3319 4429 3569 4582 ligne:
3635 4429 3727 4582 car
3779 4429 3779 4582 à
3845 4429 4069 4582 peine
4135 4429 4187 4582 ſe
4266 4429 4543 4582 pourra
4595 4429 4635 4582 il
4701 4429 4964 4582 garder
5056 4429 5122 4582 de

719 4566 801 4721 ne
842 4566 897 4721 ſe
952 4566 1226 4721 bleſſer
1267 4566 1391 4721 luy
1473 4566 1788 4721 meſme.
1994 4566 2049 4721 Si
2104 4566 2296 4721 pour
2350 4566 2515 4721 faire
2570 4566 2789 4721 ſortir
2858 4566 3091 4721 voſtre
3159 4566 3365 4721 eſpee
3447 4566 3502 4721 de
3557 4566 3598 4721 ſa
3653 4566 4105 4721 ſituation,
4146 4566 4174 4721 il
4215 4566 4256 4721 la
4325 4566 4530 4721 vient
4585 4566 4955 4721 attaquer
5010 4566 5010 4721 à
5065 4566 5120 4721 la

751 4709 959 4856 mode
1011 4709 1453 4856 ancienne,
1505 4709 1557 4856 en
1661 4709 1921 4856 dehors
1986 4709 2051 4856 ou
2129 4709 2181 4856 en
2272 4709 2597 4856 dedans,
2649 4709 2844 4856 pour
2883 4709 3337 4856 l’engager,
3415 4709 3467 4856 en
3545 4709 3948 4856 avançant
4026 4709 4286 4856 quand
4416 4709 4416 4856 &
4507 4709 4767 4856 quand
4819 4709 4949 4856 l’un
5040 4709 5092 4856 ou

717 4846 981 5003 l’autre
1064 4846 1175 5003 des
1231 4846 1439 5003 pieds
1481 4846 1592 5003 ſur
1634 4846 1690 5003 le
1787 4846 2231 5003 Diametre,
2287 4846 2412 5003 afin
2523 4846 2579 5003 de
2662 4846 2940 5003 gagner
2996 4846 3037 5003 la
3134 4846 3398 5003 meſure
3482 4846 3537 5003 de
3607 4846 3787 5003 vous
3829 4846 4176 5003 pouvoir
4232 4846 4635 5003 toucher;
4691 4846 4718 5003 il
4802 4846 4927 5003 luy
4982 4846 5121 5003 ſera

723 4984 1052 5129 beſoing
1118 4984 1302 5129 pour
1381 4984 1697 5129 trouver
1776 4984 1908 5129 ceſt
1987 4984 2210 5129 effe
2289 4984 2342 5129 de
2394 4984 2565 5129 faire
2644 4984 2815 5129 avec
2881 4984 2986 5129 ſon
3092 4984 3302 5129 eſpee
3368 4984 3500 5129 une
3592 4984 3868 5129 grande
3947 4984 4434 5129 ouverture,
4486 4984 4539 5129 en
4631 4984 5026 5129 eſcartant
5065 4984 5105 5129 la

730 5125 1004 5280 pointe
1045 5125 1086 5280 ſi
1127 5125 1346 5280 loing
1415 5125 1470 5280 de
1538 5125 1744 5280 vous,
1812 5125 1963 5280 qu’il
2004 5125 2059 5280 ſe
2114 5125 2306 5280 prive
2360 5125 2484 5280 luy
2580 5125 2840 5280 meſme
2908 5125 2977 5280 de
3032 5125 3251 5280 toute
3320 5125 3676 5280 defenſe,
3785 5125 3799 5280 &
3854 5125 3909 5280 ſe
3991 5125 4210 5280 mette
4279 5125 4320 5280 en
4402 5125 4594 5280 bute
4662 5125 4662 5280 à
4731 5125 5128 5280 pluſieurs

728 5264 960 5406 coups
1038 5264 1089 5406 de
1141 5264 1425 5406 pointe
1528 5264 1528 5406 &
1606 5264 1657 5406 de
1722 5264 1941 5406 taille,
1980 5264 2303 5406 comme
2355 5264 2380 5406 il
2432 5264 2561 5406 ſera
2652 5264 2987 5406 monſtré
3052 5264 3090 5406 en
3168 5264 3207 5406 la
3284 5264 3710 5406 deduion
3800 5264 3865 5406 de
3930 5264 4020 5406 ces
4084 5264 4394 5406 eſcrits,
4459 5264 4459 5406 à
4549 5264 4807 5406 voſtre
4885 5264 5117 5406 entier

730 5400 1415 5557 contentement.
1612 5400 1665 5557 Il
1704 5400 1981 5557 pourra
2047 5400 2204 5557 uſer
2270 5400 2573 5557 d’encor
2639 5400 2770 5557 une
2836 5400 3047 5557 autre
3099 5400 3520 5557 pratique,
3573 5400 3757 5557 pour
3823 5400 4007 5557 vous
4047 5400 4376 5557 aſſaillir.
4481 5400 4639 5557 c’eſt
4705 5400 4876 5557 qu’il
4929 5400 5126 5557 vien-

744 5538 836 5687 dra
915 5538 1178 5687 porter
1244 5538 1283 5687 ſa
1349 5538 1547 5687 lame
1625 5538 1928 5687 deſſous
1981 5538 2020 5687 la
2099 5538 2376 5687 voſtre,
2442 5538 2494 5687 en
2586 5538 2981 5687 courbant
3034 5538 3073 5687 le
3139 5538 3402 5687 corps,
3508 5538 3508 5687 &
3560 5538 3968 5687 avançant
4008 5538 4060 5687 le
4113 5538 4284 5687 bras
4363 5538 4626 5687 droit,
4705 5538 5113 5687 enſemble

721 5675 901 5845 avec
942 5675 984 5845 la
1095 5675 1247 5845 main
1330 5675 1663 5845 gauche,
1718 5675 1760 5845 en
1843 5675 2079 5845 eſpoir
2162 5675 2217 5845 de
2259 5675 2785 5845 l’approcher
2841 5675 3021 5845 aſſez
3076 5675 3243 5845 pres
3312 5675 3367 5845 de
3437 5675 3672 5845 voſtre
3728 5675 4046 5845 pointe,
4088 5675 4282 5845 pour
4351 5675 4393 5845 la
4476 5675 4781 5845 battre,
4905 5675 4905 5845 &
4961 5675 5127 5845 puis

729 5817 900 5978 vous
952 5817 1123 5978 tirer
1175 5817 1320 5978 une
1385 5817 1753 5978 eſtocade
1805 5817 1858 5978 au
1923 5817 2225 5978 ſecond
2277 5817 2579 5978 temps.
2684 5817 2776 5978 S’il
2815 5817 2947 5978 fait
2999 5817 3104 5978 ſon
3170 5817 3590 5978 approche
3655 5817 3708 5978 en
3799 5817 3983 5978 ceſte
4075 5817 4429 5978 maniere,
4482 5817 4534 5978 en
4626 5817 4836 5978 voicy
4902 5817 4954 5978 le
5033 5817 5125 5978 re-

762 5958 992 6124 mede.
1086 5958 1154 6124 Au
1262 5958 1532 6124 meſme
1573 5958 1870 6124 inſtant
1938 5958 2114 6124 qu’il
2168 5958 2371 6124 entre
2425 5958 2533 6124 ſur
2573 5958 2628 6124 le
2682 5958 2857 6124 lieu,
2911 5958 2979 6124 où
3047 5958 3074 6124 il
3128 5958 3479 6124 s’attend
3547 5958 3601 6124 de
3669 5958 3844 6124 vous
3912 5958 4169 6124 battre
4223 5958 4264 6124 la
4318 5958 4629 6124 pointe,
4683 5958 4710 6124 il
4750 5958 4926 6124 faut
4994 5958 5115 6124 que

732 6092 905 6244 vous
967 6092 1253 6244 entriez
1315 6092 1885 6244 pareillement
1959 6092 2195 6244 deſſus
2232 6092 2406 6244 luy,
2468 6092 2517 6244 en
2629 6092 3026 6244 marchant
3088 6092 3150 6244 un
3224 6092 3348 6244 peu
3435 6092 3484 6244 en
3571 6092 3844 6244 dehors
3906 6092 3918 6244 à
4018 6092 4179 6244 main
4290 6092 4600 6244 droite,
4675 6092 4848 6244 vous
4947 6092 5121 6244 met-

740 6237 899 6395 tant
939 6237 1045 6395 ſur
1098 6237 1151 6395 le
1217 6237 1402 6395 coſté
1482 6237 1707 6395 droit,
1733 6237 1773 6395 la
1839 6237 2117 6395 pointe
2197 6237 2647 6395 montante,
2753 6237 2753 6395 &
2793 6237 2846 6395 la
2912 6237 3137 6395 garde
3190 6237 3415 6395 baſſe,
3455 6237 3640 6395 pour
3707 6237 3892 6395 vous
3945 6237 3998 6395 en
4091 6237 4395 6395 couvrir
4435 6237 4541 6395 les
4594 6237 4885 6395 parties
4925 6237 5124 6395 infe-

728 6371 1053 6522 rieures.
1157 6371 1339 6522 ceſte
1417 6371 1911 6522 preparation
2015 6371 2262 6522 eſtant
2353 6371 2860 6522 dextrement
2938 6371 3172 6522 faite,
3237 6371 3367 6522 ſoit
3458 6371 3614 6522 qu’il
3679 6371 4108 6522 pourſuive
4173 6371 4186 6522 à
4264 6371 4641 6522 travailler
4719 6371 4823 6522 ſur
4888 6371 5122 6522 vous,

735 6512 870 6661 ſoit
938 6512 1086 6661 qu’il
1154 6512 1532 6661 demeure
1586 6512 1681 6661 ſur
1735 6512 1776 6661 la
1830 6512 2154 6661 parade,
2195 6512 2370 6661 vous
2424 6512 2641 6661 aurez
2735 6512 2978 6661 moyen
3073 6512 3141 6661 de
3181 6512 3235 6661 le
3289 6512 3627 6661 toucher
3681 6512 3681 6661 à
3749 6512 3992 6661 voſtre
4059 6512 4303 6661 poſte.
4397 6512 4614 6661 Telles
4722 6512 4722 6661 &
4776 6512 5114 6661 ſembla-

733 6649 880 6801 bles
934 6649 1257 6801 preuves
1310 6649 1566 6801 ſeront
1619 6649 2063 6801 propoſées
2103 6649 2170 6801 au
2264 6649 2466 6801 Tabl.
2560 6649 2815 6801 XVII.
2882 6649 2936 6801 où
3044 6649 3218 6801 vous
3299 6649 3339 6801 en
3420 6649 3836 6801 trouverez
3903 6649 4481 6801 pareillement
4535 6649 4642 6801 les
4683 6649 5005 6801 raiſons,
5045 6649 5113 6801 ti-

732 6789 889 6941 rées
955 6789 1020 6941 de
1086 6789 1781 6941 demonſtrations
1833 6789 2109 6941 autant
2174 6789 2607 6941 evidentes,
2698 6789 2712 6941 &
2764 6789 3170 6941 certaines,
3236 6789 3354 6941 que
3419 6789 3669 6941 belles,
3773 6789 3773 6941 &
3826 6789 4350 6941 admirables.

4956 6964 5105 7066 L’on
