5442 7366
742 292 887 456 L’on
988 292 1351 456 pourroit
1409 292 1800 456 propoſer
1858 292 2148 456 encore
2235 292 2569 456 d’autres
2613 292 2946 456 preuves
3019 292 3077 456 de
3120 292 3164 456 la
3280 292 3512 456 Droite
3570 292 3802 456 ligne,
3860 292 3889 456 ſi
3961 292 4164 456 celles
4237 292 4295 456 cy
4368 292 4440 456 ne
4513 292 4803 456 fuſſent
4875 292 4991 456 ba-

568 436 860 589 ſtantes
916 436 1110 589 pour
1194 436 1486 589 donner
1527 436 1541 589 à
1611 436 2112 589 cognoiſtre,
2167 436 2417 589 qu’elle
2487 436 2570 589 eſt
2626 436 2668 589 la
2737 436 3154 589 premiere,
3252 436 3252 589 &
3294 436 3335 589 la
3405 436 3572 589 plus
3613 436 3822 589 ſeure
3905 436 3961 589 de
4031 436 4295 589 toutes
4350 436 4406 589 au
4476 436 4754 589 regard
4823 436 4879 589 de
4934 436 4976 589 la

588 575 921 736 defenſe.
1018 575 1059 736 Il
1129 575 1212 736 eſt
1281 575 1448 736 vray
1517 575 1642 736 que
1712 575 1892 736 ceux
1975 575 2086 736 qui
2156 575 2225 736 ne
2281 575 2447 736 ſont
2503 575 2614 736 pas
2669 575 2974 736 adroits
3044 575 3099 736 en
3183 575 3696 736 l’Exercice,
3765 575 3835 736 ne
3918 575 3974 736 ſe
4057 575 4459 736 pourront
4543 575 4654 736 pas
4737 575 4987 736 defen-

581 721 686 874 dre
739 721 911 874 avec
976 721 1201 874 icelle
1267 721 1544 874 contre
1583 721 1689 874 les
1728 721 2071 874 ſuſdites
2124 721 2480 874 preuves;
2585 721 2730 874 mais
2796 721 3429 874 l’imperfeion
3535 721 3588 874 de
3654 721 3812 874 leur
3865 721 4313 874 ignorance
4392 721 4471 874 ne
4564 721 4695 874 doit
4775 721 4986 874 tour-

560 861 684 1013 ner
740 861 795 1013 en
878 861 1291 1013 prejudice
1333 861 1346 1013 à
1402 861 1443 1013 la
1498 861 1953 1013 perfeion
2036 861 2105 1013 de
2146 861 2188 1013 la
2257 861 2615 1013 poſture.
2657 861 2698 1013 la
2767 861 2974 1013 faute
3043 861 3098 1013 en
3167 861 3305 1013 ſera
3374 861 3415 1013 en
3512 861 3567 1013 ce
3636 861 3843 1013 qu’ils
3884 861 3967 1013 ne
4009 861 4064 1013 la
4105 861 4505 1013 ſçauront
4547 861 4974 1013 appliquer

553 1004 686 1151 aux
766 1004 1033 1151 temps
1153 1004 1153 1151 &
1220 1004 1353 1151 aux
1447 1004 1874 1151 diſtances,
1967 1004 2234 1151 qu’elle
2328 1004 2768 1151 demande;
2848 1004 2902 1151 ce
2995 1004 3102 1151 qui
3168 1004 3315 1151 ſera
3395 1004 3609 1151 facile
3676 1004 3809 1151 aux
3876 1004 4183 1151 autres.
4410 1004 4463 1151 Or
4556 1004 4757 1151 quoy
4850 1004 4970 1151 que

559 1146 757 1291 nous
796 1146 849 1291 la
902 1146 1244 1291 priſions
1349 1146 1349 1291 &
1415 1146 1797 1291 exaltions
1849 1146 2047 1291 tant,
2099 1146 2152 1291 ce
2231 1146 2402 1291 n’eſt
2468 1146 2586 1291 pas
2639 1146 3034 1291 pourtant
3099 1146 3099 1291 à
3191 1146 3363 1291 dire,
3442 1146 3599 1291 qu’il
3652 1146 3731 1291 ne
3797 1146 3849 1291 ſe
3902 1146 4178 1291 trouve
4231 1146 4415 1291 aſſez
4494 1146 4547 1291 de
4652 1146 4968 1291 moyens

579 1286 643 1432 de
695 1286 1082 1432 travailler
1159 1286 1676 1432 alencontre,
1753 1286 2076 1432 meſmes
2140 1286 2308 1432 avec
2373 1286 2786 1432 avantage:
2889 1286 3044 1432 mais
3108 1286 3302 1432 nous
3353 1286 3702 1432 jugeons
3792 1286 3908 1432 que
3999 1286 4128 1432 cela
4179 1286 4321 1432 ſera
4399 1286 4967 1432 tres-difficile,

565 1425 761 1573 voire
801 1425 1285 1573 impoſſible
1337 1425 1337 1573 à
1403 1425 1625 1573 touts
1691 1425 1874 1573 ceux
1953 1425 2057 1573 qui
2110 1425 2188 1573 ne
2241 1425 2293 1573 ſe
2345 1425 2607 1573 ſeront
2673 1425 2974 1573 exercez
3039 1425 3628 1573 ſerieuſement
3694 1425 3746 1573 en
3825 1425 3864 1573 la
3956 1425 4217 1573 meſme
4283 1425 4649 1573 pratique
4715 1425 4780 1573 de
4833 1425 4964 1573 nos

562 1571 1037 1715 preceptes.
1181 1571 1368 1715 Dont
1426 1571 1469 1715 la
1541 1571 1757 1715 cauſe
1829 1571 2275 1715 principale
2361 1571 2477 1715 giſt
2549 1571 2606 1715 en
2707 1571 2793 1715 ce,
2880 1571 3009 1715 que
3053 1571 3096 1715 la
3153 1571 3427 1715 pointe
3513 1571 3571 1715 de
3628 1571 3902 1715 l’eſpee
3960 1571 4190 1715 ſituée
4262 1571 4319 1715 en
4406 1571 4607 1715 ligne
4694 1571 4967 1715 droite,

566 1708 649 1853 eſt
705 1708 732 1853 ſi
788 1708 940 1853 fort
995 1708 1050 1853 en
1147 1708 1521 1853 preſence
1576 1708 1576 1853 à
1631 1708 2212 1853 l’Adverſaire,
2268 1708 2433 1853 qu’il
2489 1708 2572 1853 ne
2627 1708 2987 1853 ſçauroit
3056 1708 3485 1853 travailler,
3540 1708 3747 1853 ſinon
3830 1708 3886 1853 en
3955 1708 3996 1853 la
4093 1708 4577 1853 divertiſſant
4660 1708 4729 1853 de
4785 1708 4826 1853 ſa
4909 1708 4978 1853 ſi-

548 1851 912 1994 tuation.
990 1851 1003 1994 à
1055 1851 1288 1994 raiſon
1392 1851 1704 1994 dequoy
1756 1851 1795 1994 il
1847 1851 1938 1994 eſt
1990 1851 2405 1994 contraint
2483 1851 2535 1994 de
2600 1851 2794 1994 venir
2846 1851 2846 1994 à
2911 1851 3651 1994 l’attouchement,
3755 1851 3768 1994 &
3833 1851 3898 1994 de
3950 1851 4132 1994 vous
4184 1851 4586 1994 preſenter
4638 1851 4690 1994 le
4768 1851 4976 1994 moy-

565 1984 606 2137 en
718 1984 787 2137 de
870 1984 1329 2137 cognoiſtre
1384 1984 1495 2137 par
1565 1984 1606 2137 le
1662 1984 2120 2137 ſentiment
2176 1984 2218 2137 le
2287 1984 2509 2137 poids
2607 1984 2620 2137 &
2676 1984 2718 2137 la
2773 1984 3023 2137 force,
3093 1984 3412 2137 dequoy
3468 1984 3509 2137 il
3579 1984 3718 2137 uſe.
3801 1984 3912 2137 qui
3982 1984 4065 2137 eſt
4134 1984 4204 2137 un
4301 1984 4968 2137 advertiſſement

567 2127 635 2275 de
688 2127 916 2275 touts
957 2127 1050 2275 ſes
1131 2127 1466 2275 deſſeins,
1560 2127 1574 2275 &
1627 2127 1762 2275 une
1815 2127 2043 2275 reigle
2124 2127 2191 2275 de
2245 2127 2513 2275 toutes
2553 2127 2647 2275 les
2701 2127 3009 2275 aions
3077 2127 3533 2275 contraires.
3654 2127 3721 2275 De
3801 2127 4123 2275 maniere
4190 2127 4324 2275 que
4405 2127 4593 2275 ceſte
4646 2127 4969 2275 poſture

540 2263 977 2421 reſſemble
1043 2263 1043 2421 à
1123 2263 1255 2421 une
1335 2263 1719 2421 chambre
1799 2263 2143 2421 fermée,
2223 2263 2289 2421 où
2368 2263 2474 2421 lon
2554 2263 2633 2421 ne
2713 2263 2898 2421 peut
2965 2263 3230 2421 entrer
3283 2263 3428 2421 ſans
3495 2263 3746 2421 congé
3839 2263 3892 2421 du
4011 2263 4290 2421 maiſtre
4382 2263 4449 2421 de
4502 2263 4555 2421 la
4661 2263 4979 2421 maiſon;

536 2402 692 2562 ains
757 2402 849 2562 eſt
914 2402 979 2562 on
1070 2402 1474 2562 contraint
1553 2402 1618 2562 de
1670 2402 1918 2562 fraper
1970 2402 1983 2562 à
2035 2402 2296 2562 l’huis,
2348 2402 2544 2562 pour
2596 2402 2857 2562 entrer
2909 2402 3078 2562 avec
3130 2402 3639 2562 permiſſion.
3769 2402 4056 2562 I’outes
4108 2402 4200 2562 les
4252 2402 4539 2562 autres,
4591 2402 4747 2562 tant
4812 2402 4982 2562 qu’il

553 2542 566 2695 y
632 2542 685 2695 en
777 2542 843 2695 a,
935 2542 1252 2695 meſmes
1318 2542 1489 2695 celle
1569 2542 1621 2695 de
1674 2542 1951 2695 l’angle
2030 2542 2307 2695 obtus,
2373 2542 2875 2695 reſemblent
2941 2542 2954 2695 à
3033 2542 3178 2695 une
3244 2542 3627 2695 chambre
3693 2542 4049 2695 ouverte,
4115 2542 4167 2695 où
4260 2542 4313 2695 on
4392 2542 4431 2695 ſe
4510 2542 4695 2695 peut
4761 2542 4985 2695 four-

538 2685 642 2840 rer
733 2685 1019 2840 dedans
1097 2685 1395 2840 maugré
1486 2685 1681 2840 qu’ils
1746 2685 1798 2840 en
1863 2685 2161 2840 ayent:
2226 2685 2317 2840 car
2382 2685 2447 2840 on
2512 2685 2667 2840 leur
2719 2685 2914 2840 peut
2966 2685 3316 2840 toucher
3355 2685 3407 2840 le
3485 2685 3745 2840 corps,
3810 2685 3966 2840 ſans
4043 2685 4238 2840 venir
4303 2685 4303 2840 à
4368 2685 4692 2840 l’eſpee.
4783 2685 4965 2840 S’en-

539 2818 674 2970 ſuit
768 2818 956 2970 donc
1051 2818 1185 2970 que
1239 2818 1279 2970 la
1387 2818 1764 2970 difficulté
1858 2818 1925 2970 de
1993 2818 2383 2970 travailler
2450 2818 2558 2970 ſur
2625 2818 2666 2970 la
2760 2818 3002 2970 droite
3056 2818 3271 2970 ligne
3352 2818 3433 2970 eſt
3500 2818 3729 2970 toute
3810 2818 4213 2970 evidente.
4321 2818 4509 2970 dont
4577 2818 4738 2970 faut
4792 2818 4981 2970 auſſi

551 2957 982 3101 conclure,
1073 2957 1191 3101 que
1269 2957 1361 3101 ſes
1439 2957 1870 3101 contraires
1948 2957 2079 3101 ont
2144 2957 2484 3101 beloing
2575 2957 2627 3101 de
2679 2957 2836 3101 plus
2915 2957 3137 3101 grand
3215 2957 3554 3101 artifice:
3633 2957 3829 3101 pour
3881 2957 4220 3101 laquelle
4299 2957 4560 3101 cauſe,
4638 2957 4965 3101 comme

540 3096 717 3243 auſſi
786 3096 977 3243 pour
1046 3096 1101 3243 ce
1196 3096 1456 3243 qu’elle
1538 3096 1620 3243 eſt
1702 3096 2017 3243 capable
2113 3096 2318 3243 d’une
2400 3096 2688 3243 grande
2770 3096 3043 3243 varieté
3139 3096 3194 3243 de
3290 3096 3700 3243 diverſifier
3755 3096 3850 3243 ſes
3919 3096 4370 3243 occaſions,
4425 3096 4617 3243 nous
4685 3096 4972 3243 l’avons

556 3236 871 3381 choiſie,
924 3236 1108 3381 pour
1174 3236 1187 3381 y
1253 3236 1568 3381 exercer
1634 3236 1897 3381 noſtre
1989 3236 2397 3381 Eſcholier;
2463 3236 2581 3381 afin
2687 3236 2805 3381 que
2871 3236 3108 3381 ayant
3173 3236 3831 3381 premierement
3897 3236 4173 3381 rompu
4278 3236 4462 3381 ceſte
4541 3236 4818 3381 pointe
4910 3236 4962 3381 de

559 3377 1040 3521 difficultez,
1081 3377 1123 3521 il
1178 3377 1233 3521 ſe
1315 3377 1549 3521 rende
1631 3377 1673 3521 en
1755 3377 1975 3521 apres
2030 3377 2195 3521 tant
2250 3377 2415 3521 plus
2470 3377 2855 3521 aiſement
2924 3377 3240 3521 capable
3309 3377 3378 3521 de
3433 3377 3708 3521 foncer
3777 3377 3955 3521 tout
3997 3377 4052 3521 le
4107 3377 4437 3521 ſurplus,
4505 3377 4615 3521 qui
4684 3377 4753 3521 ne
4835 3377 4959 3521 ſera

558 3519 693 3661 que
733 3519 787 3661 la
895 3519 1232 3661 moindre
1300 3519 1529 3661 partie
1610 3519 1677 3661 de
1718 3519 1758 3661 la
1839 3519 2230 3661 beſogne.

713 3656 811 3799 Par
881 3656 937 3799 ce
1007 3656 1118 3799 qui
1188 3656 1188 3799 a
1272 3656 1412 3799 eſté
1496 3656 1845 3799 diſcouru
1901 3656 2208 3799 juſqu’à
2264 3656 2613 3799 preſent,
2683 3656 2683 3799 a
2767 3656 2906 3799 eſté
2976 3656 3493 3799 demonſtrée
3563 3656 4080 3799 l’excellence
4177 3656 4233 3799 de
4289 3656 4345 3799 la
4471 3656 4708 3799 Droite
4764 3656 4974 3799 ligne

544 3796 606 3939 au
680 3796 963 3939 regard
1025 3796 1086 3939 de
1135 3796 1172 3939 la
1246 3796 1480 3939 tenue
1554 3796 1616 3939 de
1665 3796 1985 3939 l’eſpee:
2096 3796 2589 3939 maintenant
2662 3796 2859 3939 nous
2933 3796 2983 3939 en
3081 3796 3488 3939 parlerons
3549 3796 3746 3939 auſsi
3808 3796 3968 3939 plus
4042 3796 4817 3939 particulierement
4879 3796 4941 3939 au

541 3930 813 4076 regard
903 3930 968 4076 de
1019 3930 1058 4076 la
1123 3930 1485 4076 ſituation
1575 3930 1692 4076 des
1756 3930 2002 4076 pieds.
2131 3930 2235 4076 Car
2299 3930 2467 4076 puis
2532 3930 2661 4076 que
2713 3930 2817 4076 les
2881 3930 3088 4076 pieds
3179 3930 3592 4076 moderent
3644 3930 3864 4076 touts
3915 3930 4006 4076 les
4096 3930 4691 4076 mouvements,
4730 3930 4976 4076 allon-

566 4066 729 4216 gent
770 4066 865 4216 les
920 4066 1070 4216 pas,
1124 4066 1220 4216 les
1274 4066 1956 4216 raccourciſſent,
1997 4066 2092 4216 les
2146 4066 2501 4216 haſtent,
2569 4066 2637 4216 ou
2705 4066 2801 4216 les
2855 4066 3305 4216 retardent,
3346 4066 3428 4216 ils
3482 4066 3973 4216 ſouſlevent,
4027 4066 4422 4216 hauſſent,
4477 4066 4845 4216 baiſſent,
4886 4066 4981 4216 re-

567 4202 897 4353 dreſſent
952 4202 1007 4353 le
1089 4202 1336 4353 corps,
1405 4202 1432 4353 il
1487 4202 1665 4353 n’eſt
1720 4202 1844 4353 rien
1926 4202 2091 4353 plus
2146 4202 2599 4353 neceſſaire,
2667 4202 2805 4353 que
2887 4202 2956 4353 de
3024 4202 3175 4353 bien
3271 4202 3710 4353 entendre,
3779 4202 4012 4353 quelle
4095 4202 4136 4353 en
4232 4202 4328 4353 eſt
4383 4202 4424 4353 la
4479 4202 4850 4353 ſituation
4932 4202 4973 4353 la

543 4347 703 4498 plus
770 4347 1225 4498 commode
1332 4347 1345 4498 &
1399 4347 1826 4498 naturelle,
1867 4347 2000 4498 afin
2094 4347 2161 4498 de
2201 4347 2321 4498 s’en
2415 4347 2789 4498 eſloigner
2843 4347 2883 4498 le
2977 4347 3231 4498 moins,
3284 4347 3445 4498 qu’il
3498 4347 3592 4498 eſt
3645 4347 4020 4498 poſsible,
4060 4347 4113 4498 en
4193 4347 4461 4498 toutes
4501 4347 4595 4498 ſes
4648 4347 4982 4498 aions.

607 4485 647 4634 Or
715 4485 931 4634 voicy
985 4485 1026 4634 la
1093 4485 1458 4634 ſituation
1553 4485 1742 4634 dont
1796 4485 1986 4634 nous
2040 4485 2405 4634 parlons:
2594 4485 2905 4634 acharie
2959 4485 3013 4634 ſe
3067 4485 3270 4634 tient
3324 4485 3622 4634 planté,
3676 4485 3730 4634 le
3784 4485 3960 4634 pied
4054 4485 4244 4634 droit
4311 4485 4419 4634 ſur
4473 4485 4528 4634 le
4595 4485 4784 4634 coſté
4866 4485 4987 4634 ex-

541 4623 886 4770 terieure
958 4623 1016 4770 du
1160 4623 1648 4770 Quadrangle
1763 4623 1778 4770 X
1864 4623 1921 4770 Y.
1993 4623 2036 4770 en
2123 4623 2525 4770 touchant
2597 4623 2655 4770 de
2712 4623 2813 4770 ſes
2870 4623 3129 4770 orteils
3187 4623 3230 4770 la
3345 4623 3963 4770 Circonference
4049 4623 4107 4770 du
4250 4623 4480 4770 Cercle
4552 4623 4552 4770 à
4639 4623 4667 4770 la
4739 4623 4969 4770 lettre

626 4761 641 4918 .
740 4761 740 4918 &
783 4761 840 4918 le
897 4761 1068 4918 pied
1139 4761 1439 4918 gauche
1496 4761 1595 4918 ſur
1638 4761 1681 4918 la
1738 4761 1952 4918 ligne
2037 4761 2322 4918 Pedale.
2422 4761 2864 4918 Alexandre
2921 4761 3206 4918 tenant
3263 4761 3434 4918 auſſi
3476 4761 3576 4918 les
3619 4761 3833 4918 pieds
3904 4761 3961 4918 de
4075 4761 4331 4918 meſme
4388 4761 4388 4918 à
4445 4761 4716 4918 l’autre
4773 4761 4973 4918 bout

574 4901 618 5058 du
705 4901 924 5058 plan:
997 4901 1041 5058 le
1114 4901 1289 5058 pied
1362 4901 1552 5058 droit
1610 4901 1713 5058 ſur
1756 4901 1815 5058 le
1873 4901 2078 5058 coſté
2165 4901 2224 5058 du
2370 4901 2866 5058 Quadrangle
2998 4901 2998 5058 C
3100 4901 3144 5058 B.
3217 4901 3260 5058 en
3348 4901 3757 5058 touchant
3830 4901 4399 5058 pareillement
4472 4901 4516 5058 la
4575 4901 4808 5058 lettre
4940 4901 4983 5058 C.

596 5044 610 5197 &
652 5044 694 5197 le
749 5044 930 5197 pied
999 5044 1291 5197 gauche
1360 5044 1471 5197 ſur
1527 5044 1568 5197 la
1665 5044 1915 5197 Pedale
2013 5044 2068 5197 A.
2124 5044 2179 5197 le
2235 5044 2401 5197 tout
2457 5044 2498 5197 ſe
2568 5044 2707 5197 voit
2776 5044 2929 5197 plus
2998 5044 3470 5197 clairement
3526 5044 3720 5197 tracé
3790 5044 3831 5197 en
3915 5044 4164 5197 figure
4220 5044 4442 5197 plane
4498 5044 4567 5197 au
4637 5044 4970 5197 premier

605 5187 844 5333 Cercle
923 5187 976 5333 du
1082 5187 1281 5333 Tabl.
1347 5187 1387 5333 I.
1466 5187 1519 5333 où
1599 5187 1798 5333 nous
1851 5187 2089 5333 avons
2142 5187 2487 5333 exprimé
2566 5187 2685 5333 par
2738 5187 2791 5333 la
2858 5187 3507 5333 repreſentation
3613 5187 3719 5333 des
3772 5187 4010 5333 pieds,
4090 5187 4514 5333 comment
4567 5187 4845 5333 parties
4911 5187 4964 5333 ſe

568 5325 882 5469 doivent
973 5325 1235 5469 mettre
1287 5325 1392 5469 ſur
1444 5325 1483 5469 la
1575 5325 1954 5469 Premiere
2006 5325 2412 5469 Inſtance:
2438 5325 2778 5469 laquelle
2830 5325 3039 5469 nous
3092 5325 3379 5469 tenons
3432 5325 3628 5469 pour
3667 5325 3719 5469 le
3785 5325 3942 5469 vray
4007 5325 4517 5469 fondement
4595 5325 4648 5469 de
4700 5325 4962 5469 toutes

548 5459 643 5617 les
725 5459 1079 5617 meſures,
1174 5459 1174 5617 &
1228 5459 1433 5617 pour
1473 5459 1841 5617 l’unique
1909 5459 2168 5617 entree
2236 5459 2304 5617 de
2358 5459 2576 5617 touts
2617 5459 2903 5617 aſſauts
2998 5459 3012 5617 &
3080 5459 3447 5617 defenſes.
3543 5459 3747 5617 Ceſte
3788 5459 4155 5617 ſituation
4251 5459 4319 5617 de
4373 5459 4578 5617 pieds
4632 5459 4809 5617 n’eſt
4863 5459 4972 5617 pas

550 5605 1008 5758 ſeulement
1063 5605 1355 5758 propre
1410 5605 1605 5758 pour
1674 5605 1952 5758 l’effe
2035 5605 2091 5758 de
2146 5605 2562 5758 preſenter
2604 5605 2868 5758 l’eſpee
2937 5605 2993 5758 en
3062 5605 3256 5758 ligne
3340 5605 3603 5758 droite,
3701 5605 3853 5758 mais
3909 5605 4103 5758 auſsi
4159 5605 4353 5758 pour
4409 5605 4603 5758 tenir
4658 5605 4756 5758 les
4825 5605 4964 5758 for-

559 5745 664 5897 ces
716 5745 1123 5897 touſiours
1188 5745 1411 5897 unies
1516 5745 1529 5897 &
1568 5745 1621 5897 le
1686 5745 1896 5897 corps
1962 5745 2604 5897 naturellement
2669 5745 2866 5897 preſt
2918 5745 2931 5897 à
2984 5745 3207 5897 touts
3285 5745 3875 5897 changemens,
3980 5745 3980 5897 &
4032 5745 4045 5897 à
4124 5745 4176 5897 ſe
4242 5745 4740 5897 tranſporter
4806 5745 4976 5897 aiſe-

592 5881 788 6039 ment
858 5881 1054 6039 (qui
1123 5881 1207 6039 eſt
1277 5881 1333 6039 le
1389 5881 1669 6039 propre
1738 5881 1962 6039 office
2046 5881 2144 6039 des
2200 5881 2479 6039 pieds)
2577 5881 2633 6039 de
2675 5881 2871 6039 l’une
2940 5881 3150 6039 place
3220 5881 3276 6039 en
3346 5881 3653 6039 l’autre.
3891 5881 3947 6039 Si
4017 5881 4184 6039 vous
4254 5881 4310 6039 en
4408 5881 4855 6039 demandez
4925 5881 4967 6039 la

549 6022 885 6180 preuve.
982 6022 1262 6180 Laiſſez
1304 6022 1360 6180 le
1416 6022 1583 6180 pied
1653 6022 1988 6180 gauche,
2030 6022 2212 6180 ainſi
2296 6022 2463 6180 qu’il
2533 6022 2645 6180 eſt,
2701 6022 2799 6180 ſur
2840 6022 2896 6180 la
2952 6022 3148 6180 ligne
3218 6022 3665 6180 ordinaire;
3776 6022 3790 6180 &
3846 6022 4182 6180 tournez
4251 6022 4712 6180 ſeulement
4754 6022 4810 6180 le
4880 6022 4978 6180 ta-

553 6158 652 6318 lon
751 6158 808 6318 du
878 6158 1062 6318 pied
1133 6158 1331 6318 droit
1388 6158 1430 6318 en
1529 6158 1826 6318 dedans
1868 6158 1981 6318 ſur
2024 6158 2080 6318 le
2179 6158 2561 6318 Diametre
2618 6158 3056 6318 prolongé,
3099 6158 3410 6318 laiſſant
3452 6158 3537 6318 les
3622 6158 3876 6318 orteils
3919 6158 3933 6318 à
3975 6158 4018 6318 la
4074 6158 4301 6318 lettre
4414 6158 4456 6318 C.
4499 6158 4654 6318 ſans
4711 6158 4965 6318 varier,

557 6298 600 6458 le
656 6298 826 6458 bras
882 6298 1207 6458 eſtendu
1292 6298 1461 6458 avec
1518 6298 1786 6458 l’eſpee
1857 6298 1899 6458 en
1970 6298 2182 6458 ligne
2267 6298 2507 6458 droite
2577 6298 2634 6458 au
2747 6298 2987 6458 deſſus
3072 6298 3128 6458 du
3270 6298 3679 6458 Diametre.
3764 6298 3806 6458 je
3891 6298 3934 6458 di
4018 6298 4202 6458 qu’en
4301 6298 4357 6458 ce
4428 6298 4711 6458 faiſant
4781 6298 4965 6458 vous

560 6440 935 6600 ſentirez,
1002 6440 1123 6600 que
1176 6440 1270 6600 les
1364 6440 1752 6600 membres
1833 6440 1886 6600 de
1940 6440 1980 6600 la
2047 6440 2288 6600 partie
2341 6440 2797 6600 ſuperieure
2864 6440 2917 6600 du
3011 6440 3225 6600 corps
3292 6440 3855 6600 conteſteront
3921 6440 4189 6600 contre
4243 6440 4337 6600 les
4430 6440 4819 6600 membres
4912 6440 4966 6600 de

557 6581 598 6746 la
667 6581 902 6746 partie
957 6581 1427 6746 inferieure;
1538 6581 1538 6746 &
1607 6581 1745 6746 qu’à
1814 6581 2063 6746 grand
2104 6581 2325 6746 peine
2381 6581 2726 6746 pourrez
2795 6581 2975 6746 vous
3030 6581 3459 6746 continuer
3514 6581 3514 6746 à
3583 6581 3763 6746 tenir
3818 6581 4081 6746 l’eſpee
4150 6581 4191 6746 en
4260 6581 4302 6746 la
4412 6581 4689 6746 meſme
4744 6581 4979 6746 ligne.

631 6723 1077 6885 D’avantage
1147 6723 1188 6885 en
1286 6723 1760 6885 cheminant
1830 6723 1997 6885 avec
2053 6723 2094 6885 le
2150 6723 2331 6885 pied
2401 6723 2596 6885 droit
2652 6723 2791 6885 vers
2833 6723 2875 6885 la
3000 6723 3419 6885 Deuxieme
3474 6723 3879 6885 Inſtance,
3920 6723 4060 6885 ſoit
4116 6723 4116 6885 à
4199 6723 4366 6885 main
4450 6723 4729 6885 droite,
4771 6723 4910 6885 ſoit
4952 6723 4966 6885 à

4652 6868 4984 7006 gauche,
