5442 7366
629 402 963 566 gauche,
1004 402 1030 566 il
1084 402 1164 566 ne
1217 402 1271 566 ſe
1324 402 1592 566 pourra
1672 402 1873 566 faire,
1940 402 2073 566 que
2127 402 2314 566 vous
2354 402 2434 566 ne
2488 402 2728 566 ſoyez
2782 402 3196 566 contraint
3277 402 3330 566 de
3410 402 3745 566 tourner
3798 402 3852 566 le
3905 402 4079 566 pied
4159 402 4467 566 environ
4547 402 4587 566 la
4681 402 4748 566 mi
4828 402 5015 566 voye

623 536 673 700 en
761 536 799 700 ſa
875 536 1089 700 vraye
1140 536 1556 700 ſituation,
1619 536 1682 700 où
1757 536 1783 700 il
1846 536 2047 700 avoit
2110 536 2766 700 premierement
2829 536 2993 700 eſté.
3069 536 3548 700 autrement
3598 536 3636 700 la
3724 536 4140 700 demarche
4216 536 4266 700 en
4329 536 4468 700 ſera
4531 536 4708 700 plus
4808 536 5023 700 mole-

622 677 745 841 ſte,
855 677 855 841 &
910 677 1061 841 plus
1116 677 1445 841 tardive.
1527 677 1568 841 Il
1623 677 1719 841 eſt
1774 677 1938 841 vray
2021 677 2144 841 que
2199 677 2240 841 le
2309 677 2857 841 changement
2940 677 2995 841 du
3063 677 3269 841 pied,
3324 677 3571 841 eſtant
3625 677 3749 841 fait
3831 677 3872 841 en
3941 677 3996 841 la
4051 677 4311 841 forme
4394 677 5011 841 dernierement

631 810 807 981 dite,
861 810 1037 981 vous
1091 810 1618 981 augmentera
1672 810 1713 981 la
1780 810 1983 981 force
2078 810 2132 981 de
2186 810 2456 981 l’eſpee
2511 810 2632 981 par
2700 810 3011 981 dehors;
3132 810 3132 981 &
3214 810 3335 981 que
3403 810 3443 981 ſi
3498 810 3930 981 l’Ennemi
3984 810 4025 981 la
4106 810 4309 981 vient
4376 810 4728 981 toucher
4809 810 4877 981 de
4958 810 5012 981 ce

619 951 814 1120 coſté
866 951 944 1120 là,
983 951 1177 1120 pour
1229 951 1735 1120 l’emmener,
1774 951 1839 1120 ou
1917 951 2111 1120 pour
2150 951 2617 1120 l’aſſujettir,
2669 951 2851 1120 vous
2890 951 3019 1120 luy
3071 951 3408 1120 pourrez
3460 951 3642 1120 faire
3707 951 4122 1120 reſiſtence
4187 951 4355 1120 avec
4446 951 4680 1120 moins
4745 951 4809 1120 de
4861 951 5017 1120 for-

617 1091 707 1253 ce,
784 1091 977 1253 qu’en
1066 1091 1105 1253 le
1182 1091 1451 1253 tenant
1516 1091 1695 1253 ſelon
1772 1091 1811 1253 la
1875 1091 2132 1253 forme
2209 1091 2273 1253 de
2324 1091 2581 1253 noſtre
2658 1091 3184 1253 deſcription:
3287 1091 3441 1253 mais
3492 1091 3774 1253 autant
3851 1091 3980 1253 que
4057 1091 4185 1253 cela
4249 1091 4429 1253 vous
4480 1091 4621 1253 ſera
4685 1091 5019 1253 profita-

609 1235 713 1382 ble
791 1235 830 1382 en
947 1235 1246 1382 dehors,
1311 1235 1584 1382 autant
1649 1235 1675 1382 il
1727 1235 1857 1382 ſera
1935 1235 2260 1382 nuiſible
2325 1235 2377 1382 en
2481 1235 2806 1382 dedans:
2884 1235 2988 1382 car
3053 1235 3053 1382 à
3170 1235 3443 1382 meſure
3508 1235 3638 1382 que
3690 1235 3729 1382 la
3794 1235 4119 1382 vigueur
4171 1235 4223 1382 ſe
4288 1235 4665 1382 renforce
4743 1235 4808 1382 de
4847 1235 4977 1382 l’un

638 1368 735 1525 des
790 1368 1067 1525 coſtez,
1123 1368 1400 1525 autant
1456 1368 1581 1525 elle
1636 1368 2038 1525 s’affoiblit
2107 1368 2163 1525 de
2218 1368 2510 1525 l’autre.
2718 1368 2884 1525 Pour
2926 1368 2967 1525 la
3037 1368 3397 1525 ſeconde
3453 1368 3771 1525 preuve,
3827 1368 4049 1525 faites
4090 1368 4298 1525 ainſi.
4409 1368 4673 1525 Laiſſez
4714 1368 4770 1525 le
4825 1368 5006 1525 pied

619 1515 944 1668 gauche,
1025 1515 1039 1668 &
1093 1515 1431 1668 tournez
1485 1515 1932 1668 ſeulement
1986 1515 2026 1668 le
2094 1515 2270 1668 talon
2378 1515 2419 1668 du
2500 1515 2676 1668 pied
2743 1515 2933 1668 droit
2987 1515 3041 1668 en
3136 1515 3420 1668 dehors
3460 1515 3745 1668 juſqu’à
3812 1515 3853 1668 la
3975 1515 4597 1668 Circonference
4678 1515 4732 1668 du
4854 1515 5003 1668 Cer-

621 1652 747 1811 cle.
860 1652 930 1811 En
1014 1652 1070 1811 ce
1126 1652 1435 1811 faiſant,
1492 1652 1534 1811 je
1632 1652 1702 1811 di,
1758 1652 1885 1811 que
1941 1652 1983 1811 ſi
2025 1652 2447 1811 l’Ennemi
2517 1652 2713 1811 vient
2784 1652 3121 1811 toucher
3191 1652 3444 1811 voſtre
3514 1652 3725 1811 eſpee
3795 1652 3837 1811 en
3935 1652 4216 1811 dedans
4286 1652 4483 1811 pour
4525 1652 5003 1811 l’aſſujettir,

610 1794 678 1949 ou
747 1794 939 1949 pour
980 1794 1021 1949 la
1090 1794 1625 1949 tranſporter,
1666 1794 1707 1949 il
1748 1794 1940 1949 vous
1981 1794 2119 1949 ſera
2173 1794 2599 1949 tres-facile
2681 1794 2736 1949 de
2777 1794 2900 1949 luy
2955 1794 3284 1949 reſiſter,
3326 1794 3339 1949 à
3408 1794 3614 1949 cauſe
3696 1794 3751 1949 de
3792 1794 4491 1949 l’accroiſſement
4560 1794 4629 1949 de
4683 1794 4725 1949 la
4793 1794 4999 1949 force

612 1936 652 2090 en
758 1936 1063 2090 dedans:
1169 1936 1315 2090 mais
1381 1936 1421 2090 en
1513 1936 1898 2090 eſchange
1951 1936 2136 2090 vous
2176 1936 2375 2090 ſerez
2454 1936 2785 2090 d’autant
2838 1936 3011 2090 plus
3050 1936 3368 2090 affoibli
3421 1936 3474 2090 en
3567 1936 3872 2090 dehors.
3951 1936 4283 2090 Somme
4362 1936 4548 2090 ceſte
4601 1936 4972 2090 ſituation

623 2075 676 2228 du
741 2075 926 2228 pied
978 2075 1215 2228 eſtant
1294 2075 1834 2228 direement
1900 2075 2282 2228 contraire
2335 2075 2335 2228 à
2388 2075 2440 2228 la
2493 2075 3033 2228 precedente,
3085 2075 3257 2228 auſſi
3309 2075 3402 2228 les
3454 2075 3731 2228 effes
3783 2075 3836 2228 en
3915 2075 4086 2228 ſont
4152 2075 4205 2228 du
4284 2075 4468 2228 tout
4534 2075 5008 2228 contraires.

632 2212 865 2367 Autre
919 2212 1234 2367 preuve.
1316 2212 1576 2367 Laiſſez
1617 2212 1672 2367 le
1727 2212 1905 2367 pied
1973 2212 2151 2367 droit
2206 2212 2671 2367 immobile,
2754 2212 2767 2367 &
2822 2212 3164 2367 tournez
3205 2212 3671 2367 ſeulement
3725 2212 3807 2367 les
3876 2212 4136 2367 orteils
4191 2212 4245 2367 du
4328 2212 4506 2367 pied
4560 2212 4861 2367 gauche
4930 2212 4971 2367 en

624 2352 897 2506 dedans
954 2352 1054 2506 ſur
1097 2352 1155 2506 le
1255 2352 1628 2506 Diametre
1686 2352 2116 2506 prolongé,
2173 2352 2331 2506 ſans
2374 2352 2590 2506 ſortir
2633 2352 2905 2506 l’eſpee
2991 2352 3049 2506 de
3092 2352 3135 2506 la
3235 2352 3465 2506 droite
3508 2352 3766 2506 ligne;
3838 2352 3881 2506 je
3981 2352 4024 2506 di
4096 2352 4282 2506 qu’en
4383 2352 4440 2506 ce
4512 2352 4813 2506 faiſant,
4899 2352 5014 2506 ou-

596 2495 685 2643 tre
736 2495 787 2643 le
864 2495 1183 2643 mal-aiſe
1259 2495 1310 2643 du
1400 2495 1629 2643 corps,
1693 2495 2139 2643 procedant
2216 2495 2267 2643 du
2343 2495 2892 2643 retorſement
2981 2495 3083 2643 des
3198 2495 3619 2643 membres;
3683 2495 3721 2643 ſi
3772 2495 4206 2643 l’Ennemi
4282 2495 4461 2643 vous
4537 2495 4741 2643 vient
4805 2495 5009 2643 atta-

611 2629 777 2785 quer
832 2629 942 2785 par
1025 2629 1329 2785 dedans,
1384 2629 1411 2785 il
1467 2629 1480 2785 y
1549 2629 1908 2785 trouvera
1991 2629 2046 2785 de
2101 2629 2571 2785 l’avantage:
2640 2629 2985 2785 d’autant
3081 2629 3205 2785 que
3261 2629 3316 2785 le
3385 2629 3675 2785 dedans
3757 2629 3826 2785 de
3882 2629 4157 2785 l’eſpee
4226 2629 4323 2785 eſt
4392 2629 4709 2785 affoibli
4778 2629 4889 2785 par
4958 2629 4999 2785 la

581 2767 947 2923 ſituation
1039 2767 1144 2923 des
1196 2767 1444 2923 pieds,
1510 2767 1758 2923 eſtant
1811 2767 1863 2923 le
1929 2767 2151 2923 corps
2203 2767 2491 2923 incliné
2570 2767 2622 2923 de
2674 2767 2805 2923 luy
2897 2767 3171 2923 meſme
3237 2767 3237 2923 à
3315 2767 3368 2923 ſe
3446 2767 3773 2923 tourner
3852 2767 3891 2923 en
4009 2767 4284 2923 dehors
4349 2767 4349 2923 à
4467 2767 4624 2923 main
4728 2767 5003 2923 droite.

611 2904 686 3041 Le
748 2904 1134 3041 contraire
1197 2904 1247 3041 en
1321 2904 1795 3041 adviendra,
1845 2904 1869 3041 ſi
1944 2904 2119 3041 vous
2193 2904 2530 3041 tournez
2592 2904 2642 3041 le
2717 2904 2891 3041 pied
2978 2904 3265 3041 ganche
3352 2904 3402 3041 en
3514 2904 3825 3041 dehors,
3875 2904 4050 3041 avec
4100 2904 4187 3041 les
4261 2904 4523 3041 orteils
4585 2904 4635 3041 en
4722 2904 5009 3041 arriere

581 3038 690 3185 ſur
732 3038 786 3185 le
896 3038 1265 3185 Diametre
1334 3038 1758 3185 prolongé,
1799 3038 2100 3185 laiſſant
2155 3038 2429 3185 l’eſpee
2484 3038 2539 3185 en
2607 3038 2812 3185 ligne
2894 3038 3155 3185 droite,
3223 3038 3538 3185 comme
3593 3038 3661 3185 au
3743 3038 4140 3185 paavant.
4277 3038 4373 3185 Car
4455 3038 4674 3185 outre
4715 3038 4770 3185 le
4852 3038 5016 3185 mal-

579 3178 714 3323 aiſe
795 3178 849 3323 de
903 3178 943 3323 la
1010 3178 1361 3323 poſture,
1415 3178 1685 3323 l’eſpee
1739 3178 1873 3323 ſera
1941 3178 2359 3323 tellement
2413 3178 2777 3323 affoiblie
2831 3178 2952 3323 par
3033 3178 3357 3323 dehors,
3438 3178 3559 3323 que
3626 3178 3802 3323 vous
3869 3178 4004 3323 n’en
4098 3178 4449 3323 pourrez
4516 3178 4692 3323 faire
4759 3178 5002 3323 aucu-

581 3319 664 3463 ne
719 3319 1131 3463 reſiſtence
1213 3319 1268 3463 de
1337 3319 1392 3463 ce
1460 3319 1653 3463 coſté
1708 3319 1790 3463 là,
1818 3319 1859 3463 ſi
1914 3319 1969 3463 ce
2024 3319 2202 3463 n’eſt
2257 3319 2422 3463 avec
2505 3319 2738 3463 grand
2793 3319 3082 3463 travail:
3137 3319 3137 3463 à
3205 3319 3411 3463 cauſe
3494 3319 3617 3463 que
3672 3319 3714 3463 le
3768 3319 3933 3463 bras
4016 3319 4071 3463 de
4112 3319 4400 3463 l’eſpee
4455 3319 4593 3463 ſera
4675 3319 5005 3463 comme

570 3456 827 3601 forcé,
867 3456 989 3601 par
1030 3456 1070 3601 la
1151 3456 1624 3601 collocation
1719 3456 1773 3601 du
1854 3456 2030 3601 pied
2138 3456 2138 3601 &
2219 3456 2327 3601 des
2408 3456 2719 3601 muſcles
2786 3456 2854 3601 de
2895 3456 2935 3601 la
3003 3456 3273 3601 jambe
3368 3456 3692 3601 gauche,
3746 3456 3759 3601 à
3814 3456 3868 3601 ſe
3935 3456 4273 3601 tourner
4354 3456 4611 3601 devers
4678 3456 4719 3601 le
4814 3456 5003 3601 coſté

592 3592 913 3741 gauche.
1079 3592 1246 3741 Nous
1284 3592 1528 3741 avons
1605 3592 1874 3741 deſcrit
1938 3592 2041 3741 ces
2092 3592 2502 3741 exemples
2566 3592 2745 3741 aſſez
2810 3592 3233 3741 extremes.
3309 3592 3412 3741 car
3502 3592 3566 3741 de
3643 3592 3809 3741 vray
3861 3592 3899 3741 il
3963 3592 4322 3741 aviendra
4412 3592 4527 3741 peu
4617 3592 5001 3741 ſouvent,

592 3735 720 3880 que
784 3735 1182 3880 quelquun
1259 3735 1515 3880 plante
1566 3735 1669 3880 ſes
1733 3735 1951 3880 pieds
2002 3735 2028 3880 ſi
2105 3735 2912 3880 deſordonnement,
2976 3735 3297 3880 comme
3348 3735 3553 3880 nous
3604 3735 3912 3880 venons
3976 3735 4040 3880 de
4092 3735 4630 3880 repreſenter.
4758 3735 4912 3880 mais
4976 3735 5002 3880 il

571 3870 678 4022 n’y
745 3870 745 4022 a
812 3870 1041 4022 point
1108 3870 1175 4022 de
1242 3870 1618 4022 difficulté
1685 3870 1739 4022 en
1819 3870 1994 4022 cela;
2048 3870 2155 4022 car
2222 3870 2330 4022 qui
2383 3870 2773 4022 entendra
2840 3870 2988 4022 bien
3055 3870 3149 4022 les
3202 3870 3457 4022 fautes
3511 3870 3672 4022 plus
3726 3870 4075 4022 lourdes,
4115 3870 4156 4022 il
4223 3870 4760 4022 comprendra
4827 3870 5002 4022 auſſi

569 4005 730 4160 bien
823 4005 970 4160 toſt
1010 4005 1104 4160 les
1170 4005 1331 4160 plus
1371 4005 1731 4160 ſubtiles,
1825 4005 2319 4160 moyennant
2399 4005 2693 4160 qu’elles
2746 4005 3094 4160 puiſſent
3160 4005 3334 4160 eſtre
3427 4005 4002 4160 deſcouvertes
4055 4005 4162 4160 par
4215 4005 4309 4160 les
4416 4005 4736 4160 meſmes
4790 4005 5017 4160 preu-

587 4145 733 4288 ves:
827 4145 880 4288 ce
960 4145 1080 4288 que
1147 4145 1333 4288 nous
1400 4145 1440 4288 en
1520 4145 1760 4288 avons
1814 4145 1974 4288 fait,
2040 4145 2120 4288 c’à
2187 4145 2320 4288 eſté
2400 4145 2520 4288 afin
2614 4145 2747 4288 que
2787 4145 2827 4288 la
2907 4145 3347 4288 difference
3414 4145 3481 4288 du
3561 4145 4201 4288 renforcement
4308 4145 4321 4288 &
4388 4145 4441 4288 de
4494 4145 5015 4288 l’affoibliſſe-

615 4286 804 4435 ment
871 4286 912 4435 en
993 4286 1141 4435 fuſt
1209 4286 1560 4435 d’autant
1614 4286 1776 4435 plus
1844 4286 2249 4435 evidente.
2384 4286 2614 4435 Quant
2668 4286 2668 4435 à
2722 4286 3005 4435 l’uſage
3100 4286 3154 4435 de
3235 4286 3330 4435 ces
3384 4286 3721 4435 preuves
3816 4286 3829 4435 &
3897 4286 4005 4435 des
4059 4286 4491 4435 preceptes
4586 4286 4937 4435 meſmes,
4978 4286 5005 4435 il

596 4422 677 4575 eſt
731 4422 907 4575 tout
988 4422 1420 4575 manifeſte:
1502 4422 1650 4575 c’eſt
1704 4422 2042 4575 aſſavoir,
2124 4422 2178 4575 de
2272 4422 2637 4575 monſtrer
2691 4422 2732 4575 la
2840 4422 3165 4575 maniere
3232 4422 3678 4575 d’attaquer
3733 4422 4003 4575 l’eſpee
4071 4422 4463 4575 contraire
4517 4422 4638 4575 par
4679 4422 4733 4575 le
4801 4422 5004 4575 coſté

599 4566 713 4711 qui
769 4566 911 4711 ſera
968 4566 1123 4711 plus
1194 4566 1463 4711 foible.
1576 4566 1916 4711 d’autant
1987 4566 2114 4711 que
2171 4566 2213 4711 le
2270 4566 2511 4711 foible
2581 4566 2680 4711 eſt
2737 4566 3162 4711 incapable
3247 4566 3303 4711 de
3360 4566 3671 4711 reſiſter,
3785 4566 3785 4711 &
3841 4566 4040 4711 preſt
4082 4566 4096 4711 à
4181 4566 4351 4711 eſtre
4408 4566 4846 4711 ſurmonté
4946 4566 5002 4711 de

580 4706 681 4849 ſon
770 4706 1200 4849 contraire.
1251 4706 1302 4849 le
1352 4706 1504 4849 fort
1568 4706 1745 4849 peut
1834 4706 2176 4849 moderer
2239 4706 2505 4849 toutes
2556 4706 2644 4849 ſes
2695 4706 3011 4849 aions
3049 4706 3227 4849 avec
3303 4706 3429 4849 peu
3518 4706 3581 4849 de
3632 4706 3949 4849 travail:
4012 4706 4063 4849 le
4139 4706 4379 4849 foible
4443 4706 4531 4849 eſt
4595 4706 5012 4849 contraint

583 4844 776 4988 pour
845 4844 886 4988 ſe
941 4844 1395 4988 renforcer,
1464 4844 1684 4988 d’uſer
1767 4844 1836 4988 de
1904 4844 2304 4988 violence;
2386 4844 2496 4988 qui
2551 4844 2592 4988 le
2648 4844 2840 4988 rend
2895 4844 3074 4988 ſujet
3129 4844 3129 4988 à
3198 4844 3707 4988 tresbucher,
3762 4844 3762 4988 à
3817 4844 4230 4988 forligner,
4271 4844 4285 4988 à
4340 4844 4767 4988 s’eſcarter,
4877 4844 4877 4988 &
4932 4844 4987 4988 en

586 4982 904 5128 ſomme
957 4982 957 5128 à
1037 4982 1328 5128 donner
1395 4982 1792 5128 occaſions
1872 4982 1925 5128 de
1978 4982 2256 5128 bleſſer
2309 4982 2362 5128 en
2442 4982 2827 5128 pluſieurs
2919 4982 3304 5128 manieres,
3357 4982 3556 5128 pour
3622 4982 3834 5128 celuy
3914 4982 4020 5128 qui
4073 4982 4444 5128 cognoiſt
4497 4982 4537 5128 la
4603 4982 4855 5128 valeur
4935 4982 4988 5128 du

590 5123 1073 5264 ſentiment:
1128 5123 1444 5264 comme
1500 5123 1527 5264 il
1582 5123 1720 5264 ſera
1803 5123 2092 5264 declaré
2147 5123 2202 5264 en
2271 5123 2312 5264 la
2367 5123 2560 5264 ſuite
2643 5123 2698 5264 de
2753 5123 2877 5264 nos
2974 5123 3387 5264 Tableaux.
3580 5123 3607 5264 Il
3662 5123 3828 5264 faut
3883 5123 4062 5264 auſſi
4117 5123 4489 5264 obſerver
4544 5123 4599 5264 en
4682 5123 4875 5264 ceſte
4930 5123 4999 5264 ſi-

587 5261 888 5420 tuation
983 5261 1093 5420 des
1147 5261 1352 5420 pieds
1407 5261 1462 5420 la
1516 5261 1721 5420 juſte
1790 5261 2049 5420 eſpace
2131 5261 2241 5420 qui
2295 5261 2391 5420 eſt
2459 5261 2678 5420 entre
2746 5261 2979 5420 deux;
3061 5261 3170 5420 qui
3238 5261 3320 5420 eſt
3389 5261 3908 5420 repreſentée
3963 5261 4154 5420 aſſez
4209 5261 4687 5420 clairement
4742 5261 4865 5420 par
4906 5261 5002 5420 les

589 5399 839 5552 lignes
908 5399 963 5552 du
1088 5399 1616 5552 Quadrangle.
1727 5399 1837 5552 Car
1893 5399 1921 5552 ſi
1976 5399 2046 5552 on
2115 5399 2157 5552 ſe
2254 5399 2379 5552 met
2448 5399 2961 5552 autrement,
3017 5399 3128 5552 par
3211 5399 3572 5552 exemple
3641 5399 3641 5552 à
3710 5399 3932 5552 pieds
3974 5399 4265 5552 joints,
4390 5399 4404 5552 &
4487 5399 4682 5552 qu’on
4793 5399 5001 5552 com-

626 5540 875 5692 mence
928 5540 941 5692 à
993 5540 1190 5692 lever
1242 5540 1281 5692 le
1347 5540 1517 5692 pied
1583 5540 1766 5692 droit
1832 5540 2028 5692 pour
2120 5540 2487 5692 marcher,
2526 5540 2578 5692 le
2644 5540 2906 5692 centre
2984 5540 3037 5692 du
3115 5540 3338 5692 corps
3404 5540 3862 5692 demeurera
3941 5540 4045 5692 ſur
4098 5540 4150 5692 le
4216 5540 4556 5692 gauche,
4661 5540 4661 5692 &
4714 5540 4858 5692 ſera
4923 5540 4989 5692 on

605 5677 1014 5844 contraint
1093 5677 1186 5844 d’y
1252 5677 1661 5844 adjouſter
1714 5677 1938 5844 encor
2031 5677 2361 5844 quelque
2414 5677 2638 5844 autre
2691 5677 3193 5844 preparation
3272 5677 3655 5844 (comme
3734 5677 3800 5844 de
3853 5677 4209 5844 pancher
4275 5677 4328 5844 le
4408 5677 4619 5844 corps
4698 5677 4764 5844 un
4856 5677 4975 5844 peu

612 5818 653 5979 en
736 5818 1014 5979 avant)
1055 5818 1249 5979 pour
1291 5818 1416 5979 luy
1499 5818 1790 5979 donner
1846 5818 1887 5979 ſa
1957 5818 2248 5979 courſe,
2317 5818 2594 5979 devant
2678 5818 2844 5979 qu’il
2913 5818 3315 5979 chemine.
3440 5818 3551 5979 Qui
3606 5818 3690 5979 eſt
3745 5818 3814 5979 un
3925 5818 4466 5979 mouvement
4508 5818 4910 5979 ſuperflu,
5007 5818 5021 5979 &

600 5955 666 6121 un
745 5955 1323 6121 remarquable
1388 5955 2058 6121 advertiſſement
2111 5955 2111 6121 à
2163 5955 2610 6121 l’Ennemi
2662 5955 2859 6121 pour
2951 5955 3385 6121 deſcouvrir
3490 5955 3503 6121 &
3555 5955 3923 6121 prevenir
3989 5955 4265 6121 toutes
4317 5955 4435 6121 vos
4501 5955 5013 6121 entrepriſes.

617 6098 779 6255 Sans
846 6098 1211 6255 compter
1292 6098 1413 6255 que
1467 6098 1508 6255 le
1589 6098 1805 6255 corps
1859 6098 1899 6255 ſe
1967 6098 2156 6255 tient
2210 6098 2534 6255 encores
2588 6098 3020 6255 beaucoup
3087 6098 3249 6255 plus
3290 6098 3587 6255 ferme,
3668 6098 3924 6255 quand
3992 6098 4046 6255 on
4140 6098 4140 6255 a
4208 6098 4302 6255 les
4356 6098 4586 6255 pieds
4667 6098 4707 6255 en
4802 6098 5004 6255 juſte

634 6232 996 6398 diſtance;
1038 6232 1385 6398 laquelle
1441 6232 1692 6398 eſtant
1747 6232 2026 6398 prinſe,
2067 6232 2095 6398 il
2151 6232 2234 6398 ne
2276 6232 2443 6398 faut
2513 6232 2638 6398 que
2694 6232 2888 6398 lever
2944 6232 3111 6398 tant
3167 6232 3626 6398 ſeulement
3668 6232 3723 6398 le
3779 6232 3960 6398 pied
4044 6232 4113 6398 de
4183 6232 4489 6398 devant,
4572 6232 4851 6398 quand
4934 6232 4990 6398 on

621 6378 787 6539 veut
870 6378 1231 6539 marcher.
1314 6378 1411 6539 car
1453 6378 1509 6539 le
1578 6378 1786 6539 corps
1842 6378 1883 6539 ſe
1953 6378 2355 6539 preparera
2438 6378 2494 6539 de
2549 6378 2674 6539 luy
2757 6378 3035 6539 meſme
3090 6378 3090 6539 à
3159 6378 3381 6539 partir
3451 6378 3506 6539 du
3576 6378 3756 6539 lieu,
3839 6378 3895 6539 de
3950 6378 4158 6539 ſorte
4228 6378 4394 6539 qu’il
4450 6378 4588 6539 ſera
4672 6378 5018 6539 pluſtoſt

609 6505 944 6659 beſoing
1014 6505 1070 6659 de
1126 6505 1168 6659 le
1224 6505 1545 6659 retenir,
1614 6505 1740 6659 que
1810 6505 1866 6659 de
1922 6505 2257 6659 l’inciter
2326 6505 2815 6659 d’avantage.
3024 6505 3094 6659 Le
3150 6505 3653 6659 fondement
3750 6505 3806 6659 de
3876 6505 4057 6659 tout
4113 6505 4169 6659 ce
4253 6505 4588 6659 diſcours
4672 6505 5007 6659 conſiſte

624 6656 664 6812 en
772 6656 866 6812 ce,
947 6656 1081 6812 que
1161 6656 1336 6812 ceſte
1403 6656 1766 6812 ſituation
1887 6656 1981 6812 des
2048 6656 2263 6812 pieds
2330 6656 2424 6812 eſt
2491 6656 2720 6812 toute
2787 6656 3217 6812 naturelle.
3365 6656 3418 6812 On
3539 6656 3620 6812 me
3687 6656 3969 6812 pourra
4063 6656 4533 6812 cependant
4614 6656 5017 6812 objeer,

626 6798 834 6963 qu’au
930 6798 1677 6963 commencement
1760 6798 1815 6963 de
1856 6798 2299 6963 l’exercice,
2354 6798 2409 6963 on
2492 6798 2506 6963 y
2561 6798 2851 6963 trouve
2893 6798 3059 6963 bien
3155 6798 3211 6963 de
3252 6798 3307 6963 la
3363 6798 3805 6963 beſoigne,
3860 6798 4026 6963 tant
4095 6798 4289 6963 pour
4358 6798 4523 6963 bien
4606 6798 4883 6963 porter
5007 6798 5021 6963 &

4817 6979 5007 7074 tenir
