5442 7366
1017 2708 1663 2811 DISCOVRS
1848 2708 1956 2811 DE
2140 2708 2648 2811 L’VSAGE
2833 2708 2941 2811 ET
3126 2708 3972 2811 EXCELLENCE
4172 2708 4280 2811 DE
4449 2708 4557 2811 LA

1104 2847 1588 2944 PREMIERE
1682 2847 2237 2944 INSTANCE,
2343 2847 2579 2944 AVEC
2709 2847 2792 2944 LA
2945 2847 3346 2944 MANIERE
3488 2847 3570 2944 DE
3700 2847 3771 2944 LA
3913 2847 4361 2944 CHANGER
4479 2847 4550 2944 ET

1120 2972 1836 3067 ACCOMMODER
1940 2972 2009 3067 SE
2078 2972 2251 3067 LON
2378 2972 2505 3067 LES
2632 2972 3071 3067 DIVERSES
3209 2972 3590 3067 MESVRES
3705 2972 3844 3067 DES
3948 2972 4271 3067 ESPEES.

1512 3179 1836 3397 Rc’eſt
1896 3179 2160 3397 aſſez
2261 3179 2362 3397 dit
2463 3179 2544 3397 de
2605 3179 2666 3397 la
2747 3179 3213 3397 poſture:
3274 3179 3699 3397 parlons
3760 3179 3760 3397 à
3841 3179 4104 3397 cette
4165 3179 4631 3397 heure&
4691 3179 4995 3397 brief-

1436 3390 1756 3532 vement
1837 3390 1890 3532 de
1957 3390 1997 3532 la
2117 3390 2438 3532 meſure,
2505 3390 2558 3532 en
2665 3390 2866 3532 quoy
2933 3390 3026 3532 les
3080 3390 3360 3532 parties
3414 3390 3454 3532 ſe
3521 3390 3895 3532 tiennent
3962 3390 4069 3532 ſur
4122 3390 4216 3532 les
4282 3390 4550 3532 quatre
4683 3390 4964 3532 Cercles

1446 3529 1501 3671 de
1569 3529 1623 3671 ce
1719 3529 2101 3671 Tableau:
2183 3529 2305 3671 qui
2373 3529 2455 3671 eſt
2510 3529 2714 3671 telle,
2783 3529 2905 3671 que
3001 3529 3260 3671 quand
3315 3529 3383 3671 ils
3451 3529 4228 3671 s’entrepreſentent
4297 3529 4488 3671 leurs
4569 3529 4815 3671 eſpees
4897 3529 4938 3671 en

1420 3666 1663 3808 lignes
1743 3666 2080 3808 droites,
2148 3666 2309 3808 elles
2377 3666 2768 3808 viennent
2835 3666 2835 3808 à
2916 3666 2956 3808 ſe
3064 3666 3374 3808 meſurer
3442 3666 3536 3808 les
3603 3666 3792 3808 unes
3846 3666 3940 3808 les
4008 3666 4304 3808 autres.
4453 3666 4614 3808 C’eſt
4668 3666 4709 3808 la
4816 3666 4951 3808 Pre-

1451 3804 1649 3943 miere
1711 3804 2108 3943 Inſtance,
2157 3804 2319 3943 vray
2393 3804 3149 3943 commencement
3224 3804 3273 3943 du
3335 3804 3484 3943 jeu,
3521 3804 3806 3943 tenant
3856 3804 3943 3943 les
3992 3804 4278 3943 parties
4340 3804 4389 3943 en
4464 3804 4612 3943 une
4674 3804 4959 3943 diſtan-

1423 3945 1483 4081 ce
1532 3945 1725 4081 juſte
1833 3945 1845 4081 &
1894 3945 2400 4081 totalement
2461 3945 3124 4081 proportionnée
3185 3945 3317 4081 aux
3390 3945 3607 4081 corps
3716 3945 3728 4081 &
3776 3945 3909 4081 aux
3957 3945 4247 4081 armes:
4295 3945 4428 4081 non
4500 3945 4669 4081 trop
4729 3945 4959 4081 large;

551 4074 654 4225 car
718 4074 770 4225 on
859 4074 872 4225 y
936 4074 1116 4225 peut
1180 4074 1526 4225 toucher
1578 4074 2014 4225 l’Ennemi
2065 4074 2116 4225 en
2193 4074 2258 4225 un
2347 4074 2604 4225 temps
2694 4074 3117 4225 mediocre;
3220 4074 3220 4225 &
3271 4074 3412 4225 non
3489 4074 3643 4225 trop
3733 4074 4092 4225 eſtroite;
4169 4074 4271 4225 car
4336 4074 4387 4225 en
4451 4074 4669 4225 icelle
4759 4074 4810 4225 on
4900 4074 4951 4225 ſe

553 4210 730 4369 peut
785 4210 976 4369 aſſez
1044 4210 1425 4369 defendre
1466 4210 1480 4369 à
1534 4210 1807 4369 temps
1875 4210 1943 4369 de
1997 4210 2215 4369 touts
2256 4210 2351 4369 les
2392 4210 2678 4369 aſſauts
2746 4210 2801 4369 du
2937 4210 3359 4369 Contraire.
3482 4210 3673 4369 Ceux
3755 4210 3864 4369 qui
3904 4210 4286 4369 ignorent
4368 4210 4558 4369 ceſte
4654 4210 4967 4369 meſure,

540 4353 594 4502 ſe
647 4353 1022 4502 tiennent
1089 4353 1249 4502 plus
1302 4353 1704 4502 eſloignez
1784 4353 1837 4502 de
1904 4353 1958 4502 ce
2024 4353 2225 4502 qu’ils
2279 4353 2359 4502 ne
2426 4353 3054 4502 devroyent:ou,
3094 4353 3214 4502 s’ils
3268 4353 3308 4502 ſe
3375 4353 3696 4502 veulent
3749 4353 4204 4502 approcher
4271 4353 4765 4502 d’avantage,
4792 4353 4872 4502 ils
4912 4353 4966 4502 ſe

577 4490 905 4636 mettent
970 4490 1023 4636 en
1101 4490 1167 4636 un
1259 4490 1534 4636 danger
1586 4490 2071 4636 inevitable,
2110 4490 2346 4636 avant
2411 4490 2542 4636 que
2621 4490 2948 4636 d’arriver
3001 4490 3014 4636 à
3066 4490 3106 4636 la
3210 4490 3486 4636 meſure
3538 4490 4023 4636 pretendue.
4154 4490 4311 4636 C’eſt
4376 4490 4822 4636 pourquoy
4887 4490 4940 4636 en

537 4626 710 4772 tout
764 4626 817 4772 le
884 4626 1230 4772 diſcours
1297 4626 1350 4772 de
1430 4626 1564 4772 ceſt
1617 4626 2004 4772 exercice,
2030 4626 2070 4772 la
2150 4626 2710 4772 cognoiſſance
2790 4626 2857 4772 de
2924 4626 3110 4772 ceſte
3190 4626 3470 4772 meſure
3523 4626 3723 4772 nous
3763 4626 4030 4772 ſervira
4110 4626 4177 4772 de
4243 4626 4497 4772 guide,
4537 4626 4737 4772 pour
4790 4626 4950 4772 arri-

549 4765 654 4919 ver
707 4765 838 4919 aux
904 4765 1285 4919 diſtances
1338 4765 2061 4919 proportionnées
2100 4765 2100 4919 à
2153 4765 2284 4919 nos
2363 4765 2705 4919 deſſeins:
2744 4765 2797 4919 en
2875 4765 3073 4919 ſorte
3138 4765 3401 4919 qu’elle
3454 4765 3651 4919 nous
3690 4765 3835 4919 ſera
3900 4765 4216 4919 comme
4282 4765 4413 4919 une
4492 4765 4952 4919 eſchauget-

548 4907 624 5061 te,
688 4907 751 5061 de
802 4907 1146 5061 laquelle
1209 4907 1260 5061 on
1362 4907 1794 5061 deſcouvre
1845 4907 2112 5061 toutes
2151 4907 2252 5061 les
2303 4907 2837 5061 entreprinſes
2914 4907 3372 5061 contraires;
3410 4907 3741 5061 attendu
3830 4907 3957 5061 que
4020 4907 4288 5061 toutes
4338 4907 4427 5061 les
4491 4907 4949 5061 operations

573 5039 616 5205 de
675 5039 938 5205 l’eſpee
996 5039 1171 5205 ſont
1230 5039 1726 5205 contraintes
1799 5039 1857 5205 de
1916 5039 2149 5205 paſſer
2193 5039 2252 5205 le
2310 5039 2602 5205 paſſage
2675 5039 2733 5205 de
2806 5039 2982 5205 ceſte
3069 5039 3449 5205 Premiere
3507 5039 3901 5205 Inſtance,
3945 5039 4179 5205 avant
4237 5039 4544 5205 qu’elles
4617 5039 4953 5205 puiſſent

540 5186 891 5339 attenter
947 5186 1059 5339 ſur
1102 5186 1158 5339 le
1228 5186 1467 5339 corps.
1593 5186 1874 5339 Toutes
1916 5186 2014 5339 les
2071 5186 2408 5339 aions,
2464 5186 2576 5339 par
2618 5186 3054 5339 leſquelles
3082 5186 3138 5339 le
3208 5186 3307 5339 jeu
3377 5186 3419 5339 ſe
3475 5186 3658 5339 peut
3742 5186 4149 5339 diverſifier
4220 5186 4276 5339 en
4402 5186 4571 5339 mille
4683 5186 4697 5339 &
4795 5186 4964 5339 mille

575 5326 989 5479 manieres,
1056 5326 1470 5479 prennent
1510 5326 1670 5479 icy,
1737 5326 1750 5479 à
1817 5326 2364 5479 proprement
2418 5326 2712 5479 parler,
2765 5326 2925 5479 leur
3005 5326 3339 5479 origine.
3499 5326 3566 5479 En
3646 5326 3713 5479 fin
3807 5326 3967 5479 c’eſt
4020 5326 4074 5479 le
4154 5326 4528 5479 compas,
4608 5326 4714 5479 qui
4768 5326 4955 5479 nous

575 5464 896 5621 monſtre
963 5464 1070 5621 par
1163 5464 1257 5621 my
1310 5464 1390 5621 les
1457 5464 1738 5621 vagues
1778 5464 2352 5621 impetueuſes
2445 5464 2499 5621 de
2566 5464 2753 5621 ceſte
2860 5464 3007 5621 mer,
3073 5464 3113 5621 la
3194 5464 3487 5621 courſe,
3568 5464 3768 5621 qu’on
3888 5464 4022 5621 doit
4089 5464 4476 5621 prendre,
4543 5464 4743 5621 pour
4797 5464 4957 5621 arri-

549 5600 644 5760 ver
699 5600 767 5760 au
835 5600 1012 5760 port
1093 5600 1148 5760 de
1243 5600 1610 5760 Vioire.
1760 5600 1882 5760 Mais
1950 5600 2114 5760 c’eſt
2168 5600 2345 5760 aſſez
2399 5600 2590 5760 pour
2644 5600 2685 5760 le
2739 5600 3093 5760 preſent,
3134 5600 3283 5760 ſans
3338 5600 3596 5760 entrer
3664 5600 3719 5760 en
3800 5600 3855 5760 ce
3936 5600 4277 5760 diſcours
4317 5600 4481 5760 plus
4535 5600 4780 5760 avant;
4848 5600 4943 5760 car

535 5740 630 5900 les
684 5740 1143 5900 proprietez
1211 5740 1279 5900 de
1333 5740 1373 5900 la
1468 5740 1847 5900 Premiere
1914 5740 2306 5900 Inſtance,
2374 5740 2685 5900 comme
2739 5740 2928 5900 auſſi
3009 5740 3063 5900 de
3117 5740 3158 5900 la
3239 5740 3631 5900 Seconde,
3739 5740 3739 5900 &
3834 5740 4280 5900 Troiſieme,
4334 5740 4415 5900 ne
4483 5740 4537 5900 ſe
4591 5740 4943 5900 peuvent

561 5876 886 6035 declarer
953 5876 1061 6035 par
1115 5876 1156 6035 le
1250 5876 1494 6035 menu,
1534 5876 1696 6035 ſans
1764 5876 2088 6035 declarer
2170 5876 2426 6035 quand
2535 5876 2548 6035 &
2616 5876 2872 6035 quand
2913 5876 3008 6035 les
3062 5876 3494 6035 occaſions,
3548 5876 3670 6035 qui
3710 5876 3913 6035 nous
3981 5876 3994 6035 y
4048 5876 4494 6035 ameinent,
4535 5876 4954 6035 leſquelles

536 6022 712 6175 ſont
766 6022 820 6175 en
914 6022 1144 6175 grand
1198 6022 1590 6175 nombre:
1698 6022 1711 6175 &
1765 6022 2076 6175 partant
2130 6022 2225 6175 les
2265 6022 2535 6175 faudra
2603 6022 2914 6175 cercher
2981 6022 3022 6175 és
3116 6022 3373 6175 Tables
3427 6022 3859 6175 ſuivantes.

752 6154 1022 6316 Notez,
1108 6154 1236 6316 que
1307 6154 1507 6316 nous
1563 6154 2218 6316 preſuppoſons,
2290 6154 2418 6316 que
2489 6154 2574 6316 les
2646 6154 3201 6316 perſonnages
3258 6154 3543 6316 ſoyent
3614 6154 3884 6316 egaux,
3984 6154 3984 6316 &
4055 6154 4240 6316 qu’ils
4311 6154 4554 6316 ayent
4610 6154 4952 6316 pareille-

570 6291 757 6455 ment
811 6291 904 6455 les
944 6291 1198 6455 armes
1265 6291 1532 6455 egales,
1572 6291 2280 6455 proportionnées
2334 6291 2334 6455 à
2387 6291 2587 6455 leurs
2654 6291 2895 6455 corps;
2948 6291 3015 6455 de
3095 6291 3416 6455 maniere
3496 6291 3616 6455 que
3683 6291 3736 6455 ce
3790 6291 3963 6455 ſont
4003 6291 4097 6455 les
4164 6291 4377 6455 corps
4471 6291 4484 6455 &
4524 6291 4618 6455 les
4671 6291 4952 6455 eſpees,

547 6431 670 6599 qui
738 6431 1094 6599 donnent
1149 6431 1190 6599 la
1258 6431 1477 6599 vraye
1559 6431 1833 6599 meſure
1915 6431 1970 6599 de
2039 6431 2230 6599 ceſte
2312 6431 2682 6599 Premiere
2737 6431 3147 6599 Inſtance.
3284 6431 3380 6599 Car
3435 6431 3530 6599 les
3585 6431 3832 6599 armes
3914 6431 4201 6599 eſtants
4242 6431 4625 6599 inegales,
4680 6431 4721 6599 il
4776 6431 4940 6599 faut

550 6570 897 6740 changer
954 6570 1387 6740 l’Inſtance
1445 6570 1445 6740 à
1503 6570 2008 6740 l’advenant.
2167 6570 2210 6740 Si
2268 6570 2701 6740 l’Ennemi
2759 6570 2759 6740 a
2831 6570 3105 6740 l’eſpee
3177 6570 3336 6740 plus
3379 6570 3726 6740 longue,
3784 6570 3914 6740 que
3957 6570 4000 6740 la
4087 6570 4361 6740 voſtre,
4433 6570 4693 6740 gardez
4765 6570 4953 6740 vous

532 6709 750 6866 bien,
818 6709 941 6866 que
995 6709 1036 6866 ſa
1104 6709 1431 6866 poine
1486 6709 1568 6866 ne
1622 6709 1813 6866 paſſe
1881 6709 2099 6866 outre
2140 6709 2236 6866 les
2277 6709 2672 6866 branches
2740 6709 2808 6866 de
2876 6709 3122 6866 voſtre
3217 6709 3463 6866 garde,
3504 6709 3626 6866 afin
3735 6709 3899 6866 qu’il
3967 6709 3981 6866 y
4076 6709 4444 6866 demeure
4526 6709 4935 6866 touſiours

4725 6885 4931 6950 entre

571 297 756 462 tenir
813 297 1083 462 l’eſpee
1140 297 1197 462 en
1254 297 1468 462 ligne
1539 297 1809 462 droite,
1880 297 2194 462 comme
2250 297 2435 462 auſſi
2492 297 2492 462 à
2564 297 2877 462 planter
2948 297 3261 462 chaſcun
3375 297 3475 462 des
3531 297 3745 462 pieds
3802 297 3902 462 ſur
3958 297 4001 462 ſa
4058 297 4300 462 ligne,
4414 297 4414 462 &
4471 297 4528 462 en
4613 297 4656 462 ſa
4713 297 4969 462 forme

554 437 901 603 requiſe.
981 437 1021 603 Ie
1074 437 1128 603 le
1194 437 1568 603 confeſſe;
1648 437 1808 603 mais
1874 437 2021 603 c’eſt
2074 437 2141 603 au
2234 437 2981 603 commencement
3061 437 3114 603 de
3168 437 3621 603 l’exercice,
3741 437 3741 603 &
3794 437 3794 603 à
3874 437 4048 603 ceux
4114 437 4234 603 qui
4274 437 4381 603 n’y
4448 437 4621 603 ſont
4688 437 4808 603 pas
4874 437 4981 603 ac-

577 582 1090 733 couſtumez.
1199 582 1266 733 La
1347 582 1725 733 difficulté
1793 582 1861 733 ne
1942 582 2252 733 depend
2306 582 2536 733 point
2604 582 2658 733 de
2725 582 2779 733 ce
2860 582 2982 733 que
3050 582 3090 733 la
3158 582 3374 733 choſe
3428 582 3509 733 ne
3563 582 3698 733 ſoit
3779 582 3820 733 du
3901 582 4076 733 tout
4130 582 4630 733 accordante
4698 582 4698 733 à
4752 582 4792 733 la
4860 582 4968 733 na-

561 727 753 880 ture,
805 727 959 880 ains
1036 727 1087 880 de
1151 727 1216 880 ce
1280 727 1408 880 que
1485 727 1588 880 ces
1639 727 1948 880 aions
2012 727 2089 880 ne
2153 727 2333 880 ſont
2397 727 2615 880 point
2680 727 3322 880 accouſtumées
3412 727 3668 880 d’eſtre
3745 727 4208 880 pratiquées
4285 727 4336 880 en
4426 727 4632 880 telles
4709 727 4978 880 occur-

560 870 861 1022 rences,
966 870 966 1022 &
1031 870 1711 1022 accompagnées
1790 870 1855 1022 de
1921 870 2052 1022 tels
2130 870 2732 1022 mouvements.
2837 870 3020 1022 Dont
3059 870 3098 1022 il
3151 870 3242 1022 eſt
3308 870 3439 1022 aiſé
3517 870 3583 1022 de
3635 870 3805 1022 faire
3857 870 3897 1022 la
3962 870 4289 1022 preuve,
4328 870 4642 1022 ſuivant
4708 870 4760 1022 ce
4839 870 4970 1022 que

552 1010 662 1155 j’en
744 1010 812 1155 ay
867 1010 1237 1155 pratiqué
1333 1010 1497 1155 moy
1579 1010 1853 1155 meſme
1895 1010 1908 1155 à
1963 1010 2360 1155 pluſieurs
2401 1010 2538 1155 fois
2593 1010 2799 1155 entre
2867 1010 3045 1155 ceux
3114 1010 3223 1155 qui
3264 1010 3881 1155 ſouſtenoyent
3936 1010 4086 1155 fort
4182 1010 4182 1155 &
4237 1010 4484 1155 ferme
4525 1010 4580 1155 le
4648 1010 4977 1155 contrai-

564 1151 606 1306 re
690 1151 746 1306 de
815 1151 997 1306 ceſte
1053 1151 1471 1306 ſituation.
1541 1151 1611 1306 Au
1722 1151 1946 1306 milieu
2043 1151 2099 1306 de
2141 1151 2183 1306 la
2267 1151 2560 1306 diſpute
2601 1151 2657 1306 je
2741 1151 2825 1306 me
2895 1151 3174 1306 retiray
3243 1151 3522 1306 cinqou
3592 1151 3676 1306 ſix
3732 1151 3857 1306 pas
3899 1151 3899 1306 à
3955 1151 4290 1306 l’eſcart;
4332 1151 4499 1306 puis
4541 1151 4555 1306 à
4597 1151 4974 1306 l’impro-

561 1292 726 1439 viſte
781 1292 836 1439 je
878 1292 974 1439 les
1029 1292 1387 1439 appellay
1442 1292 1456 1439 à
1552 1292 1731 1439 moy,
1800 1292 1841 1439 en
1924 1292 2199 1439 faiſant
2254 1292 2653 1439 ſemblant
2722 1292 2791 1439 de
2860 1292 3163 1439 vouloir
3245 1292 3369 1439 dire
3452 1292 3521 1439 ou
3617 1292 3989 1439 monſtrer
4071 1292 4402 1439 quelque
4484 1292 4704 1439 choſe
4773 1292 4966 1439 nou-

556 1433 768 1581 velle,
795 1433 887 1581 les
940 1433 1192 1581 priant
1272 1433 1338 1581 de
1391 1433 1762 1581 s’arreſter
1829 1433 2001 1581 tout
2067 1433 2279 1581 court
2346 1433 2385 1581 en
2465 1433 2664 1581 leurs
2704 1433 2995 1581 places,
3022 1433 3181 1581 ſans
3234 1433 3539 1581 bouger
3631 1433 3738 1581 des
3791 1433 4029 1581 pieds.
4122 1433 4241 1581 Fut
4294 1433 4705 1581 touſiours
4745 1433 4970 1581 trou-

558 1574 624 1725 vé
691 1574 825 1725 que
865 1574 918 1725 la
972 1574 1145 1725 plus
1212 1574 1359 1725 part
1439 1574 1493 1725 de
1573 1574 1746 1725 ceux
1826 1574 1933 1725 qui
1987 1574 2401 1725 tenoyent
2441 1574 2494 1725 le
2561 1574 2775 1725 corps
2841 1574 3603 1725 perpendiculaire,
3696 1574 3696 1725 &
3750 1574 3843 1725 les
3910 1574 4217 1725 genoux
4284 1574 4564 1725 roides,
4618 1574 4978 1725 avoyent

549 1712 645 1863 les
700 1712 907 1863 pieds
963 1712 1211 1863 ſituez
1252 1712 1446 1863 ſelon
1515 1712 1556 1863 la
1625 1712 1873 1863 forme
1956 1712 2011 1863 de
2067 1712 2329 1863 noſtre
2412 1712 2936 1863 deſcription:
3033 1712 3088 1863 de
3143 1712 3336 1863 ſorte
3419 1712 3543 1863 que
3626 1712 3819 1863 ceſte
3874 1712 4164 1863 preuve
4233 1712 4233 1863 a
4316 1712 4661 1863 ſouvent
4716 1712 4978 1863 termi-

551 1853 631 2003 né
685 1853 820 2003 nos
901 1853 1277 2003 diſputes.
1452 1853 1519 2003 Et
1573 1853 1748 2003 voilà
1815 1853 2246 2003 comment
2313 1853 2502 2003 nous
2555 1853 3067 2003 pretendons
3147 1853 3215 2003 de
3282 1853 3524 2003 ſuivre
3578 1853 3699 2003 par
3753 1853 3928 2003 tout
3982 1853 4022 2003 la
4143 1853 4399 2003 Nature
4453 1853 4654 2003 pour
4722 1853 4977 2003 guide,

545 1997 975 2147 rejettants
1026 1997 1253 2147 touts
1342 1997 1912 2147 mouvements
1962 1997 2329 2147 violents,
2443 1997 2443 2147 &
2519 1997 2785 2147 toutes
2835 1997 2937 2147 les
3000 1997 3367 2147 poſtures
3430 1997 3860 2147 extremes,
3936 1997 4038 2147 qui
4101 1997 4227 2147 ont
4303 1997 4442 2147 eſté
4506 1997 4974 2147 pratiquées

557 2133 665 2283 par
719 2133 773 2283 le
827 2133 1030 2283 paſsé
1084 2133 1300 2283 entre
1368 2133 1544 2283 ceux
1625 2133 1733 2283 qui
1787 2133 2193 2283 faiſoyent
2260 2133 2679 2283 profeſſion
2788 2133 2896 2283 des
2950 2133 3234 2283 armes.
3342 2133 3572 2283 Touts
3639 2133 3775 2283 nos
3829 2133 4248 2283 preceptes
4302 2133 4559 2283 ſeront
4613 2133 4789 2283 tirez
4870 2133 4965 2283 des

563 2268 1125 2431 obſervations
1194 2268 1249 2431 de
1303 2268 1345 2431 la
1468 2268 1729 2431 Nature
1825 2268 2126 2431 meſme,
2168 2268 2373 2431 pour
2414 2268 2744 2431 l’aſſiſter
2840 2268 2881 2431 du
2963 2268 3278 2431 ſecours
3333 2268 3594 2431 qu’elle
3690 2268 3964 2431 meſme
4019 2268 4225 2431 nous
4293 2268 4513 2431 offre,
4623 2268 4636 2431 &
4691 2268 4965 2431 l’ache-

593 2414 812 2563 miner
870 2414 929 2563 au
1017 2414 1178 2563 plus
1236 2414 1426 2563 haut
1514 2414 1719 2563 degré
1807 2414 1865 2563 de
1938 2414 1982 2563 ſa
2055 2414 2567 2563 perfeion.
