5442 7366
585 287 795 440 entre
865 287 1047 440 deux
1103 287 1145 440 la
1229 287 1509 440 meſure
1593 287 1649 440 du
1733 287 1901 440 bras
1957 287 2223 440 entier,
2293 287 2405 440 qui
2447 287 2545 440 eſt
2615 287 2741 440 une
2797 287 3315 440 raiſonnable
3385 287 3763 440 diſtance,
3875 287 3875 440 &
3917 287 4113 440 aſſez
4169 287 4463 440 grande
4533 287 4729 440 pour
4799 287 4981 440 vous

577 429 945 584 preparer
1014 429 1027 584 à
1096 429 1355 584 temps
1423 429 1423 584 à
1492 429 1533 584 la
1642 429 1983 584 defenſe.
2174 429 2284 584 Car
2338 429 2379 584 ſi
2448 429 2625 584 vous
2666 429 2980 584 taſchez
3062 429 3117 584 de
3171 429 3362 584 vous
3403 429 3745 584 avancer
3799 429 3963 584 plus
4018 429 4223 584 pres,
4291 429 4482 584 pour
4591 429 4851 584 mettre
4919 429 4960 584 la

585 569 830 721 voſtre
898 569 1075 721 tout
1129 569 1510 721 joignant
1565 569 1606 721 la
1687 569 1946 721 ſienne
2014 569 2259 721 garde,
2313 569 2354 721 il
2408 569 2572 721 aura
2680 569 2735 721 de
2803 569 3279 721 l’avantage,
3334 569 3334 721 à
3388 569 3619 721 raiſon
3728 569 3796 721 de
3851 569 3891 721 la
3946 569 4368 721 longueur
4436 569 4504 721 de
4572 569 4667 721 ſes
4721 569 4980 721 armes

585 712 791 859 quile
846 712 1203 859 favoriſe,
1258 712 1684 859 tellement
1753 712 1932 859 qu’en
2055 712 2330 859 meſure
2372 712 2578 859 large
2619 712 2660 859 il
2729 712 2908 859 peut
2976 712 3279 859 donner
3347 712 3444 859 des
3499 712 3911 859 atteintes,
3980 712 4131 859 ſans
4227 712 4392 859 qu’il
4461 712 4502 859 ſe
4598 712 4818 859 mette
4900 712 4955 859 en

571 854 865 1002 hazard
935 854 1061 1002 d’en
1131 854 1523 1002 recevoir.
1649 854 1831 1002 C’eſt
1887 854 2335 1002 pourquoy
2419 854 2475 1002 on
2559 854 2671 1002 luy
2769 854 2909 1002 doit
2979 854 3175 1002 oſter
3245 854 3399 1002 c’eſt
3469 854 3889 1002 avantage,
3973 854 4071 1002 dés
4141 854 4323 1002 auſſi
4379 854 4533 1002 toſt
4603 854 4771 1002 qu’il
4827 854 4981 1002 pre-

574 989 785 1140 ſente
841 989 884 1140 ſa
940 989 1123 1140 lame
1179 989 1193 1140 à
1250 989 1630 1140 toucher,
1686 989 1728 1140 en
1813 989 2179 1140 taſchant
2263 989 2306 1140 de
2362 989 2827 1140 l’aſſujettir,
2883 989 2939 1140 ou
3038 989 3094 1140 de
3151 989 3545 1140 l’obliger,
3587 989 3784 1140 pour
3855 989 4108 1140 entrer
4178 989 4460 1140 dedans
4530 989 4615 1140 ſes
4685 989 4981 1140 angles,

579 1131 633 1280 ou
714 1131 903 1280 pour
971 1131 1160 1280 venir
1227 1131 1281 1280 en
1389 1131 1659 1280 meſure
1713 1131 2064 1280 eſtroite,
2118 1131 2172 1280 en
2239 1131 2576 1280 laquelle
2630 1131 2671 1280 il
2711 1131 2792 1280 ne
2846 1131 2968 1280 s’en
3049 1131 3278 1280 puiſſe
3332 1131 3750 1280 prevaloir,
3791 1131 3885 1280 ny
3966 1131 4250 1280 manier
4290 1131 4331 1280 ſi
4371 1131 4965 1280 promptemẽt

560 1265 655 1417 ſes
709 1265 980 1417 armes,
1047 1265 1359 1417 comme
1413 1265 1440 1417 il
1494 1265 1724 1417 ſeroit
1792 1265 1846 1417 de
1900 1265 2212 1417 beſoin.
2320 1265 2360 1417 Si
2415 1265 2509 1417 ſon
2591 1265 2807 1417 eſpee
2861 1265 2956 1417 eſt
3010 1265 3173 1417 plus
3227 1265 3524 1417 courte,
3579 1265 3714 1417 que
3755 1265 3795 1417 la
3863 1265 4134 1417 voſtre,
4201 1265 4255 1417 ou
4350 1265 4472 1417 que
4526 1265 4567 1417 la
4634 1265 4973 1417 propor-

569 1400 702 1555 tion
796 1400 849 1555 de
903 1400 1009 1555 ſon
1103 1400 1317 1555 corps
1370 1400 1450 1555 ne
1490 1400 1878 1555 requiert,
1918 1400 1958 1555 la
2025 1400 2265 1555 voſtre
2319 1400 2546 1555 ayant
2599 1400 2639 1555 ſa
2706 1400 2906 1555 juſte
3000 1400 3307 1555 meſure,
3347 1400 3534 1555 vous
3574 1400 3975 1555 prendrez
4028 1400 4068 1555 la
4162 1400 4536 1555 Premiere
4589 1400 4963 1555 Inſtance

563 1542 630 1697 un
711 1542 831 1697 peu
898 1542 1059 1697 plus
1113 1542 1301 1697 pres,
1368 1542 1408 1697 en
1488 1542 1676 1697 ſorte
1770 1542 1891 1697 que
1971 1542 2213 1697 voſtre
2293 1542 2615 1697 poine
2682 1542 2950 1697 pourra
3031 1542 3272 1697 paſſer
3339 1542 3567 1697 outre
3634 1542 3675 1697 ſa
3769 1542 4023 1697 garde,
4131 1542 4627 1697 moyennant
4721 1542 4842 1697 que
4909 1542 4949 1697 la

549 1677 816 1836 ſienne
883 1677 963 1836 ne
1044 1677 1231 1836 paſſe
1284 1677 1404 1836 pas
1444 1677 1484 1836 la
1578 1677 1858 1836 voſtre;
1952 1677 2126 1836 dont
2192 1677 2286 1836 les
2353 1677 2646 1836 raiſons
2700 1677 2874 1836 ſont
2940 1677 3208 1836 toutes
3274 1677 3715 1836 evidentes.
3929 1677 3996 1836 En
4089 1677 4410 1836 ſomme
4463 1677 4503 1836 il
4557 1677 4744 1836 n’eſt
4810 1677 4944 1836 rien

557 1814 714 1977 plus
792 1814 1118 1977 certain,
1184 1814 1301 1977 que
1393 1814 1667 1977 d’avoir
1719 1814 1810 1977 les
1863 1814 2111 1977 armes
2163 1814 2907 1977 proportionnées.
2999 1814 3090 1977 car
3155 1814 3247 1977 les
3312 1814 3469 1977 trop
3547 1814 3926 1977 longues,
4043 1814 4043 1977 &
4109 1814 4200 1977 les
4278 1814 4435 1977 trop
4527 1814 4879 1977 courtes,
4918 1814 4958 1977 ſi

560 1951 720 2113 elles
773 1951 1107 2113 portent
1174 1951 1508 2113 quelque
1561 1951 1949 2113 avantage
2016 1951 2056 2113 en
2163 1951 2523 2113 d’aucuns
2577 1951 2964 2113 endroits,
3031 1951 3191 2113 elles
3231 1951 3405 2113 ſont
3472 1951 3659 2113 auſſi
3725 1951 4393 2113 accompagnées
4487 1951 4540 2113 de
4607 1951 4968 2113 pareilles

545 2093 1177 2252 imperfeions
1267 2093 1319 2252 en
1422 2093 2093 2252 contreſchange:
2157 2093 2248 2252 les
2312 2093 3021 2252 proportionnées
3086 2093 3254 2252 ſont
3305 2093 3370 2252 au
3460 2093 3860 2252 contraire
3937 2093 4402 2252 egalement
4466 2093 4698 2252 utiles
4776 2093 4814 2252 en
4905 2093 4943 2252 la

582 2230 851 2370 meſure
919 2230 1148 2370 large,
1255 2230 1255 2370 &
1323 2230 1363 2370 en
1444 2230 1847 2370 l’eſtroite.

725 2368 884 2536 Voilà
957 2368 1015 2536 en
1087 2368 1435 2536 ſomme,
1493 2368 1754 2536 qu’elle
1812 2368 1899 2536 eſt
1943 2368 1986 2536 la
2044 2368 2494 2536 perfeion
2581 2368 2639 2536 de
2682 2368 2726 2536 la
2856 2368 3088 2536 Droite
3132 2368 3378 2536 ligne,
3407 2368 3407 2536 à
3480 2368 3886 2536 preſenter
3929 2368 4045 2536 ſur
4089 2368 4132 2536 la
4219 2368 4596 2536 Premiere
4654 2368 4959 2536 Inſtan-

554 2505 649 2672 ce.
783 2505 837 2672 On
918 2505 972 2672 en
1052 2505 1416 2672 pourroit
1470 2505 1820 2672 alleguer
1874 2505 2156 2672 encore
2237 2505 2560 2672 d’autres
2628 2505 2951 2672 raiſons,
2991 2505 3031 2672 ſi
3099 2505 3462 2672 celles-cy
3530 2505 4001 2672 n’eſtoyent
4055 2505 4243 2672 aſſez
4297 2505 4714 2672 evidentes
4768 2505 4957 2672 pour

543 2636 959 2814 perſuader
1024 2636 1063 2814 la
1180 2636 1414 2814 Verité
1480 2636 1480 2814 à
1558 2636 1766 2814 ceux,
1844 2636 1961 2814 qui
2013 2636 2052 2814 la
2117 2636 2442 2814 veulent
2508 2636 2898 2814 recevoir.
3015 2636 3067 2814 Ie
3132 2636 3314 2814 croy
3366 2636 3575 2814 bien,
3640 2636 3770 2814 que
3848 2636 4043 2814 nous
4108 2636 4342 2814 avons
4420 2636 4525 2814 uſé
4590 2636 4954 2814 aucune-

550 2774 678 2943 fois
767 2774 818 2943 de
895 2774 1277 2943 quelques
1341 2774 1673 2943 redites:
1775 2774 1928 2943 mais
1966 2774 2286 2943 l’utilité
2362 2774 2426 2943 du
2490 2774 2668 2943 ſijet
2758 2774 2809 2943 en
2898 2774 3038 2943 fera
3115 2774 3370 2943 noſtre
3459 2774 3778 2943 excuſe;
3855 2774 4378 2943 conſiderant
4455 2774 4736 2943 qu’une
4838 2774 4965 2943 ma-

543 2912 716 3083 tiere
791 2912 853 3083 de
902 2912 939 3083 ſi
1001 2912 1274 3083 grande
1324 2912 1857 3083 importance
1906 2912 1981 3083 ne
2080 2912 2439 3083 meritoit,
2501 2912 2625 3083 que
2699 2912 2947 3083 d’eſtre
3022 2912 3294 3083 traitee
3344 2912 3505 3083 bicn
3592 2912 4150 3083 exaement;
4199 2912 4447 3083 eſtant
4509 2912 4955 3083 expedient

563 3048 657 3219 d’y
710 3048 1033 3219 arreſter
1086 3048 1140 3219 la
1221 3048 1879 3219 contemplation
1986 3048 2040 3219 du
2161 3048 2523 3219 Leeur,
2590 3048 2778 3219 pour
2846 3048 3114 3219 imiter
3181 3048 3235 3219 en
3343 3048 3477 3219 ceſt
3557 3048 3866 3219 endroit
3933 3048 4027 3219 les
4095 3048 4578 3219 avaricieux,
4645 3048 4753 3219 qui
4820 3048 4968 3219 laiſ-

530 3190 698 3349 ſent
736 3190 1304 3349 longuement
1369 3190 1652 3349 courrir
1704 3190 1897 3349 leurs
1962 3190 2246 3349 rentes,
2297 3190 2426 3349 afin
2517 3190 2710 3349 qu’ils
2762 3190 2852 3349 les
2917 3190 3342 3349 reçoivent
3407 3190 3523 3349 par
3588 3190 3807 3349 apres
3871 3190 4052 3349 avec
4142 3190 4426 3349 double
4491 3190 4749 3349 uſure.
