5442 7366
1050 1381 2497 1516 DECLARATION
2741 1381 2986 1516 DES
3251 1381 4473 1516 OPERATIONS

1789 1551 1926 1663 DV
2092 1551 2728 1663 TABLEAV
2894 1551 3711 1663 CINQVIEME.

1515 1766 1762 1976 Oſtre
1838 1766 2390 1976 intention
2504 1766 2599 1976 eſt
2694 1766 3322 1976 d’examiner
3379 1766 3513 1976 les
3608 1766 4197 1976 avantages
4293 1766 4369 1976 de
4426 1766 4502 1976 la
4616 1766 4920 1976 droite

1403 1975 1639 2128 ligne,
1695 1975 2112 2128 preſentée
2168 1975 2168 2128 à
2224 1975 2265 2128 la
2349 1975 2724 2128 Premiere
2794 1975 3155 2128 Inſtance
3211 1975 3392 2128 avec
3433 1975 3906 2128 jugement,
4004 1975 4004 2128 &
4059 1975 4115 2128 en
4184 1975 4226 2128 la
4282 1975 4574 2128 forme,
4657 1975 4769 2128 qui
4824 1975 4921 2128 eſt

1440 2116 1818 2269 monſtrée
1886 2116 1940 2269 au
2035 2116 2373 2269 premier
2454 2116 2590 2269 plan
2684 2116 2738 2269 du
2847 2116 3171 2269 Tableau
3239 2116 3739 2269 precedent:
3834 2116 3888 2269 du
3996 2116 4159 2269 quel
4226 2116 4416 2269 auſsi
4470 2116 4727 2269 toutes
4808 2116 4916 2269 ces

1409 2258 1870 2411 operations
1921 2258 2331 2411 ſuivantes
2395 2258 2894 2411 dependent.
3034 2258 3175 2411 Mais
3226 2258 3533 2411 voyant
3610 2258 3725 2411 que
3776 2258 3866 2411 les
3930 2258 4199 2411 tireurs
4276 2258 4634 2411 d’Armes
4698 2258 4903 2411 com-

1437 2401 1798 2548 mencent
1851 2401 1905 2548 le
1971 2401 2145 2548 plus
2185 2401 2532 2548 ſouvent
2599 2401 2599 2548 à
2679 2401 3066 2548 travailler
3120 2401 3294 2548 avec
3387 2401 3480 2548 des
3534 2401 3854 2548 feintes,
3894 2401 3934 2548 ſi
3975 2401 4121 2548 toſt
4202 2401 4402 2548 qu’ils
4455 2401 4843 2548 viennent
4896 2401 4909 2548 à

1431 2543 1734 2692 meſure,
1786 2543 1984 2692 pour
2036 2543 2208 2692 faire
2260 2543 2484 2692 ſortir
2523 2543 2813 2692 l’eſpee
2879 2543 3261 2692 contraire
3327 2543 3392 2692 un
3471 2543 3590 2692 peu
3695 2543 3748 2692 de
3800 2543 4209 2692 preſence,
4248 2543 4472 2692 avant
4551 2543 4682 2692 que
4735 2543 4906 2692 tirer

518 2681 712 2833 leurs
767 2681 1236 2833 eſtocades;
1277 2681 1305 2833 il
1360 2681 1553 2833 nous
1608 2681 1608 2833 a
1664 2681 1967 2833 ſemble
2022 2681 2450 2833 neceſſaire
2505 2681 2698 2833 pour
2767 2681 3016 2833 voſtre
3071 2681 3236 2833 plus
3292 2681 3581 2833 grande
3636 2681 4175 2833 ſatisfaion,
4257 2681 4271 2833 &
4313 2681 4506 2833 pour
4561 2681 4920 2833 l’eſclair-

534 2819 950 2970 ciſſement
1028 2819 1080 2970 du
1184 2819 1561 2970 Tableau,
1626 2819 1691 2970 de
1769 2819 2030 2970 mettre
2082 2819 2199 2970 icy
2264 2819 2329 2970 un
2407 2819 2602 2970 petit
2667 2819 3018 2970 diſcours
3070 2819 3473 2970 touchant
3525 2819 3617 2970 les
3669 2819 4007 2970 feintes,
4072 2819 4410 2970 premier
4501 2819 4631 2970 que
4722 2819 4917 2970 d’en-

514 2959 661 3110 trer
728 2959 768 3110 en
835 2959 889 3110 la
969 2959 1437 3110 declaration
1517 2959 2026 3110 particuliere
2106 2959 2213 3110 des
2266 2959 2708 3110 exemples,
2775 2959 2882 3110 qui
2949 2959 3109 3110 ſont
3163 2959 3283 3110 icy
3336 2959 3764 3110 propoſez.
3885 2959 4072 3110 Dont
4126 2959 4326 3110 nous
4380 2959 4915 3110 preſuppoſe-

516 3100 717 3248 rons,
797 3100 1415 3248 qu’Alexandre
1468 3100 1777 3248 s’eſtant
1885 3100 1978 3248 mis
2046 3100 2099 3248 le
2166 3100 2502 3248 premier
2582 3100 2636 3248 en
2717 3100 3092 3248 poſture,
3146 3100 3200 3248 le
3253 3100 3428 3248 pied
3522 3100 3710 3248 droit
3777 3100 3884 3248 ſur
3938 3100 3992 3248 le
4072 3100 4273 3248 coſté
4354 3100 4743 3248 exterieur
4837 3100 4877 3248 du

579 3242 1081 3385 Quadrangle
1181 3242 1196 3385 A
1325 3242 1396 3385 C,
1497 3242 1497 3385 &
1554 3242 1826 3385 l’autre
1884 3242 1998 3385 ſur
2041 3242 2084 3385 la
2141 3242 2342 3385 ligne
2428 3242 2715 3385 Pedale;
2815 3242 3173 3385 Zacharie
3216 3242 3374 3385 l’eſt
3431 3242 3603 3385 venu
3675 3242 4062 3385 aborder,
4119 3242 4162 3385 en
4248 3242 4291 3385 ſe
4391 3242 4721 3385 mettant
4793 3242 4793 3385 à
4864 3242 4907 3385 la

544 3382 866 3529 Premier
922 3382 1301 3529 Inſtance
1357 3382 1357 3529 à
1427 3382 1694 3529 l’autre
1750 3382 1946 3529 bout
2030 3382 2072 3529 du
2213 3382 2507 3529 Cercle,
2591 3382 2633 3529 en
2732 3382 3040 3529 pareille
3110 3382 3433 3529 poſture
3531 3382 3587 3529 de
3657 3382 3699 3529 la
3783 3382 4022 3529 droite
4092 3382 4344 3529 ligne,
4415 3382 4513 3529 ſur
4569 3382 4625 3529 le
4709 3382 4906 3529 coſté

553 3518 736 3669 droit
806 3518 863 3669 du
989 3518 1496 3669 Quadrangle
1595 3518 1609 3669 &
1651 3518 1764 3669 ſur
1806 3518 1848 3669 la
1905 3518 2116 3669 ligne
2172 3518 2566 3669 ordinaire
2651 3518 2707 3669 du
2806 3518 2975 3669 pied
3045 3518 3369 3669 gauche,
3411 3518 3749 3669 portant
3805 3518 4073 3669 l’eſpee
4157 3518 4467 3669 deſſous
4509 3518 4805 3669 l’autre,
4903 3518 4917 3669 &

528 3652 1063 3808 pourſuivant
1115 3652 1115 3808 à
1181 3652 1573 3808 travailler
1625 3652 1795 3808 avec
1860 3652 2147 3808 feintes
2212 3652 2330 3808 par
2395 3652 2696 3808 dehors,
2787 3652 2800 3808 &
2865 3652 2983 3808 par
3061 3652 3388 3808 dedans,
3453 3652 3753 3808 tantoſt
3805 3652 3805 3808 à
3871 3652 4054 3808 pied
4119 3652 4406 3808 ferme,
4445 3652 4798 3808 tantoſt,
4902 3652 4902 3808 &

514 3795 566 3946 le
618 3795 787 3946 plus
826 3795 1230 3946 ſouvent,
1295 3795 1464 3946 avec
1516 3795 1568 3946 le
1620 3795 1803 3946 pied
1894 3795 2076 3946 droit
2128 3795 2193 3946 un
2284 3795 2415 3946 peu
2493 3795 2701 3946 levé;
2766 3795 3300 3946 aucunesfois
3365 3795 3847 3946 demeurant
3912 3795 4433 3946 exaement
4485 3795 4589 3946 ſur
4641 3795 4680 3946 la
4771 3795 4915 3946 Pre-

554 3933 750 4081 miere
842 3933 1247 4081 Inſtance,
1300 3933 1731 4081 anrresfois
1797 3933 2398 4081 coninençant
2477 3933 2529 4081 de
2581 3933 2751 4081 plus
2791 3933 3013 4081 loing
3078 3933 3131 4081 ou
3222 3933 3484 4081 deplus
3536 3933 3732 4081 pres,
3758 3933 3955 4081 ſelon
4046 3933 4203 4081 qu’il
4242 3933 4373 4081 luy
4438 3933 4635 4081 vient
4687 3933 4700 4081 à
4779 3933 4909 4081 gré.

529 4068 859 4212 Somme
901 4068 942 4212 il
983 4068 1107 4212 fait
1162 4068 1300 4212 une
1355 4068 1396 4212 ſi
1465 4068 1754 4212 grande
1809 4068 2098 4212 varieté
2180 4068 2235 4212 de
2290 4068 2607 4212 feintes,
2676 4068 2841 4212 qu’il
2896 4068 2978 4212 eſt
3033 4068 3501 4212 impoſsible
3556 4068 3570 4212 à
3666 4068 4107 4212 Alexandre
4175 4068 4244 4212 de
4299 4068 4451 4212 bien
4519 4068 4918 4212 travailler

509 4208 1023 4353 alencontre,
1077 4208 1172 4353 s’il
1212 4208 1293 4353 ne
1374 4208 1767 4353 diſtingue
1834 4208 2361 4353 exaement
2402 4208 2443 4353 la
2551 4208 2835 4353 meſure
2929 4208 2983 4353 de
3037 4208 3781 4353 l’approchement
3862 4208 3930 4353 de
4011 4208 4484 4353 chaſquune
4579 4208 4917 4353 d’icelles.

572 4349 668 4497 Car
723 4349 1399 4497 l’advancement
1468 4349 1523 4497 du
1606 4349 1771 4497 pied
1882 4349 1895 4497 &
1951 4349 2006 4497 du
2089 4349 2337 4497 corps,
2406 4349 2516 4497 qui
2557 4349 2654 4497 les
2695 4349 3316 4497 accompagne,
3371 4349 3550 4497 peut
3619 4349 3798 4497 eſtre
3867 4349 4267 4497 diſtingué
4336 4349 4378 4497 en
4474 4349 4736 4497 quatre
4819 4349 4915 4497 de-

530 4491 719 4640 gréz;
787 4491 976 4640 dont
1030 4491 1490 4640 procedent
1572 4491 1829 4640 quatre
1896 4491 2194 4640 eſpeces
2275 4491 2329 4640 de
2384 4491 2695 4640 feintes,
2776 4491 2884 4640 qui
2925 4491 3101 4640 ſont
3155 4491 3629 4640 neceſſaires
3669 4491 3669 4640 à
3750 4491 4238 4640 cognoiſtre,
4305 4491 4495 4640 pour
4576 4491 4616 4640 ſe
4698 4491 4914 4640 forti-

516 4631 635 4777 fier
714 4631 1152 4777 deuement
1205 4631 1708 4777 alencontre,
1748 4631 1933 4777 ſelon
1999 4631 2105 4777 les
2145 4631 2688 4777 inſtruions
2754 4631 2860 4777 qui
2913 4631 3417 4777 s’enſuivent,
3510 4631 3510 4777 &
3563 4631 3721 4777 ſans
3761 4631 4212 4777 leſquelles,
4238 4631 4278 4777 il
4331 4631 4424 4777 n’y
4477 4631 4490 4777 à
4543 4631 4755 4777 autre
4808 4631 4914 4777 re-

556 4770 744 4926 mede
811 4770 1094 4926 contre
1134 4770 1228 4926 les
1282 4770 1578 4926 feintes
1618 4770 1981 4926 ſubtiles,
2048 4770 2182 4926 que
2236 4770 2277 4926 le
2330 4770 2492 4926 ſeul
2545 4770 2841 4926 hazard
2908 4770 2975 4926 de
3029 4770 3244 4926 tirér,
3365 4770 3365 4926 &
3459 4770 3513 4926 de
3607 4770 3903 4926 donner
3970 4770 4078 4926 ſur
4145 4770 4521 4926 l’ennemi
4602 4770 4602 4926 à
4696 4770 4911 4926 corps

527 4911 805 5065 perdu,
858 4911 911 5065 en
991 4911 1229 5065 eſpoir
1309 4911 1375 5065 de
1428 4911 1547 5065 luy
1600 4911 1892 5065 rendre
1945 4911 2051 5065 ſon
2131 4911 2475 5065 change,
2541 4911 2608 5065 ou
2700 4911 2753 5065 de
2806 4911 3138 5065 rompre
3191 4911 3602 5065 touſiours
3655 4911 3708 5065 en
3787 4911 4079 5065 covard
4132 4911 4185 5065 la
4291 4911 4635 5065 meſure,
4701 4911 4900 5065 pour

531 5056 957 5203 eſchapper
1011 5056 1184 5203 tant
1237 5056 1690 5203 ſeulement
1743 5056 1836 5203 les
1903 5056 2169 5203 coups.

694 5193 751 5341 La
824 5193 1214 5341 premiere
1286 5193 1546 5341 eſpece
1619 5193 1676 5341 de
1734 5193 2052 5341 feintes,
2110 5193 2269 5341 c’eſt
2327 5193 2486 5341 celle
2558 5193 2674 5341 qui
2731 5193 2818 5341 eſt
2861 5193 3035 5341 faite
3093 5193 3208 5341 par
3324 5193 3671 5341 Zacharie
3729 5193 3729 5341 à
3786 5193 3830 5341 la
3916 5193 4292 5341 Premiere
4350 5193 4755 5341 Inſtance,
4827 5193 4885 5341 en

519 5331 785 5481 levant
827 5331 883 5481 le
939 5331 1107 5481 pied
1177 5331 1400 5481 droit,
1512 5331 1512 5481 &
1568 5331 1848 5481 faiſant
1890 5331 1932 5481 la
2002 5331 2281 5481 charge
2351 5331 2407 5481 du
2491 5331 2701 5481 corps
2757 5331 2869 5481 ſur
2911 5331 2953 5481 le
3009 5331 3190 5481 pied
3246 5331 3582 5481 gauche,
3638 5331 3792 5481 ſans
3848 5331 3973 5481 nul
4015 5331 4645 5481 advancement
4687 5331 4910 5481 nota-

518 5473 673 5628 ble;
729 5473 771 5628 en
841 5473 1038 5628 ſorte
1109 5473 1249 5628 que
1292 5473 1334 5628 ſa
1404 5473 1728 5628 poine
1784 5473 1869 5628 ne
1925 5473 2108 5628 paſſe
2164 5473 2291 5628 pas
2347 5473 2389 5628 la
2459 5473 2671 5628 garde
2755 5473 2811 5628 de
2853 5473 3121 5628 l’eſpee
3191 5473 3627 5628 contraire.
3740 5473 3810 5628 Le
3866 5473 4190 5628 remede
4260 5473 4331 5628 de
4387 5473 4584 5628 ceſte
4626 5473 4908 5628 feinte,

534 5618 696 5767 c’eſt
777 5618 831 5767 de
886 5618 926 5767 la
1021 5618 1441 5767 meſpriſer,
1535 5618 1549 5767 &
1617 5618 1684 5767 de
1725 5618 1806 5767 ne
1860 5618 2036 5767 faire
2090 5618 2334 5767 aucun
2442 5618 2984 5767 mouvement
3038 5618 3552 5767 alencontre,
3606 5618 3701 5767 ny
3769 5618 3823 5767 du
3904 5618 4107 5767 bras,
4161 5618 4256 5767 ny
4337 5618 4391 5767 de
4432 5618 4730 5767 l’eſpee,
4757 5618 4906 5767 juſ-

542 5761 674 5907 qu’à
754 5761 913 5907 tant
992 5761 1111 5907 que
1164 5761 1548 5907 l’ennemi
1601 5761 2077 5907 s’approche
2144 5761 2633 5907 d’avantage.

663 5901 732 6050 La
787 5901 1134 6050 ſeconde
1204 5901 1495 6050 eſpece,
1537 5901 1689 6050 c’eſt
1758 5901 2022 6050 quand
2064 5901 2105 6050 il
2161 5901 2646 6050 commence
2688 5901 2702 6050 à
2757 5901 3118 6050 pancher
3187 5901 3243 6050 du
3326 5901 3548 6050 corps
3617 5901 3659 6050 en
3742 5901 3992 6050 avant,
4033 5901 4061 6050 ſi
4117 5901 4269 6050 bien
4352 5901 4547 6050 qu’en
4616 5901 4893 6050 faiſant

519 6040 561 6190 la
617 6040 869 6190 feinte
925 6040 980 6190 en
1064 6040 1386 6190 dehors,
1455 6040 1511 6190 ou
1595 6040 1637 6190 en
1749 6040 2056 6190 dedans,
2098 6040 2140 6190 la
2210 6040 2475 6190 pointe
2531 6040 2769 6190 puiſſe
2825 6040 3104 6190 arriver
3146 6040 3439 6190 juſqu’à
3481 6040 3858 6190 l’endroit
3942 6040 3984 6190 du
4068 6040 4403 6190 poignet
4473 6040 4529 6190 de
4585 6040 4627 6190 la
4725 6040 4878 6190 main

546 6183 600 6334 de
642 6183 1094 6334 l’ennemy.
1218 6183 1286 6334 Le
1355 6183 1780 6334 contraire,
1835 6183 1999 6334 c’eſt
2068 6183 2383 6334 d’aviver
2425 6183 2493 6334 au
2589 6183 2864 6334 meſme
2918 6183 3179 6334 temps
3234 6183 3275 6334 le
3330 6183 3494 6334 bras
3604 6183 3604 6334 &
3645 6183 3686 6334 la
3782 6183 3947 6334 main
4043 6183 4098 6334 de
4139 6183 4441 6334 l’eſpee,
4468 6183 4893 6334 roidiſſant

520 6325 562 6479 le
632 6325 884 6479 corps,
982 6325 982 6479 &
1038 6325 1387 6479 eſlevant
1429 6325 1485 6479 le
1541 6325 1737 6479 talon
1821 6325 1876 6479 du
1960 6325 2128 6479 pied
2198 6325 2422 6479 droit,
2464 6325 2589 6479 afin
2687 6325 2841 6479 qu’il
2897 6325 3023 6479 ſoit
3079 6325 3274 6479 preſt
3330 6325 3330 6479 à
3386 6325 3778 6479 travailler
3820 6325 4015 6479 ſelon
4085 6325 4169 6479 les
4239 6325 4812 6479 occurrences,
4896 6325 4910 6479 &

540 6459 873 6619 eſlevant
960 6459 1643 6619 enſemblement
1701 6459 1744 6619 la
1831 6459 2165 6619 poine
2252 6459 2310 6619 de
2354 6459 2629 6619 l’eſpee
2702 6459 2760 6619 en
2833 6459 3021 6619 haut
3094 6459 3152 6619 du
3239 6459 3428 6619 coſté
3529 6459 3587 6619 de
3645 6459 3689 6619 la
3776 6459 4066 6619 feinte,
4124 6459 4240 6619 par
4328 6459 4560 6619 deſſus
4618 6459 4894 6619 l’eſpee

531 6611 954 6760 contraire,
1005 6611 1197 6760 pour
1248 6611 1287 6760 la
1364 6611 1671 6760 couvrir
1722 6611 1889 6760 avec
1953 6611 2017 6760 un
2094 6611 2222 6760 peu
2324 6611 2388 6760 de
2439 6611 2952 6760 ſuperiorité.

706 6745 762 6907 La
846 6745 1264 6907 troiſieme
1334 6745 1627 6907 eſpece,
1697 6745 1850 6907 c’eſt
1920 6745 2185 6907 quand
2227 6745 2255 6907 il
2339 6745 2716 6907 continue
2785 6745 2897 6907 ſon
2981 6745 3665 6907 approchement
3748 6745 3804 6907 du
3888 6745 4097 6907 corps
4167 6745 4209 6907 ſi
4265 6745 4558 6907 avant,
4641 6745 4781 6907 que
4851 6745 4893 6907 ſa

4625 6907 4891 7038 pointe
