5442 7366
1268 5074 1566 5247 Cercle
1864 5074 2076 5247 N.1.

599 5304 888 5427 Alexandre
936 5304 960 5427 ſe
1008 5304 1189 5427 tenant
1237 5304 1273 5427 en
1322 5304 1358 5427 la
1406 5304 1599 5427 poſture
1659 5304 1695 5427 de
1743 5304 1779 5427 la
1852 5304 2008 5427 droite
2057 5304 2213 5427 ligne,
2309 5304 2309 5427 &
2370 5304 2562 5427 aſſailli
2599 5304 2683 5427 par

712 5432 962 5549 Zacharie
1027 5432 1114 5549 d’un
1158 5432 1267 5549 coup
1343 5432 1365 5549 de
1419 5432 1582 5549 pointe
1626 5432 1658 5549 en
1735 5432 1920 5549 dedans
1974 5432 2007 5549 du
2061 5432 2170 5549 bras
2224 5432 2399 5549 devers
2453 5432 2486 5549 le
2540 5432 2671 5549 viſa-

688 5557 761 5681 ge,
809 5557 809 5681 à
858 5557 1088 5681 l’inſtant
1136 5557 1221 5681 que
1257 5557 1293 5681 la
1354 5557 1511 5681 pointe
1560 5557 1632 5681 luy
1681 5557 1814 5681 vient
1862 5557 2020 5681 paſſer
2080 5557 2116 5681 le
2165 5557 2358 5681 coude,
2419 5557 2455 5681 il
2504 5557 2540 5681 la
2600 5557 2673 5681 ſur

686 5684 852 5808 prend
923 5684 959 5808 au
1066 5684 1291 5808 Nombres
1350 5684 1386 5808 3.
1422 5684 1457 5808 ou
1540 5684 1576 5808 4.
1623 5684 1730 5808 avec
1778 5684 1801 5808 le
1849 5684 1944 5808 fort
2003 5684 2039 5808 de
2074 5684 2122 5808 ſa
2157 5684 2335 5808 propre
2383 5684 2561 5808 eſpee,
2656 5684 2668 5808 &

682 5809 853 5929 allant
899 5809 945 5929 un
991 5809 1071 5929 peu
1128 5809 1128 5929 à
1185 5809 1300 5929 coſté
1345 5809 1460 5929 avec
1494 5809 1528 5929 le
1586 5809 1700 5929 pied
1780 5809 1940 5929 droit,
1997 5809 2020 5929 il
2066 5809 2135 5929 luy
2203 5809 2352 5929 ferme
2398 5809 2432 5929 la
2512 5809 2661 5929 droite

693 5929 849 6056 ligne,
900 5929 939 6056 de
991 5929 1121 6056 façon
1185 5929 1302 6056 qu’il
1328 5929 1354 6056 le
1405 5929 1548 6056 bleſſe
1600 5929 1639 6056 au
1690 5929 1949 6056 viſage.

1068 6074 1563 6192 LEXANDRE
1634 6074 1693 6192 ſe
1764 6074 2035 6192 tenant
2118 6074 2165 6192 en
2236 6074 2283 6192 la
2354 6074 2672 6192 poſture

1067 6197 1117 6318 de
1191 6197 1228 6318 la
1327 6197 1562 6318 droite
1624 6197 1921 6318 ligne,
2082 6197 2565 6318 ZACHARIE
2627 6197 2676 6318 le

1048 6325 1246 6414 vient
1334 6325 1664 6414 menacer
1730 6325 1940 6414 d’une
1984 6325 2226 6414 feinte
2303 6325 2358 6414 de
2413 6325 2446 6414 la
2512 6325 2678 6414 troi-

1038 6449 1269 6570 ſieme
1373 6449 1627 6570 eſpece
1730 6449 1776 6570 en
1880 6449 2146 6570 dehors
2238 6449 2296 6570 du
2388 6449 2549 6570 bras
2607 6449 2653 6570 en

596 6568 916 6691 eſlevant
966 6568 1015 6691 le
1076 6568 1249 6691 pied
1322 6568 1532 6691 droit,
1642 6568 1642 6691 &
1692 6568 2085 6691 avançant
2135 6568 2184 6691 le
2245 6568 2455 6691 corps
2565 6568 2578 6691 &
2627 6568 2676 6691 le

594 6692 752 6819 bras
824 6692 885 6819 de
933 6692 1236 6819 l’eſpee,
1272 6692 1563 6819 juſqu’à
1624 6692 1878 6819 porter
1927 6692 1975 6819 ſa
2036 6692 2290 6819 pointe
2363 6692 2653 6819 environ

582 6815 630 6934 le
713 6815 928 6934 milieu
1023 6815 1071 6934 du
1179 6815 1417 6934 coude
1501 6815 1882 6934 contraire
1966 6815 2157 6934 quaſi
2228 6815 2526 6934 comme
2598 6815 2693 6934 s’il

570 334 844 510 pointe
912 334 1145 510 puiſſe
1200 334 1474 510 arriver
1528 334 1816 510 juſqu’à
1884 334 2267 510 l’endroit
2336 334 2390 510 du
2500 334 2828 510 mitandu
2924 334 3170 510 coude
3239 334 3691 510 contraire;
3745 334 3800 510 ce
3896 334 4060 510 qu’il
4115 334 4183 510 ne
4252 334 4430 510 peut
4484 334 4662 510 faire
4717 334 4922 510 ſinon

561 478 744 646 avec
797 478 862 646 un
980 478 1491 646 mouvement
1557 478 1714 646 plus
1779 478 2015 646 grand
2107 478 2120 646 &
2172 478 2330 646 plus
2382 478 2814 646 apparent,
2880 478 2998 646 que
3063 478 3142 646 n’a
3220 478 3364 646 eſté
3404 478 3456 646 le
3535 478 4019 646 precedent.
4242 478 4308 646 Le
4386 478 4779 646 contraire
4884 478 4936 646 de

583 619 762 791 ceſte
830 619 1091 791 eſpece
1174 619 1242 791 de
1297 619 1586 791 feinte,
1654 619 1695 791 ſe
1750 619 2121 791 pratique
2190 619 2396 791 quaſi
2451 619 2492 791 en
2560 619 2602 791 la
2711 619 2986 791 meſme
3041 619 3247 791 ſorte
3315 619 3439 791 que
3535 619 3823 791 deſſus,
3892 619 4331 791 toutesfois
4400 619 4455 791 en
4537 619 4949 791 augmen-

571 755 727 919 tant
830 755 843 919 &
895 755 1556 919 accommodant
1608 755 1698 919 les
1750 755 2061 919 aions
2100 755 2113 919 à
2165 755 2592 919 l’exigence
2670 755 2774 919 des
2813 755 3123 919 aions
3188 755 3642 919 conraitres.
3745 755 3849 919 Car
3901 755 3953 919 au
4069 755 4328 919 meſme
4393 755 4652 919 temps
4704 755 4730 919 il
4782 755 4937 919 faut

563 899 1007 1068 s’eſtendre
1061 899 1101 1068 le
1169 899 1411 1068 corps,
1438 899 1640 1068 lever
1681 899 1734 1068 le
1788 899 1963 1068 pied
2031 899 2246 1068 droit,
2287 899 2583 1068 hauſſer
2637 899 2677 1068 le
2731 899 2893 1068 bras
3000 899 3014 1068 &
3054 899 3323 1068 l’eſpee
3404 899 3445 1068 en
3539 899 3822 1068 avant,
3903 899 3943 1068 en
4024 899 4428 1068 tournant
4468 899 4508 1068 la
4576 899 4939 1068 branche

576 1039 1055 1206 exterieure,
1120 1039 1172 1206 du
1250 1039 1586 1206 poignet
1664 1039 1716 1206 de
1768 1039 1806 1206 la
1910 1039 2104 1206 main,
2156 1039 2221 1206 un
2298 1039 2415 1206 peu
2493 1039 2648 1206 plus
2713 1039 2765 1206 en
2829 1039 3024 1206 haut
3088 1039 3218 1206 que
3270 1039 3567 1206 l’autre,
3671 1039 3684 1206 &
3736 1039 4085 1206 eſlevant
4137 1039 4176 1206 la
4241 1039 4526 1206 pointe
4590 1039 4642 1206 en
4720 1039 4940 1206 angle

573 1181 813 1343 obtus
880 1181 933 1343 du
1014 1181 1214 1343 coſté
1294 1181 1347 1343 de
1401 1181 1668 1343 l’eſpee
1735 1181 2149 1343 contraire,
2202 1181 2389 1343 pour
2429 1181 2469 1343 la
2549 1181 2843 1343 couvrir
2896 1181 3070 1343 avec
3137 1181 3203 1343 un
3284 1181 3470 1343 petit
3524 1181 3911 1343 avantage
3991 1181 4045 1343 de
4098 1181 4619 1343 ſuperiorité.
4752 1181 4939 1343 Voila

574 1324 743 1482 tout
782 1324 834 1482 le
912 1324 1199 1482 dernier
1251 1324 1863 1482 approchemẽt
1941 1324 1993 1482 de
2058 1324 2306 1482 corps,
2358 1324 2553 1482 qu’on
2631 1324 2813 1482 peut
2878 1324 2931 1482 ou
3035 1324 3178 1482 doit
3230 1324 3686 1482 permettre
3738 1324 4337 1482 auContraire,
4389 1324 4636 1482 tandis
4715 1324 4923 1482 qu’on

589 1462 949 1621 demeure
1016 1462 1123 1621 ſur
1163 1462 1203 1621 la
1283 1462 1763 1621 defenſe:car
1816 1462 1896 1621 s’il
1950 1462 2163 1621 entre
2216 1462 2377 1621 plus
2430 1462 2683 1621 avant,
2710 1462 2750 1621 il
2790 1462 3110 1621 luyfaut
3177 1462 3484 1621 donner
3524 1462 3924 1621 l’atteinte
3977 1462 4044 1621 au
4151 1462 4418 1621 meſme
4471 1462 4765 1621 temps,
4805 1462 4938 1621 ſoit

583 1597 740 1758 qu’il
792 1597 1224 1758 pourſuive
1263 1597 1316 1758 le
1368 1597 1538 1758 trait
1617 1597 1669 1758 de
1734 1597 1774 1758 ſa
1839 1597 2088 1758 feinte
2166 1597 2820 1758 encommencée
2886 1597 2938 1758 en
3030 1597 3344 1758 dedans,
3409 1597 3474 1758 ou
3553 1597 3592 1758 en
3697 1597 3972 1758 dehors
4037 1597 4089 1758 du
4168 1597 4351 1758 bras,
4416 1597 4600 1758 pour
4665 1597 4940 1758 bleſſer

586 1745 639 1897 de
732 1745 998 1897 meſme
1064 1745 1303 1897 coſté,
1343 1745 1409 1897 ou
1502 1745 1648 1897 qu’il
1701 1745 1926 1897 uſede
1993 1745 2338 1897 cavation
2417 1745 2603 1897 pour
2656 1745 3001 1897 toucher
3067 1745 3121 1897 en
3187 1745 3359 1897 bas,
3412 1745 3479 1897 ou
3545 1745 3611 1897 au
3691 1745 3890 1897 coſté
3956 1745 4368 1897 oppoſité.
4474 1745 4673 1897 Auſsi
4752 1745 4938 1897 ceſte

573 1878 1141 2040 preparation,
1192 1878 1321 2040 que
1373 1878 1580 2040 nous
1631 1878 1928 2040 venons
2005 1878 2057 2040 de
2134 1878 2483 2040 deſcrire,
2522 1878 2767 2040 eſtant
2844 1878 3283 2040 deuement
3335 1878 3541 2040 faite,
3593 1878 3851 2040 ſervira
3941 1878 4160 2040 d’une
4212 1878 4573 2040 addreſſe
4638 1878 4948 2040 univer-

560 2032 759 2178 ſelle,
799 2032 998 2178 pour
1051 2032 1330 2178 rendre
1383 2032 1596 2178 touts
1649 2032 1742 2178 ſes
1808 2032 2127 2178 deſſeins
2167 2032 2526 2178 inutiles.

727 2162 795 2317 La
902 2162 1358 2317 quatrieme
1425 2162 1734 2317 eſpece,
1815 2162 1962 2317 c’eſt
2056 2162 2311 2317 quand
2378 2162 2405 2317 il
2472 2162 2821 2317 s’avance
2875 2162 3305 2317 tellement
3358 2162 3533 2317 avec
3600 2162 3640 2317 ſa
3707 2162 3989 2317 feinte,
4056 2162 4177 2317 que
4244 2162 4285 2317 la
4352 2162 4620 2317 pointe
4701 2162 4754 2317 de
4808 2162 4915 2317 ſon

584 2306 784 2458 eſpee
850 2306 1210 2458 pourroit
1264 2306 1544 2458 arriver
1597 2306 1650 2458 au
1744 2306 1997 2458 coude
2104 2306 2157 2458 du
2237 2306 2397 2458 bras
2477 2306 2917 2458 contraire;
3010 2306 3117 2458 qui
3170 2306 3264 2458 eſt
3330 2306 3370 2458 le
3464 2306 3757 2458 dernier
3877 2306 3890 2458 &
3944 2306 3997 2458 le
4050 2306 4224 2458 plus
4304 2306 4530 2458 grand
4637 2306 4944 2458 mouve-

598 2451 787 2597 ment
855 2451 1017 2597 qu’il
1057 2451 1354 2597 ſçauvit
1408 2451 1637 2597 faire,
1705 2451 1853 2597 ſans
1907 2451 2217 2597 planter
2258 2451 2312 2597 le
2366 2451 2595 2597 piedà
2662 2451 2892 2597 terre.
3054 2451 3485 2597 Alexandre
3539 2451 4160 2597 recognoiſſant
4227 2451 4362 2597 ceſt
4416 2451 4780 2597 extreme
4834 2451 4942 2597 ap-

570 2587 1125 2736 prochement
1215 2587 1266 2736 de
1331 2587 1434 2736 ſon
1563 2587 2002 2736 Contraire,
2053 2587 2169 2736 par
2208 2587 2260 2736 le
2337 2587 2569 2736 grand
2673 2587 2673 2736 &
2724 2587 3059 2736 notable
3111 2587 3666 2736 avancement
3795 2587 3795 2736 &
3872 2587 4440 2736 panchement
4543 2587 4595 2736 du
4698 2587 4943 2736 corps,

587 2731 900 2876 dequoy
941 2731 982 2876 il
1037 2731 1200 2876 uſe;
1241 2731 1296 2876 ſe
1377 2731 1582 2876 doibt
1636 2731 1786 2876 bien
1895 2731 2195 2876 donner
2277 2731 2495 2876 garde
2563 2731 2631 2876 de
2672 2731 2795 2876 luy
2849 2731 3081 2876 laiſſer
3135 2731 3463 2876 parfaire
3531 2731 3722 2876 ceſte
3776 2731 4021 2876 feinte
4089 2731 4798 2876 encommencée;
4853 2731 4962 2876 car

553 2865 619 3014 au
699 2865 1004 3014 ſecond
1110 2865 1628 3014 mouvement
1694 2865 1721 3014 il
1774 2865 2172 3014 ny’auroit
2225 2865 2398 3014 plus
2464 2865 2531 3014 de
2584 2865 2942 3014 remede.
3075 2865 3128 3014 Et
3181 2865 3579 3014 pourtant
3633 2865 3832 3014 faut,
3898 2865 4057 3014 qu’il
4124 2865 4509 3014 devienne
4562 2865 4947 3014 aſſaillant

581 3006 633 3152 de
712 3006 1147 3152 defendant
1226 3006 1384 3152 qu’il
1436 3006 1673 3152 eſtoit,
1713 3006 1831 3152 (en
1910 3006 2252 3152 entrant,
2305 3006 2371 3152 au
2476 3006 2739 3152 meſme
2805 3006 3068 3152 temps
3147 3006 3279 3152 que
3345 3006 3726 3152 l’ennemi
3805 3006 3897 3152 eſt
3963 3006 4016 3152 en
4095 3006 4345 3152 aion
4424 3006 4608 3152 pour
4661 3006 4845 3152 faire
4898 3006 4937 3152 ſa

555 3148 846 3292 feinte)
902 3148 1055 3292 d’un
1138 3148 1332 3292 petit
1388 3148 1499 3292 pas
1554 3148 1665 3292 par
1735 3148 1874 3292 delà
1915 3148 2484 3292 leDiametre,
2512 3148 2568 3292 le
2637 3148 2845 3292 corps
2915 3148 3137 3292 droit,
3164 3148 3220 3292 le
3262 3148 3428 3292 bras
3539 3148 3539 3292 &
3581 3148 3858 3292 l’eſpee
3928 3148 4386 3292 eſtendues,
4428 3148 4483 3292 en
4552 3148 4761 3292 ſorte
4830 3148 4955 3292 que

544 3287 585 3431 il
638 3287 934 3431 touche
1014 3287 1068 3431 de
1135 3287 1176 3431 ſa
1229 3287 1565 3431 poine
1619 3287 1673 3431 au
1753 3287 2035 3431 viſage,
2089 3287 2317 3431 avant
2398 3287 2519 3431 que
2573 3287 2613 3431 la
2680 3287 2922 3431 feinte
2976 3287 3110 3431 ſoit
3164 3287 3701 3431 parachevée.
3808 3287 3862 3431 Or
3916 3287 4091 3431 tout
4158 3287 4332 3431 cecy
4386 3287 4574 3431 vous
4628 3287 4776 3431 ſera
4856 3287 4950 3431 de-

596 3429 919 3571 monſtré
975 3429 1144 3571 plus
1186 3429 1719 3571 amplement
1776 3429 1832 3571 en
1902 3429 1944 3571 la
2056 3429 2267 3571 Table
2365 3429 2688 3571 XXVII.
2745 3429 2857 3571 qui
2913 3429 2997 3571 eſt
3054 3429 3096 3571 le
3152 3429 3433 3571 propre
3489 3429 3615 3571 lieu
3700 3429 3770 3571 ou
3854 3429 3910 3571 on
3980 3429 4416 3571 travaillera
4472 3429 4584 3571 ſur
4627 3429 4725 3571 les
4767 3429 4964 3571 fein-

545 3565 698 3706 tes,
800 3565 800 3706 &
852 3565 954 3706 ſur
1005 3565 1094 3706 les
1145 3565 1604 3706 aſsiſtences
1681 3565 1745 3706 de
1783 3565 1834 3706 la
1923 3565 2076 3706 main
2166 3565 2497 3706 gauche-

747 3691 920 3854 Voilà
974 3691 1067 3854 les
1121 3691 1895 3854 advertiſſements,
1962 3691 2095 3854 que
2149 3691 2336 3854 nous
2403 3691 2643 3854 avons
2683 3691 2923 3854 jugez
2990 3691 3457 3854 neceſſaires
3538 3691 3604 3854 de
3671 3691 3858 3854 vous
3925 3691 4312 3854 propoſer
4379 3691 4793 3854 touchant
4860 3691 4953 3854 les

549 3837 884 3994 feintes,
1005 3837 1005 3994 &
1072 3837 1273 3994 leurs
1340 3837 1849 3994 contraires:
1943 3837 2050 3994 qui
2117 3837 2371 3994 ſeront
2465 3837 2532 3994 de
2599 3837 3108 3994 tres-grande
3162 3837 3416 3994 utilité
3510 3837 3698 3994 pour
3751 3837 3859 3994 les
3952 3837 4394 3994 Eſcholiers
4488 3837 4595 3994 qui
4662 3837 4957 3994 auront

548 3976 674 4127 fait
788 3976 1129 4127 quelque
1192 3976 1823 4127 advancement
1912 3976 2316 4127 notable;
2442 3976 2594 4127 mais
2670 3976 2733 4127 on
2821 3976 2935 4127 s’en
3036 3976 3326 4127 pouira
3415 3976 3642 4127 paſſer
3731 3976 3933 4127 pour
3996 3976 4046 4127 le
4135 3976 4413 4127 regard
4501 3976 4615 4127 des
4766 3976 4968 4127 Novi-

564 4112 736 4263 ces,
815 4112 921 4263 qui
987 4112 1278 4263 auront
1357 4112 1529 4263 aſſes
1595 4112 1595 4263 à
1674 4112 1846 4263 faire
1912 4112 1912 4263 à
1991 4112 2150 4263 bien
2242 4112 2692 4263 gouverner
2758 4112 2956 4263 leurs
3036 4112 3340 4263 eſpees,
3432 4112 3696 4263 mains,
3763 4112 3961 4263 bras,
4067 4112 4080 4263 &
4133 4112 4476 4263 jambes,
4529 4112 4688 4263 ſans
4754 4112 4952 4263 qu’ils

558 4252 1197 4405 s’embarquent
1252 4252 1306 4405 en
1401 4252 1497 4405 des
1565 4252 2123 4405 obſervations
2177 4252 2204 4405 ſi
2259 4252 2613 4405 ſubtiles.
2776 4252 2980 4405 Qu’ils
3021 4252 3076 4405 ſe
3144 4252 3647 4405 contentent
3702 4252 3892 4405 pour
3947 4252 4001 4405 le
4069 4252 4396 4405 preſent
4464 4252 4532 4405 de
4600 4252 4682 4405 les
4750 4252 4967 4405 rece-

573 4393 711 4544 voir
766 4393 1221 4544 ſeulement
1276 4393 1386 4544 par
1483 4393 1800 4544 maniere
1882 4393 1938 4544 de
2020 4393 2379 4544 Theorie,
2447 4393 2489 4544 en
2572 4393 3054 4544 pratiquant
3109 4393 3205 4544 les
3261 4393 3660 4544 exemples
3729 4393 3784 4544 de
3867 4393 3922 4544 ce
4019 4393 4336 4544 Tableau
4418 4393 4584 4544 plus
4639 4393 4956 4544 groſsie-

563 4533 920 4677 rement,
960 4533 1119 4677 ſans
1172 4533 1609 4677 beaucoup
1702 4533 1755 4677 de
1821 4533 2470 4677 circonſtances,
2536 4533 2735 4677 pour
2814 4533 2827 4677 y
2893 4533 3357 4677 apprendre
3436 4533 3966 4677 ſimplement
4032 4533 4138 4677 les
4204 4533 4681 4677 eſtocades,
4800 4533 4800 4677 &
4867 4533 4959 4677 les

563 4673 1074 4822 rencontres,
1141 4673 1249 4822 qui
1289 4673 1558 4822 ſeront
1626 4673 2083 4822 expliquées
2150 4673 2191 4822 en
2258 4673 2473 4822 leurs
2541 4673 3119 4822 deſcriptions;
3186 4673 3536 4822 pluſtoſt
3617 4673 3738 4822 que
3819 4673 4357 4822 d’approprier
4424 4673 4962 4822 artiſtement

580 4814 908 4960 chaſque
962 4814 1290 4960 remede
1345 4814 1345 4960 à
1426 4814 1754 4960 chaſque
1822 4814 2081 4960 eſpece
2163 4814 2218 4960 de
2272 4814 2600 4960 feintes.
2750 4814 2859 4960 Car
2914 4814 3105 4960 auſsi
3159 4814 3310 4960 bien
3391 4814 3460 4960 ne
3514 4814 3705 4960 peut
3774 4814 3828 4960 on
3910 4814 4101 4960 voler
4156 4814 4319 4960 ſans
4388 4814 4620 4960 aiſles.

2828 5068 2950 5214 luy
3011 5068 3317 5214 vouloit
3378 5068 3550 5214 tirer
3623 5068 3770 5214 une
3843 5068 4210 5214 eſtocade
4284 5068 4333 5214 an
4431 5068 4724 5214 viſage;
4785 5068 4957 5214 ſous

2844 5200 3074 5340 eſpoir
3150 5200 3201 5340 de
3252 5200 3610 5340 l’obliger
3661 5200 3661 5340 à
3724 5200 3941 5340 parer
3992 5200 4043 5340 le
4107 5200 4324 5340 coup,
4439 5200 4439 5340 &
4503 5200 4949 5340 conſequẽ-

2852 5327 3039 5467 ment
3089 5327 3089 5467 à
3164 5327 3489 5467 eſcarter
3527 5327 3839 5467 l’eſpee.
3964 5327 4101 5467 Puis
4164 5327 4326 5467 tout
4376 5327 4388 5467 à
4438 5327 4776 5467 l’inſtant
4826 5327 4851 5467 il
4901 5327 4938 5467 la

2824 5452 3122 5576 repaſſe
3170 5452 3289 5576 par
3349 5452 3647 5576 deſſous
3694 5452 3730 5576 la
3802 5452 4028 5576 garde
4088 5452 4517 5576 contraire,
4577 5452 4624 5576 en
4708 5452 4946 5576 conti-

2823 5575 3066 5712 nuant
3147 5575 3794 5712 l’advancement
3898 5575 3944 5712 du
4048 5575 4314 5712 corps,
4383 5575 4568 5712 avec
4637 5575 4683 5712 le
4776 5575 4949 5712 pied

2837 5700 3053 5839 droit:
3113 5700 3377 5839 lequel
3449 5700 3713 5839 poſant
3761 5700 3761 5839 à
3833 5700 4024 5839 terre
4096 5700 4192 5839 ſur
4264 5700 4312 5839 le
4396 5700 4780 5839 diametre
4828 5700 4840 5839 à
4888 5700 4936 5839 la

2829 5827 3067 5967 lettre
3174 5827 3210 5967 R.
3258 5827 3436 5967 avec
3508 5827 3841 5967 quelque
3912 5827 4519 5967 augmentation
4626 5827 4674 5967 du
4769 5827 4948 5967 pan-

2842 5951 3215 6086 chement
3284 5951 3331 6086 du
3436 5951 3680 6086 corps,
3726 5951 3761 6086 il
3819 5951 4180 6086 remonte
4250 5951 4529 6086 l’eſpee
4599 5951 4645 6086 en
4727 5951 4948 6086 haut,

2830 6076 3118 6216 laiſſant
3168 6076 3406 6216 ſuivre
3531 6076 3531 6216 &
3594 6076 3881 6216 trainer
3919 6076 3969 6216 le
4032 6076 4194 6216 pied
4269 6076 4557 6216 gauche
4620 6076 4958 6216 propor-

2829 6200 3401 6318 tionnellemẽt
3471 6200 3798 6318 derriere
3844 6200 4148 6318 l’autre,
4218 6200 4265 6318 en
4346 6200 4568 6318 tirant
4685 6200 4685 6318 &
4767 6200 4953 6318 dreſ-

2829 6328 2978 6459 ſant
3035 6328 3092 6459 au
3207 6328 3459 6459 meſme
3539 6328 3791 6459 temps
3860 6328 3952 6459 ſon
4055 6328 4421 6459 eſtocade
4502 6328 4547 6459 en
4651 6328 4937 6459 dedans

2843 6451 2903 6591 du
2975 6451 3130 6591 bras
3202 6451 3381 6591 droit
3429 6451 3489 6591 au
3561 6451 3800 6591 viſage
3872 6451 3931 6591 de
3991 6451 4027 6591 ſa
4087 6451 4362 6591 partie,
4410 6451 4733 6591 portant
4781 6451 4948 6591 bras

2889 6577 2902 6720 &
2965 6577 3169 6720 eſpee
3232 6577 3652 6720 eſtendues
3716 6577 3767 6720 en
3830 6577 4034 6720 ligne
4110 6577 4390 6720 droite.
4505 6577 4556 6720 La
4632 6577 4937 6720 defenſe

2855 6702 3506 6815 d’ALEXANDRE
3589 6702 3909 6815 conſiſte
3991 6702 3991 6815 à
4086 6702 4477 6815 travailler
4559 6702 4820 6815 contre
4879 6702 4926 6815 la

2846 6828 3123 6957 feinte,
3223 6828 3223 6957 &
3286 6828 3550 6957 contre
3613 6828 4079 6957 l’eſtocade.
4217 6828 4481 6957 Contre
4544 6828 4582 6957 la
4657 6828 4947 6957 feinte,

4862 7010 4902 7069 en
