5442 7366
4803 6931 4933 7018 Cer-

2867 286 2915 417 en
3011 286 3192 417 haut
3264 286 3312 417 en
3396 286 3613 417 angle
3709 286 3998 417 obtus,
4071 286 4360 417 venant
4408 286 4516 417 par
4588 286 4757 417 ainſi
4829 286 4962 417 deſ-

2854 416 3086 567 ſous,
3245 416 3245 567 &
3318 416 3441 567 luy
3538 416 3771 567 oſtant
3844 416 4076 567 toute
4162 416 4602 567 apparence
4712 416 4773 567 de
4859 416 4969 567 re-

2863 572 3143 659 venge.

3017 670 3082 796 Ce
3147 670 3525 796 precepte
3616 670 3694 796 eſt
3773 670 4294 796 grandement
4385 670 4711 796 eſloigné
4802 670 4854 796 de
4906 670 4945 796 la

2871 796 3232 921 Pratique
3292 796 3666 921 vulgaire,
3726 796 3835 921 qui
3895 796 4401 921 commande,
4461 796 4654 921 qu’on
4738 796 4786 921 ſe
4871 796 4967 921 re-

2846 919 2978 1050 tire
3039 919 3208 1050 tout
3256 919 3256 1050 à
3304 919 3642 1050 l’inſtant
3690 919 3871 1050 hors
3931 919 3991 1050 de
4076 919 4402 1050 meſure,
4462 919 4679 1050 apres
4739 919 4932 1050 qu’on

2844 1047 2844 1174 à
2919 1047 3156 1174 donné
3206 1047 3644 1174 l’atteinte.
3756 1047 3869 1174 Icy
3931 1047 3994 1174 on
4069 1047 4244 1174 vos
4344 1047 4718 1174 monſtre,
4806 1047 4956 1174 qu’il

2845 1174 3004 1298 faut
3054 1174 3520 1298 pourſuivre
3569 1174 3606 1298 la
3667 1174 3974 1298 pointe,
4011 1174 4293 1298 juſqu’à
4342 1174 4392 1298 ſe
4453 1174 4723 1298 rendre
4784 1174 4956 1298 tout

2850 1298 2863 1430 à
2916 1298 3034 1430 fait
3152 1298 3415 1430 Maiſtre
3533 1298 3533 1430 &
3625 1298 3993 1430 Seigneur
4045 1298 4295 1430 abſolu
4400 1298 4453 1430 de
4505 1298 4965 1430 l’Ennemy,

2845 1427 2974 1551 non
3044 1427 3162 1551 pas
3208 1427 3349 1551 fuir
3396 1427 3478 1551 ny
3525 1427 3783 1551 ſauter
3853 1427 3900 1551 en
3994 1427 4310 1551 arriere,
4392 1427 4498 1551 qui
4580 1427 4650 1551 ne
4720 1427 4955 1551 ſeroit

2849 1549 3060 1677 autre
3122 1549 3396 1677 choſe,
3458 1549 3582 1677 que
3657 1549 3719 1677 de
3769 1549 3819 1677 le
3881 1549 4353 1677 provoquer
4416 1549 4428 1677 à
4490 1549 4540 1677 la
4615 1549 4963 1677 riſpoſte,

2846 1675 2883 1806 il
2932 1675 3105 1806 vaut
3154 1675 3474 1806 pluſtoſt
3548 1675 3795 1806 mieux
3856 1675 4103 1806 entrer
4152 1675 4176 1806 ſi
4238 1675 4460 1806 avant
4546 1675 4743 1806 qu’on
4829 1675 4953 1806 luy

2845 1803 3085 1927 rende
3158 1803 3266 1927 les
3350 1803 3591 1927 armes
3651 1803 4024 1927 inutiles.
4145 1803 4205 1927 Ie
4265 1803 4434 1927 ſçay
4518 1803 4747 1927 bien,
4819 1803 4951 1927 que

2864 1928 3037 2050 ceux
3107 1928 3222 2050 qui
3257 1928 3418 2050 ſont
3476 1928 4053 2050 accouſtumez
4099 1928 4110 2050 à
4157 1928 4203 2050 la
4272 1928 4514 2050 vieille
4607 1928 4814 2050 mode
4872 1928 4953 2050 ne

2840 2052 3248 2173 laiſſeront
3296 2052 3416 2173 pas
3488 2052 3548 2173 de
3596 2052 4040 2173 reprendre
4100 2052 4280 2173 ceſte
4376 2052 4688 2173 maniere
4796 2052 4808 2173 &
4892 2052 4952 2173 de

2840 2175 2876 2306 la
2936 2175 3128 2306 tenir
3188 2175 3368 2306 pour
3428 2175 3584 2306 trop
3656 2175 4173 2306 dangereuſe:
4233 2175 4389 2306 mais
4449 2175 4606 2306 c’eſt
4654 2175 4954 2306 pource

2862 2305 3057 2430 qu’ils
3114 2305 3653 2430 n’entendent
3698 2305 3813 2430 pas
3882 2305 4019 2430 eux
4100 2305 4432 2430 meſmes,
4512 2305 4822 2430 comme
4879 2305 4936 2430 on

2842 2430 2890 2555 ſe
2962 2430 3106 2555 doit
3154 2430 3490 2555 aſſeurer
3574 2430 3622 2555 de
3670 2430 3946 2555 l’eſpee
4006 2430 4451 2555 contraire,
4511 2430 4727 2555 avant
4823 2430 4955 2555 que

2864 2559 2924 2682 de
2973 2559 3238 2682 porter
3287 2559 3721 2682 l’atteinte:
3854 2559 3854 2682 &
3926 2559 4132 2682 qu’ils
4180 2559 4506 2682 penſent
4566 2559 4699 2682 que
4759 2559 4953 2682 nous

2837 2679 3034 2805 nous
3127 2679 3558 2805 efforçions
3639 2679 3651 2805 à
3732 2679 3895 2805 leur
3988 2679 4197 2805 mode
4290 2679 4744 2805 allongeant
4825 2679 4953 2805 nos

2839 2802 3129 2930 bottes,
3178 2802 3226 2930 en
3299 2802 3589 2930 laiſſant
3625 2802 3734 2930 les
3795 2802 4049 2930 eſpees
4097 2802 4351 2930 libres,
4399 2802 4460 2930 ou
4545 2802 4593 2930 en
4666 2802 4956 2930 taſchãt

2863 2927 2924 3054 de
2961 2927 3071 3054 les
3120 2927 3291 3054 faire
3340 2927 3560 3054 ſortir
3621 2927 3683 3054 de
3756 2927 4135 3054 preſence
4209 2927 4319 3054 par
4392 2927 4441 3054 le
4539 2927 4783 3054 moyen
4893 2927 4955 3054 de

2848 3051 3251 3180 quelques
3298 3051 3617 3180 feintes.
3748 3051 3819 3180 Ce
3901 3051 4020 3180 que
4079 3051 4280 3180 nous
4339 3051 4658 3180 n’avons
4741 3051 4954 3180 garde

2850 3176 2923 3277 de
2971 3176 3189 3277 faire.
3323 3176 3420 3277 Car
3480 3176 3698 3277 telles
3759 3176 4183 3277 eſtocades
4219 3176 4389 3277 ſont
4462 3176 4692 3277 tirées
4741 3176 4753 3277 à
4801 3176 4971 3277 l’ad-

2842 3307 3216 3429 venture,
3332 3307 3332 3429 &
3402 3307 3414 3429 y
3484 3307 3496 3429 à
3566 3307 3741 3429 tout
3799 3307 4079 3429 autant
4160 3307 4674 3429 d’apparence
4767 3307 4965 3429 quel-

2828 3431 2932 3553 len
3013 3431 3440 3553 reuſſiront
3532 3431 3648 3553 mal
3717 3431 3855 3553 que
3902 3431 4121 3553 bien;
4155 3431 4213 3553 au
4282 3431 4421 3553 fort
4490 3431 4952 3553 quandtout

2846 3553 2937 3672 eſt
2982 3553 3106 3672 allé
3162 3553 3174 3672 à
3230 3553 3569 3672 ſouhait,
3614 3553 3648 3672 li
3693 3553 3772 3672 ne
3829 3553 4212 3672 peuvent,
4246 3553 4325 3672 ils
4382 3553 4529 3672 nier
4608 3553 4958 3672 encores,

2846 3670 2989 3801 que
3037 3670 3477 3801 l’avantage
3537 3670 3739 3801 qu’ils
3799 3670 3918 3801 ont
3989 3670 4085 3801 eu,
4120 3670 4287 3801 n’ait
4347 3670 4478 3801 eſté
4537 3670 4954 3801 accompa-

2858 3797 2969 3922 gné
3043 3797 3104 3922 de
3166 3797 3510 3922 quelque
3583 3797 3854 3922 danger
3940 3797 4369 3922 manifeſte,
4455 3797 4468 3922 &
4517 3797 4529 3922 à
4591 3797 4713 3922 peu
4787 3797 4947 3922 pres

2831 3917 3107 4039 autant
3153 3917 3623 4039 hazardeux
3669 3917 3865 4039 pour
3934 3917 4140 4039 celuy
4209 3917 4324 4039 qui
4370 3917 4381 4039 a
4450 3917 4496 4039 eu
4565 3917 4611 4039 le
4680 3917 4956 4039 deſſus,

2847 4042 2979 4173 que
3027 4042 3220 4173 pour
3268 4042 3365 4173 ſon
3449 4042 3810 4173 cõtraire.
3846 4042 3967 4173 I’en
4039 4042 4196 4173 pren
4268 4042 4268 4173 à
4328 4042 4641 4173 teſmoin
4713 4042 4749 4173 la
4810 4042 4966 4173 pra-

2832 4168 3056 4285 tique
3145 4168 3403 4285 meſme
3470 4168 3538 4285 de
3594 4168 3807 4285 leurs
3863 4168 4333 4285 exercices,
4412 4168 4457 4285 ou
4546 4168 4659 4285 l’on
4771 4168 4950 4285 voit,

2846 4292 3053 4421 qu’ils
3102 4292 3260 4421 ſont
3320 4292 3964 4421 ordinairement
4013 4292 4183 4421 plus
4244 4292 4293 4421 en
4366 4292 4621 4421 peine,
4657 4292 4852 4421 pour
4900 4292 4961 4421 ſe

2835 4416 3105 4542 retirer
3155 4416 3155 4542 à
3204 4416 3241 4542 la
3302 4416 3511 4542 haſte
3560 4416 3732 4542 hors
3806 4416 3868 4542 de
4003 4416 4310 4542 Meſure,
4384 4416 4593 4542 qu’ils
4642 4416 4716 4542 ne
4790 4416 4950 4542 ſont

2832 4536 3183 4668 aſſeurez
3230 4536 3241 4668 à
3300 4536 3569 4668 porter
3616 4536 3709 4668 les
3756 4536 4177 4668 atteintes,
4224 4536 4423 4668 voire
4493 4536 4692 4668 qu’ils
4739 4536 4797 4668 ſe
4856 4536 4949 4668 re-

2834 4669 3074 4794 tirent
3110 4669 3170 4794 le
3218 4669 3386 4794 plus
3434 4669 3794 4794 ſouvent,
3854 4669 4190 4794 premier
4274 4669 4394 4794 que
4478 4669 4550 4794 de
4610 4669 4946 4794 ſçavoir,

2837 4791 2971 4919 s’ils
3032 4791 3154 4919 ont
3203 4791 3361 4919 bien
3434 4791 3495 4919 ou
3593 4791 3703 4919 mal
3764 4791 4154 4919 addreſſé.
4289 4791 4350 4919 Ce
4435 4791 4557 4919 qui
4618 4791 4801 4919 n’eſt
4874 4791 4923 4919 en

2844 4912 3010 5043 effet
3069 4912 3269 5043 autre
3340 4912 3588 5043 choſe,
3647 4912 3777 5043 que
3836 4912 4001 5043 tirer
4060 4912 4154 5043 ſes
4213 4912 4461 5043 coups
4520 4912 4532 5043 à
4603 4912 4945 5043 l’adven-

2830 5043 3030 5173 ture,
3077 5043 3241 5173 ſans
3288 5043 3488 5173 nulle
3546 5043 4051 5173 ſuperiorite,
4110 5043 4192 5173 ny
4251 5043 4744 5173 advantage;
4779 5043 4955 5173 pro-

2844 5165 3112 5297 cedant
3197 5165 3271 5297 de
3368 5165 3429 5297 ce
3527 5165 3722 5297 qu’ils
3807 5165 3917 5297 ont
3990 5165 4088 5297 les
4161 5165 4417 5297 eſpees
4527 5165 4588 5297 de
4649 5165 4808 5297 part
4930 5165 4942 5297 &

2843 5290 3126 5423 d’autre
3200 5290 3669 5423 egallement
3719 5290 3990 5423 libres;
4089 5290 4089 5423 &
4150 5290 4286 5423 que
4348 5290 4570 5423 celuy
4632 5290 4743 5423 qui
4792 5290 4952 5423 por-

2833 5419 2893 5547 te
2941 5419 2976 5547 la
3036 5419 3263 5547 botte
3322 5419 3322 5547 à
3394 5419 3799 5547 touſiours
3871 5419 4193 5547 beſoing
4288 5419 4348 5547 de
4432 5419 4622 5547 deux
4682 5419 4933 5547 temps

2832 5540 3024 5672 aſſez
3084 5540 3720 5672 remarquables,
3768 5540 3816 5672 le
3864 5540 4212 5672 premier
4260 5540 4452 5672 pour
4500 5540 4704 5672 tirer,
4812 5540 4824 5672 &
4884 5540 4932 5672 le

2828 5666 3117 5793 ſecond
3165 5666 3358 5793 pour
3406 5666 3623 5793 ſortir
3695 5666 3755 5793 de
3816 5666 4237 5793 preſence.
4370 5666 4539 5793 Auſſi
4611 5666 4755 5793 voit
4828 5666 4936 5793 on,

2840 5794 3042 5915 qu’ils
3148 5794 3790 5915 s’entrebleſſent
3896 5794 4526 5915 ordinairement
4597 5794 4692 5915 les
4799 5794 4930 5915 uns

2826 5922 2923 6049 les
2972 5922 3288 6049 autres,
3373 5922 3482 6049 qui
3555 5922 3640 6049 eſt
3701 5922 3762 6049 un
3835 5922 4260 6049 argument
4321 5922 4734 6049 infallible,
4807 5922 4928 6049 que

2825 6045 2861 6172 la
2922 6045 3240 6172 fortune
3313 6045 3325 6172 y
3399 6045 3741 6172 domine;
3851 6045 3851 6172 &
3924 6045 4119 6172 qu’ils
4168 6045 4767 6172 recognoiſſent
4816 6045 4926 6172 biẽ

2838 6170 2972 6297 eux
3046 6170 3352 6297 meſmes
3401 6170 4049 6297 l’imperfeion,
4147 6170 4147 6297 &
4196 6170 4245 6297 le
4318 6170 4600 6297 danger
4661 6170 4722 6297 de
4771 6170 4930 6297 leur

2847 6298 3231 6422 Pratique,
3293 6298 3405 6422 par
3466 6298 3528 6422 ce
3603 6298 3788 6422 quils
3838 6298 3912 6422 ne
3962 6298 4284 6422 ſçavent
4346 6298 4470 6422 que
4556 6298 4705 6422 c’eſt
4779 6298 4928 6422 d’at-

2820 6423 3107 6548 taquer
3155 6423 3657 6548 artiſtement
3717 6423 3849 6548 une
3920 6423 4160 6548 eſpee.

608 299 655 415 en
726 299 1106 415 tournant
1177 299 1224 415 du
1295 299 1450 415 ſeul
1497 299 1817 415 poignet
1889 299 1948 415 de
1995 299 2043 415 la
2138 299 2292 415 main
2363 299 2410 415 la
2482 299 2695 415 bran-

605 415 727 541 che
800 415 1250 541 exterieure
1323 415 1383 541 de
1456 415 1493 541 ſa
1590 415 1809 541 garde
1894 415 2550 541 diagonalement
2635 415 2684 541 en

589 540 807 668 haut,
855 540 904 668 en
1001 540 1340 668 montant
1388 540 1424 668 la
1485 540 1751 668 pointe
1824 540 1872 668 du
1957 540 2151 668 coſté
2248 540 2308 668 de
2357 540 2393 668 la
2453 540 2696 668 feinte

599 668 790 802 pour
849 668 1111 802 croiſer
1219 668 1231 802 &
1302 668 1612 802 convrir
1659 668 1719 802 un
1814 668 1957 802 bien
2053 668 2172 802 peu
2255 668 2291 802 la
2362 668 2553 802 lame
2625 668 2684 802 de

586 787 692 921 ſon
775 787 1297 921 contrairede
1356 787 1404 921 la
1475 787 1736 921 ſienne
1807 787 1961 921 ſans
2020 787 2068 921 la
2139 787 2542 921 toucher,
2696 787 2696 921 &

593 921 748 1052 ſans
812 921 1200 1052 forligner
1251 921 1329 1052 ny
1380 921 1393 1052 à
1471 921 1755 1052 droite,
1819 921 1909 1052 ny
1961 921 1974 1052 à
2038 921 2387 1052 gauche,
2464 921 2555 1052 ny
2632 921 2671 1052 du

590 1047 778 1181 bras,
816 1047 903 1181 ny
978 1047 1041 1181 de
1091 1047 1392 1181 l’eſpee.
1504 1047 1667 1181 Vilà
1730 1047 1780 1181 le
1855 1047 2231 1181 contraire
2306 1047 2369 1181 de
2419 1047 2456 1181 la
2519 1047 2707 1181 fein-

597 1176 693 1277 te.
836 1176 884 1277 Si
1015 1176 1361 1277 ZAcharie
1457 1176 1612 1277 euſt
1696 1176 2078 1277 continué
2173 1176 2567 1277 d’avancer
2651 1176 2687 1277 ſa

584 1299 866 1431 pointe
913 1299 1089 1431 avec
1148 1299 1183 1431 la
1242 1299 1489 1431 feinte
1536 1299 1724 1431 pour
1771 1299 1829 1431 le
1888 1299 2229 1431 toucher
2299 1299 2346 1431 du
2440 1299 2698 1431 meſme

597 1423 834 1556 coſté,
884 1423 1059 1556 ceſte
1122 1423 1610 1556 preparation
1697 1423 1835 1556 euſt
1897 1423 2035 1556 eſté
2085 1423 2135 1556 le
2197 1423 2360 1556 vray
2435 1423 2685 1556 moyen

605 1548 663 1681 de
709 1548 837 1681 luy
895 1548 1209 1681 rompre
1255 1548 1302 1681 le
1372 1548 1558 1681 coup
1627 1548 1674 1681 en
1755 1548 2034 1681 dehors
2104 1548 2150 1681 du
2231 1548 2429 1681 bras,
2499 1548 2696 1681 com-

615 1679 697 1812 me
766 1679 883 1812 elle
952 1679 1034 1812 eſt
1080 1679 1080 1812 à
1138 1679 1452 1812 preſent
1498 1679 1545 1812 le
1615 1679 1777 1812 vray
1835 1679 2556 1812 commencement
2625 1679 2695 1812 de

582 1803 1067 1904 rencontrer
1147 1803 1574 1904 l’eſtocade
1666 1803 1851 1904 tiree
1931 1803 1978 1904 en
2104 1803 2416 1904 dedans.
2554 1803 2704 1904 Puis

610 1923 798 2057 donc
873 1923 1010 2057 que
1123 1923 1560 2057 ZACHARIE
1636 1923 1923 2057 repaſſe
2011 1923 2273 2057 l’eſpee
2373 1923 2486 2057 par
2573 1923 2699 2057 deſ-

584 2057 815 2181 ſoubs
864 2057 913 2181 la
986 2057 1194 2181 garde
1267 2057 1328 2181 de
1389 2057 1487 2181 ſon
1572 2057 1999 2181 contraire,
2048 2057 2231 2181 pour
2304 2057 2609 2181 frapper
2682 2057 2682 2181 à

582 2179 1002 2299 l’oppoſite
1064 2179 1125 2299 du
1187 2179 1384 2299 lieu,
1458 2179 1520 2299 ou
1607 2179 1644 2299 il
1705 2179 1903 2299 avoit
1989 2179 2211 2299 dreſſé
2273 2179 2322 2299 ſa
2396 2179 2693 2299 feinte,

623 2299 1248 2432 ALEXANDRE,
1323 2299 1436 2432 dés
1498 2299 1661 2432 auſſi
1711 2299 1861 2432 toſt
1936 2299 2098 2432 qu’il
2161 2299 2573 2432 apperçoit
2648 2299 2698 2432 le

586 2431 920 2552 premier
970 2431 1144 2552 trait
1206 2431 1255 2552 du
1342 2431 1938 2552 changement,
1987 2431 2037 2552 ſe
2087 2431 2471 2552 reſveille,
2583 2431 2583 2552 &
2645 2431 2694 2552 ſe

620 2554 742 2672 met
791 2554 889 2672 ſur
938 2554 1048 2672 ſes
1109 2554 1427 2672 gardes,
1500 2554 1549 2672 en
1634 2554 2050 2672 roidiſſant
2099 2554 2160 2672 le
2233 2554 2392 2672 bras
2526 2554 2539 2672 &
2600 2554 2697 2672 les

604 2680 962 2802 genoux,
1011 2680 1036 2802 ſi
1085 2680 1246 2802 bien
1332 2680 1468 2802 qu’à
1542 2680 1888 2802 l’inſtant
1974 2680 2098 2802 que
2160 2680 2197 2802 la
2283 2680 2542 2802 pointe
2641 2680 2703 2802 de

577 2802 845 2930 l’eſpee
918 2802 979 2930 de
1040 2802 1076 2930 ſa
1137 2802 1381 2930 partie
1429 2802 1551 2930 luy
1612 2802 1807 2930 vient
1868 2802 1868 2930 à
1929 2802 2294 2930 l’endroit
2391 2802 2440 2930 du
2537 2802 2695 2930 cou-

605 2928 696 3042 de,
741 2928 775 3042 il
820 2928 854 3042 la
922 2928 1171 3042 reçoit
1228 2928 1285 3042 au
1409 2928 1726 3042 Nombre
1806 2928 1851 3042 3,
1919 2928 1964 3042 ou
2055 2928 2100 3042 4,
2157 2928 2338 3042 avec
2395 2928 2451 3042 le
2530 2928 2689 3042 cen-

580 3048 731 3180 tre,
819 3048 932 3180 qui
1008 3048 1083 3180 eſt
1146 3048 1184 3180 la
1272 3048 1486 3180 garde
1561 3048 1624 3180 de
1674 3048 1712 3180 la
1775 3048 2064 3180 ſienne,
2177 3048 2190 3180 &
2240 3048 2278 3180 la
2328 3048 2579 3180 prend
2680 3048 2692 3180 &

587 3171 916 3277 enſerre,
984 3171 1188 3277 entre
1234 3171 1279 3277 ſa
1336 3171 1529 3277 lame
1653 3171 1653 3277 &
1722 3171 1756 3277 ſa
1835 3171 2187 3277 branche
2244 3171 2686 3277 interieure

570 3296 907 3428 tournée
961 3296 1754 3428 horizontalement,
1808 3296 1852 3428 en
1928 3296 2319 3428 avançant
2374 3296 2428 3428 au
2536 3296 2689 3428 meſ-

617 3426 689 3554 me
760 3426 1011 3554 temps
1083 3426 1131 3554 le
1202 3426 1382 3554 pied
1465 3426 1656 3554 droit
1776 3426 1788 3554 &
1848 3426 1907 3554 le
1979 3426 2206 3554 corps
2266 3426 2696 3554 enſemble,

576 3554 755 3677 avec
802 3554 850 3677 le
910 3554 1065 3677 bras
1172 3554 1184 3677 &
1231 3554 1553 3677 l’eſpee,
1613 3554 1672 3677 en
1756 3554 2137 3677 graduant
2185 3554 2459 3677 l’eſpee
2518 3554 2685 3677 con-

577 3680 804 3799 traire
923 3680 935 3799 &
1007 3680 1126 3799 par
1198 3680 1258 3799 ce
1353 3680 1604 3799 moyen
1676 3680 1711 3799 il
1747 3680 1998 3799 ferme
2046 3680 2094 3799 la
2177 3680 2416 3799 droite
2476 3680 2679 3799 ligne

589 3795 637 3922 en
708 3795 992 3922 laiſſant
1063 3795 1406 3922 eſcouler
1453 3795 1489 3922 la
1548 3795 1820 3922 pointe
1903 3795 1962 3922 de
2021 3795 2128 3922 ſon
2222 3795 2613 3922 contraire
2672 3795 2684 3922 à

577 3922 797 4031 vuide
860 3922 975 4031 par
1038 3922 1310 4031 devant
1352 3922 1394 4031 ſa
1457 3922 1844 4031 poitrine,
1907 3922 2221 4031 bleſſant
2263 3922 2681 4031 l’Ennemy

577 4032 628 4158 au
716 4032 992 4158 viſage,
1105 4032 1105 4158 &
1168 4032 1545 4158 abaiſſant
1595 4032 2060 4158 finalement
2098 4032 2160 4158 le
2211 4032 2387 4158 pied
2449 4032 2638 4158 droit
2688 4032 2688 4158 à

582 4155 775 4278 terre
823 4155 944 4278 par
1005 4155 1149 4278 delà
1198 4155 1246 4278 le
1343 4155 1729 4278 Diametre
1789 4155 1995 4278 entre
2043 4155 2152 4278 les
2188 4155 2466 4278 lettres
2562 4155 2695 4278 CE,

640 4278 640 4414 &
690 4278 983 4414 laiſſant
1034 4278 1313 4414 trainer
1377 4278 1428 4414 le
1491 4278 1656 4414 pied
1745 4278 2025 4414 gauche
2114 4278 2495 4414 derriere,
2559 4278 2686 4414 juſ-

598 4408 730 4534 qu’à
826 4408 886 4534 ce
970 4408 1125 4534 qu’il
1209 4408 1593 4534 revienne
1688 4408 1880 4534 droit
1952 4408 2048 4534 ſur
2120 4408 2215 4534 ſes
2299 4408 2515 4534 pieds
2611 4408 2659 4534 en

585 4532 899 4663 pourfil,
1000 4532 1000 4663 &
1063 4532 1113 4663 en
1176 4532 1377 4663 ligne
1440 4532 2207 4663 perpendiculaire:
2270 4532 2307 4663 il
2358 4532 2684 4663 accroiſt

570 4660 688 4789 par
747 4660 806 4789 ce
889 4660 1137 4789 moyen
1208 4660 1633 4789 tellement
1680 4660 1716 4789 la
1799 4660 2118 4789 vigueur
2177 4660 2248 4789 de
2295 4660 2401 4789 ſon
2496 4660 2685 4789 eſto-

585 4784 791 4912 cade,
852 4784 1009 4912 qu’il
1057 4784 1106 4912 le
1154 4784 1384 4912 perce
1433 4784 1493 4912 au
1566 4784 1856 4912 travers
1905 4784 1941 4912 la
2002 4784 2232 4912 teſte.

1294 4934 1605 5118 Cercle
1850 4934 2140 5118 N.2.

605 5142 905 5271 Alexandre
952 5142 986 5271 en
1032 5142 1136 5271 fait
1183 5142 1240 5271 icy
1287 5142 1321 5271 la
1379 5142 1529 5271 finale
1575 5142 1911 5271 execution,
2095 5142 2257 5271 allant
2327 5142 2431 5271 avec
2500 5142 2523 5271 le
2581 5142 2696 5271 pied

716 5271 851 5400 droit,
901 5271 1110 5400 juſqu’à
1147 5271 1307 5400 lettre
1406 5271 1443 5400 H,
1480 5271 1517 5400 le
1566 5271 1776 5400 genouil
1813 5271 1936 5400 plié,
2084 5271 2108 5400 le
2158 5271 2269 5400 pied
2318 5271 2515 5400 gauche
2564 5271 2700 5400 trai-

687 5396 807 5524 nant
861 5396 1470 5524 proportionnellement
1524 5396 1698 5524 apres,
1742 5396 2025 5524 enforçant
2090 5396 2123 5524 de
2166 5396 2231 5524 ſon
2286 5396 2394 5524 bras
2449 5396 2579 5524 celuy
2645 5396 2677 5524 du

694 5522 987 5653 contraire,
1048 5522 1084 5653 de
1133 5522 1194 5653 ſon
1242 5522 1376 5653 ſorte
1425 5522 1547 5653 qu’il
1583 5522 1656 5653 luy
1705 5522 1839 5653 vient
1900 5522 2070 5653 deſſous
2119 5522 2326 5653 l’eſpee.

1086 5661 1522 5773 Ourſuivant
1571 5661 2043 5773 l’execution
2127 5661 2188 5773 de
2236 5661 2696 5773 l’eſtocade,

1022 5792 1057 5923 il
1139 5792 1339 5923 entre
1410 5792 1516 5923 ſur
1575 5792 2022 5923 l’ennemy,
2081 5792 2128 5923 en
2234 5792 2693 5923 cheminant

1038 5917 1219 6048 avec
1258 5917 1309 6048 le
1387 5917 1555 6048 pied
1632 5917 1813 6048 droit
1865 5917 2149 6048 juſqu’à
2227 5917 2265 6048 la
2317 5917 2550 6048 lettre
2653 5917 2692 6048 H,

1044 6043 1094 6175 ou
1167 6043 1192 6175 il
1241 6043 1364 6175 fait
1414 6043 1451 6175 la
1524 6043 1795 6175 charge
1869 6043 1918 6175 du
2005 6043 2226 6175 corps
2275 6043 2374 6175 ſur
2423 6043 2460 6175 la
2509 6043 2694 6175 jam-

566 6173 652 6299 be
739 6173 1035 6299 droite,
1084 6173 1133 6299 en
1220 6173 1454 6299 pliant
1528 6173 1577 6299 le
1663 6173 2021 6299 genouil,
2157 6173 2157 6299 &
2230 6173 2563 6299 trainant
2625 6173 2674 6299 le

561 6296 745 6423 pied
807 6296 1102 6423 gauche
1175 6296 1532 6423 derriere,
1581 6296 1851 6423 juſqu’à
1912 6296 1962 6423 la
2023 6296 2662 6423 circonference;

583 6418 618 6549 en
711 6418 1179 6549 continuant
1237 6418 1237 6549 à
1295 6418 1611 6549 pouſſer
1646 6418 1926 6549 l’eſpee
1985 6418 2032 6549 en
2102 6418 2324 6549 avant
2394 6418 2452 6549 de
2511 6418 2674 6549 tou-

562 6543 622 6671 te
670 6543 717 6671 ſa
765 6543 1016 6671 force,
1063 6543 1242 6671 avec
1290 6543 1338 6671 le
1398 6543 1565 6671 bras
1612 6543 1863 6671 roide,
1887 6543 1923 6671 il
1982 6543 2030 6671 en
2114 6543 2424 6671 choque
2472 6543 2508 6671 ſi
2567 6543 2675 6671 ru-

586 6670 890 6803 dement
938 6670 987 6803 la
1059 6670 1278 6803 garde
1338 6670 1763 6803 contraire,
1824 6670 1981 6803 qu’il
2030 6670 2236 6803 force
2297 6670 2673 6803 l’ennemi

560 6796 573 6918 à
623 6796 673 6918 ſe
736 6796 1062 6918 courber
1112 6796 1162 6918 le
1225 6796 1413 6918 bras,
1526 6796 1538 6918 &
1589 6796 1827 6918 laiſſer
1902 6796 2065 6918 aller
2140 6796 2178 6918 ſa
2253 6796 2517 6918 pointe
2605 6796 2655 6918 en
