5442 7366
1286 405 1602 575 Cercle
1851 405 2100 575 N.3.

599 629 847 764 Zacharie
894 629 965 764 luy
1012 629 1107 764 tire
1154 629 1508 764 derechefune
1555 629 1791 764 eſtocade
1839 629 1874 764 en
1933 629 2087 764 droite
2134 629 2264 764 ligne
2323 629 2323 764 à
2370 629 2524 764 pleine
2571 629 2665 764 for-

686 755 743 885 ce,
789 755 835 885 au
892 755 1086 885 dedans
1132 755 1177 885 du
1223 755 1383 885 bras,
1475 755 1475 885 &
1532 755 1703 885 devers
1749 755 1772 885 le
1840 755 2012 885 viſage
2057 755 2286 885 laquelle
2343 755 2400 885 eſt
2457 755 2663 885 rencon-

687 881 876 1014 tréeau
943 881 1098 1014 meſme
1143 881 1309 1014 temps
1354 881 1798 1014 parllexandre
1842 881 1876 1014 en
1931 881 1998 1014 luy
2042 881 2364 1014 accueillant
2409 881 2576 1014 l’eſpee
2620 881 2664 1014 au

736 1005 933 1135 Nombre
987 1005 998 1135 4
1042 1005 1086 1135 ou
1140 1005 1195 1135 5,
1260 1005 1370 1135 avec
1424 1005 1741 1135 graduation
1840 1005 1851 1135 &
1894 1005 2244 1135 avancement
2320 1005 2353 1135 du
2408 1005 2550 1135 corps
2605 1005 2670 1135 aſ-

686 1128 759 1264 ſez
808 1128 1208 1264 remarquable,
1318 1128 1330 1264 y
1366 1128 1609 1264 pouiſſant
1658 1128 1925 1264 l’eſtocade
1973 1128 1986 1264 à
2034 1128 2253 1264 travers
2301 1128 2338 1264 la
2374 1128 2581 1264 teſte.

1064 1264 1570 1372 LEXANDRE
1648 1264 1693 1372 ſe
1761 1264 2030 1372 tenant
2098 1264 2266 1372 tout
2356 1264 2412 1372 de
2513 1264 2671 1372 meſ-

1073 1397 1183 1521 me,
1244 1397 1427 1521 qu’au
1550 1397 1794 1521 Cercle
1916 1397 1953 1521 N.
2002 1397 2063 1521 1;
2185 1397 2673 1521 ZACHARIE

1027 1517 1073 1619 le
1141 1517 1346 1619 vient
1403 1517 1745 1619 aborder
1802 1517 1802 1619 à
1870 1517 1916 1619 la
2007 1517 2212 1619 mode
2280 1517 2656 1619 ancienne

1026 1638 1213 1752 avec
1259 1638 1399 1752 une
1446 1638 1726 1752 feinte,
1773 1638 2041 1752 haute,
2088 1638 2146 1752 ou
2216 1638 2438 1752 baſſe,
2484 1638 2659 1752 tiree

581 1758 719 1897 d’un
808 1758 959 1897 bras
1035 1758 1249 1897 roide
1312 1758 1426 1897 par
1514 1758 1791 1897 dehors
1854 1758 2182 1897 l’eſpee,
2258 1758 2258 1897 à
2333 1758 2661 1897 l’inſtant

583 1889 743 2019 qu’il
792 1889 1024 2019 arrive
1074 1889 1086 2019 à
1135 1889 1184 2019 la
1282 1889 1882 2019 Circonference
1968 1889 2017 2019 du
2140 1889 2434 2019 Cercle:
2495 1889 2654 2019 puis

571 2012 620 2149 en
694 2012 1198 2149 approchant
1248 2012 1297 2149 le
1346 2012 1518 2149 pied
1592 2012 1911 2149 gauche,
2047 2012 2059 2149 &
2120 2012 2452 2149 eſlevant
2489 2012 2661 2149 l’au-

570 2137 699 2268 tre,
734 2137 770 2268 il
828 2137 1298 2268 commence
1357 2137 1357 2268 à
1415 2137 1592 2268 faire
1650 2137 1697 2268 la
1779 2137 2190 2268 cavation;
2237 2137 2578 2268 laquelle
2637 2137 2672 2268 il

584 2261 949 2392 continue
1041 2261 1304 2392 durant
1372 2261 2012 2392 l’advancement
2104 2261 2149 2392 du
2252 2261 2538 2392 corps,
2630 2261 2664 2392 ſi

568 2385 716 2520 bien
816 2385 989 2520 qu’au
1113 2385 1361 2520 meſme
1423 2385 1709 2520 inſtant
1795 2385 1957 2520 qu’il
2044 2385 2168 2520 met
2230 2385 2279 2520 le
2354 2385 2527 2520 pied
2602 2385 2651 2520 en

573 2513 765 2623 terre
813 2513 909 2623 ſur
957 2513 1005 2623 le
1089 2513 1461 2623 Diametre
1521 2513 1521 2623 à
1569 2513 1617 2623 la
1665 2513 1893 2623 lettre
1977 2513 2025 2623 R,
2061 2513 2097 2623 il
2145 2513 2265 2623 tire
2337 2513 2397 2623 de
2445 2513 2662 2623 toute

564 2632 612 2769 ſa
660 2632 876 2769 force
924 2632 1068 2769 une
1128 2632 1488 2769 eſtocade
1548 2632 1704 2769 vers
1740 2632 1801 2769 le
1861 2632 2101 2769 viſage
2161 2632 2221 2769 de
2281 2632 2377 2769 ſon
2497 2632 2665 2769 Con-

568 2760 832 2894 traire.
1016 2760 1589 2894 ALEXANDRE
1669 2760 2334 2894 s’appercevant,
2426 2760 2552 2894 que
2621 2760 2667 2894 la

557 2880 803 3014 feinte
852 2880 926 3014 ne
988 2880 1172 3014 paſſe
1234 2880 1443 3014 point
1505 2880 1541 3014 la
1603 2880 1948 3014 branche
2021 2880 2083 3014 de
2132 2880 2181 3014 ſa
2255 2880 2526 3014 garde,
2587 2880 2661 3014 ne

560 3004 610 3139 ſe
660 3004 936 3139 bouge
986 3004 1462 3139 nullement,
1500 3004 1788 3139 juſqu’à
1851 3004 2013 3139 tant
2076 3004 2201 3139 que
2327 3004 2665 3139 ZAcharie

553 3132 903 3268 s’avance
962 3132 1020 3268 un
1102 3132 1219 3268 peu
1312 3132 1791 3268 d’avantage,
1896 3132 1896 3268 &
1966 3132 2433 3268 commence
2492 3132 2492 3268 à
2562 3132 2679 3268 fai-

558 3254 617 3386 re
688 3254 724 3386 la
807 3254 1139 3386 cavation
1222 3254 1399 3386 avec
1482 3254 1530 3386 le
1601 3254 1779 3386 pied
1862 3254 2039 3386 droit
2134 3254 2407 3386 eſlevé.
2573 3254 2668 3386 Car

548 3387 694 3506 lors
742 3387 779 3506 il
815 3387 876 3506 ſe
924 3387 1288 3506 prepare,
1337 3387 1713 3506 s’avivant
1762 3387 1810 3506 le
1895 3387 2162 3506 corps,
2223 3387 2271 3506 le
2356 3387 2562 3506 pied,
2611 3387 2659 3506 le

555 3511 752 3628 bras,
863 3511 875 3628 &
912 3511 1219 3628 l’eſpee,
1269 3511 1318 3628 en
1379 3511 1416 3628 la
1478 3511 1736 3628 façon,
1785 3511 1896 3628 qui
1958 3511 2044 3628 eſt
2105 3511 2425 3628 deſcrite
2499 3511 2548 3628 en
2622 3511 2659 3628 la

544 3628 941 3749 troiſieme
1011 3628 1279 3749 eſpece
1349 3628 1466 3749 des
1524 3628 1851 3749 feintes;
1921 3628 1979 3749 de
2026 3628 2224 3749 ſorte
2306 3628 2446 3749 que
2504 3628 2679 3749 l’en-

553 3747 764 3870 nemi
813 3747 1186 3870 entrant,
1310 3747 1322 3870 &
1396 3747 1719 3870 dreſſant
1781 3747 1818 3870 la
1905 3747 2178 3870 pointe
2265 3747 2327 3870 de
2389 3747 2662 3870 l’eſpee

564 3874 723 4000 vers
784 3874 881 4000 ſon
991 3874 1223 4000 viſage
1309 3874 1358 4000 en
1455 3874 1748 4000 dedans
1809 3874 1858 4000 du
1944 3874 2164 4000 bras,
2249 3874 2261 4000 à
2322 3874 2664 4000 l’inſtant

563 3991 827 4125 qu’elle
899 3991 1092 4125 vient
1140 3991 1152 4125 à
1200 3991 1573 4125 l’endroit
1633 3991 1693 4125 de
1753 3991 1850 4125 ſon
1934 3991 2210 4125 coude,
2234 3991 2271 4125 il
2319 3991 2355 4125 la
2415 3991 2667 4125 reçoit

582 4115 642 4248 de
690 4115 726 4248 la
786 4115 1135 4248 branche
1184 4115 1617 4248 interieure
1689 4115 1761 4248 de
1798 4115 1846 4248 ſa
1918 4115 2135 4248 garde
2183 4115 2676 4248 auNombre

580 4243 635 4376 4.
702 4243 746 4376 ou
835 4243 868 4376 5.
990 4243 990 4376 &
1057 4243 1101 4376 en
1167 4243 1212 4376 la
1300 4243 1666 4376 graduant
1732 4243 1910 4376 avec
1976 4243 2043 4376 un
2131 4243 2663 4376 avancement

582 4366 631 4501 du
728 4366 984 4501 corps,
1021 4366 1057 4501 il
1106 4366 1216 4501 luy
1289 4366 1545 4501 donne
1606 4366 1655 4501 le
1740 4366 1923 4501 coup
2009 4366 2057 4501 en
2167 4366 2399 4501 droite
2460 4366 2667 4501 ligne

559 4489 609 4625 au
696 4489 971 4625 viſage,
1021 4489 1395 4625 abaiſſant
1445 4489 1495 4625 le
1557 4489 1732 4625 pied
1794 4489 1981 4625 droit
2031 4489 2106 4625 un
2168 4489 2293 4625 peu
2368 4489 2430 4625 au
2518 4489 2655 4625 delà

552 4621 610 4721 le
703 4621 1075 4721 Diametre
1145 4621 1342 4721 entre
1389 4621 1494 4721 les
1552 4621 1831 4721 lettres
1935 4621 1935 4721 E
2040 4621 2087 4721 H.
2191 4621 2668 4721 continuant

563 4743 576 4877 à
664 4743 977 4877 charger
1040 4743 1090 4877 le
1166 4743 1392 4877 corps
1454 4743 1555 4877 ſur
1618 4743 1931 4877 iceluy,
2007 4743 2057 4877 en
2145 4743 2371 4877 pliant
2421 4743 2484 4877 le
2572 4743 2672 4877 ge-

560 4867 800 5000 nouil,
837 4867 1029 5000 pour
1077 4867 1547 5000 augmenter
1595 4867 1643 5000 la
1703 4867 2028 5000 vigueur
2101 4867 2161 5000 de
2209 4867 2678 5000 l’eſtocade,

587 4990 634 5124 en
693 4990 740 5124 la
822 4990 1140 5124 maniere
1246 4990 1257 5124 &
1316 4990 1504 5124 pour
1551 4990 1646 5124 les
1716 4990 2351 5124 conſiderations
2446 4990 2681 5124 decla-

578 5125 728 5247 rées
791 5125 854 5247 cy
929 5125 1205 5247 deſſus.

716 5241 890 5376 Pour
939 5241 1100 5376 bien
1162 5241 1584 5376 pratiquer
1658 5241 1844 5376 ceſte
1918 5241 2402 5376 operation,
2501 5241 2538 5376 il
2588 5241 2674 5376 eſt

567 5366 898 5499 beſoing
974 5366 1038 5499 de
1101 5366 1394 5499 ſçavoir
1483 5366 1903 5499 diſtinguer
1992 5366 2183 5499 deux
2272 5366 2666 5499 diſtances,

578 5489 638 5623 ou
722 5489 818 5623 les
903 5489 1312 5623 eſtocades
1408 5489 1469 5623 de
1577 5489 1926 5623 ZAcharie
1998 5489 2046 5623 ſe
2131 5489 2480 5623 peuvent
2576 5489 2684 5623 en-

580 5655 1121 5717 commencer.

738 5740 840 5875 Car
890 5740 979 5875 s’il
1030 5740 1386 5875 advient,
1437 5740 1602 5875 qu’il
1640 5740 1944 5875 allonge
1995 5740 2046 5875 ſa
2097 5740 2325 5875 botte
2414 5740 2681 5875 depuis

569 5869 605 5991 la
691 5869 1070 5991 Premiere
1119 5869 1498 5991 inſtance,
1547 5869 1596 5991 ou
1682 5869 1902 5991 encor
1975 5869 2036 5991 de
2085 5869 2256 5991 plus
2305 5869 2562 5991 loing,
2648 5869 2685 5991 il

571 5986 631 6117 au
690 5986 738 6117 ra
798 5986 857 6117 le
917 5986 1131 6117 corps
1239 5986 1251 6117 &
1286 5986 1346 6117 le
1394 5986 1561 6117 bras
1620 5986 1692 6117 de
1739 5986 2002 6117 l’eſpee
2061 5986 2669 6117 neceſſairemẽt

578 6111 914 6242 abaiſſez
1022 6111 1022 6242 &
1082 6111 1407 6242 foibles,
1467 6111 1731 6242 devant
1803 6111 1936 6242 que
1984 6111 2020 6242 ſa
2104 6111 2368 6242 pointe
2440 6111 2681 6242 arrive

577 6233 589 6369 à
637 6233 999 6369 l’endroit
1071 6233 1131 6369 de
1180 6233 1228 6369 la
1288 6233 1577 6369 plieure
1650 6233 1698 6369 du
1794 6233 1951 6369 bras
2035 6233 2445 6369 contraire.
2542 6233 2674 6369 Cela

593 6356 849 6494 eſtant,
942 6356 1430 6494 ALExandre
1500 6356 1546 6494 le
1604 6356 1790 6494 peut
1848 6356 2313 6494 rencontrer
2371 6356 2429 6494 au
2534 6356 2673 6494 meſ-

614 6486 695 6614 me
764 6486 1054 6614 temps,
1123 6486 1169 6614 en
1239 6486 1447 6614 uſant
1505 6486 2060 6614 pareillement
2129 6486 2257 6614 d’un
2349 6486 2685 6614 panche-

616 6615 800 6737 ment
870 6615 927 6737 de
985 6615 1204 6737 corps
1251 6615 1747 6737 alencontre,
1839 6615 1839 6737 &
1897 6615 2382 6737 accouplant
2428 6615 2474 6737 le
2532 6615 2670 6737 fort

611 6737 672 6860 de
734 6737 832 6860 ſon
931 6737 1140 6860 eſpee
1214 6737 1264 6860 au
1350 6737 1596 6860 foible
1682 6737 1744 6860 de
1806 6737 2077 6860 l’eſpee
2151 6737 2532 6860 contraire
2606 6737 2656 6860 au

643 6859 960 6974 Nombre
1031 6859 1066 6974 4.
1137 6859 1184 6974 ou
1278 6859 1325 6974 5.

3019 381 3159 515 Mais
3223 381 3324 515 s’il
3388 381 3388 515 a
3464 381 3578 515 fait
3654 381 4327 515 preallablement
4416 381 4758 515 quelque
4822 381 4936 515 ap-

2810 505 3358 643 prochement
3430 505 3489 643 du
3573 505 3823 643 corps,
3882 505 4157 643 durant
4192 505 4240 643 la
4300 505 4597 643 feinte;
4657 505 4693 643 ſi
4764 505 4907 643 bien

2830 630 2986 768 qu’il
3038 630 3168 768 tire
3220 630 3311 768 ſon
3389 630 3753 768 eſtocade
3831 630 3883 768 de
3949 630 4105 768 plus
4157 630 4365 768 pres,
4469 630 4469 768 &
4547 630 4703 768 qu’il
4755 630 4950 768 puiſ-

2813 757 2862 893 ſe
2923 757 3155 893 paſſer
3229 757 3290 893 de
3351 757 3388 893 ſa
3474 757 3743 893 pointe
3816 757 3975 893 plus
4049 757 4269 893 avant
4355 757 4490 893 que
4551 757 4600 893 le
4685 757 4930 893 coude

2836 880 2895 997 du
2967 880 3133 997 bras
3204 880 3264 997 de
3311 880 3407 997 ſon
3490 880 3918 997 contraire,
3954 880 4108 997 ſans
4156 880 4394 997 auoun
4465 880 4929 997 abaiſſemẽt

2822 1010 2871 1144 ou
2945 1010 3608 1144 affoibliſſement
3682 1010 3731 1144 du
3817 1010 4075 1144 corps,
4136 1010 4333 1144 bras,
4419 1010 4468 1144 ou
4554 1010 4800 1144 eſpee,
4873 1010 4935 1144 A-

2820 1135 2891 1267 LE
2950 1135 3234 1267 xandre
3281 1135 3329 1267 ſe
3400 1135 3720 1267 dreſſera
3779 1135 4418 1267 premierement
4477 1135 4655 1267 tout
4726 1135 4939 1267 droit,

2806 1261 2988 1393 avec
3036 1261 3085 1393 le
3145 1261 3315 1393 pied
3376 1261 3569 1393 droit
3630 1261 3897 1393 eſlevé,
3945 1261 4103 1393 ſans
4151 1261 4503 1393 pancher
4575 1261 4624 1393 du
4721 1261 4939 1393 corps

2817 1387 2863 1518 en
2933 1387 3200 1518 avant,
3258 1387 3582 1518 juſques
3652 1387 3652 1518 à
3733 1387 3884 1518 tant
3965 1387 4104 1518 que
4162 1387 4209 1518 la
4266 1387 4452 1518 lame
4533 1387 4927 1518 contraire

2809 1507 3084 1636 (eſtant
3147 1507 3560 1636 accueillie
3623 1507 3673 1636 du
3748 1507 3898 1636 fort
3961 1507 4023 1636 de
4073 1507 4123 1636 la
4186 1507 4486 1636 ſienne)
4537 1507 4599 1636 ſe
4649 1507 4774 1636 ſoit
4849 1507 4912 1636 un

2805 1636 2931 1770 peu
3045 1636 3480 1770 eſcoulée,
3606 1636 4087 1770 moyennant
4168 1636 4763 1770 l’avancement
4843 1636 4901 1770 du

2815 1761 3066 1890 corps:
3157 1761 3169 1890 &
3214 1761 3363 1890 lors
3397 1761 3431 1890 il
3500 1761 3796 1890 entrera
3842 1761 4013 1890 tout
4070 1761 4561 1890 ſubitement
4629 1761 4675 1890 en
4755 1761 4926 1890 pan-

2820 1878 3033 2015 chant
3083 1878 3183 2015 ſur
3233 1878 3283 2015 le
3346 1878 3659 2015 devant,
3746 1878 3759 2015 &
3797 1878 3859 2015 le
3909 1878 4222 2015 bleſſera
4298 1878 4348 2015 en
4410 1878 4535 2015 luy
4611 1878 4936 2015 graduãt

2801 2004 3077 2138 l’eſpee
3137 2004 3317 2138 avec
3365 2004 3413 2138 le
3473 2004 3641 2138 bras
3701 2004 4061 2138 eſtendu;
4097 2004 4397 2138 ſuivant
4469 2004 4505 2138 la
4601 2004 4925 2138 demon-

2808 2135 3114 2268 ſtration
3191 2135 3254 2268 de
3305 2135 3344 2268 la
3407 2135 3701 2268 figure.

2961 2258 3149 2376 Ceſte
3255 2258 3561 2376 maniere
3655 2258 3714 2376 de
3785 2258 4267 2376 rencontrer
4314 2258 4455 2376 une
4538 2258 4926 2376 eſtocade,

2825 2376 2903 2492 eſt
2956 2376 3139 2492 aſſez
3217 2376 3623 2492 differente
3701 2376 3766 2492 de
3832 2376 4002 2492 celle
4080 2376 4120 2492 du
4237 2376 4486 2492 Cercle
4590 2376 4629 2492 N.
4669 2376 4708 2492 1.
4826 2376 4930 2492 Car

2821 2508 2992 2645 celle
3053 2508 3127 2645 cy
3176 2508 3298 2645 fait
3359 2508 3836 2645 l’execution
3934 2508 3995 2645 de
4044 2508 4142 2645 ſon
4240 2508 4423 2645 coup
4497 2508 4545 2645 en
4631 2508 4704 2645 un
4778 2508 4937 2645 ſeul

2809 2638 3116 2771 temps,
3234 2638 3234 2771 &
3281 2638 3553 2771 l’autre
3612 2638 3659 2771 en
3754 2638 3967 2771 deux:
4026 2638 4191 2771 celle
4262 2638 4333 2771 cy
4380 2638 4782 2771 l’execute
4853 2638 4900 2771 en

2809 2769 3053 2889 pliant
3090 2769 3151 2889 le
3212 2769 3566 2889 genouil,
3713 2769 3725 2889 &
3774 2769 4031 2889 l’autre
4129 2769 4300 2889 veut
4373 2769 4507 2889 que
4569 2769 4630 2889 le
4715 2769 4923 2889 corps

2810 2890 2948 3012 ſoit
2998 2890 3662 3012 preallablement
3738 2890 3963 3012 dreſſé
4013 2890 4063 3012 en
4139 2890 4339 3012 ligne
4389 2890 4941 3012 perpendicu-

2807 3016 2984 3136 laire
3043 3016 3221 3136 avec
3292 3016 3399 3136 les
3470 3016 3778 3136 genoux
3860 3016 4156 3136 roides.
4322 3016 4369 3136 Or
4429 3016 4476 3136 il
4547 3016 4914 3136 ſemblera

2812 3126 2970 3264 bien
3043 3126 3043 3264 à
3116 3126 3529 3264 pluſieurs,
3602 3126 3735 3264 que
3796 3126 3978 3264 ceſte
4039 3126 4245 3264 façon
4354 3126 4415 3264 de
4488 3126 4779 3264 donner
4925 3126 4925 3264 &

2809 3265 3145 3381 achever
3215 3265 3378 3381 tout
3447 3265 3831 3381 enſemble
3889 3265 4074 3381 avec
4121 3265 4225 3381 les
4283 3265 4597 3381 jambes
4667 3265 4922 3381 larges

2868 3389 2881 3510 &
2932 3389 2984 3510 le
3048 3389 3279 3510 genou
3356 3389 3523 3510 plié,
3587 3389 3715 3510 ſoit
3767 3389 3933 3510 plus
3998 3389 4396 3510 gaillarde,
4434 3389 4601 3510 plus
4652 3389 4935 3510 aive,

2873 3505 2873 3643 &
2922 3505 3092 3643 plus
3153 3505 3420 3643 noble,
3493 3505 3614 3643 que
3675 3505 3991 3643 l’autre,
4064 3505 4186 3643 par
4271 3505 4331 3643 ce
4429 3505 4684 3643 qu’elle
4769 3505 4769 3643 a
4866 3505 4915 3643 en

2819 3632 3254 3760 apparence
3323 3632 3667 3760 quelque
3735 3632 3942 3760 choſe
4022 3632 4079 3760 de
4171 3632 4526 3760 commun
4606 3632 4778 3760 avec
4835 3632 4938 3760 les

2813 3760 2978 3882 plus
3028 3760 3421 3882 furieuſes
3522 3760 3826 3882 Aions
3890 3760 3953 3882 de
4004 3760 4054 3882 la
4143 3760 4485 3882 Pratique
4561 3760 4929 3882 vulgaire;

2836 3884 2998 4007 dont
3060 3884 3322 4007 l’autre
3397 3884 3485 4007 eſt
3534 3884 3559 4007 ſi
3609 3884 3759 4007 fort
3834 3884 4271 4007 eſloignée,
4383 3884 4645 4007 qu’elle
4720 3884 4807 4007 ne
4882 3884 4932 4007 le

2811 4008 3173 4126 pourroit
3272 4008 3436 4126 cſtre
3535 4008 3995 4126 davantage.
4160 4008 4609 4126 Cependant
4675 4008 4927 4126 ſoyez

2805 4119 2993 4243 ſeur,
3056 4119 3194 4243 que
3257 4119 3432 4243 celle
3508 4119 3558 4243 du
3683 4119 3922 4243 Cercle
4035 4119 4072 4243 N.
4122 4119 4147 4243 1.
4235 4119 4310 4243 eſt
4361 4119 4398 4243 la
4474 4119 4637 4243 plus
4674 4119 4925 4243 ſeure,

2804 4242 2971 4371 plus
3018 4242 3268 4371 preſte
3328 4242 3328 4371 à
3411 4242 3780 4371 prevenir
3852 4242 4078 4371 touts
4137 4242 4232 4371 les
4316 4242 4935 4371 changements,

2869 4370 2869 4495 &
2956 4370 3216 4495 meſme
3266 4370 3427 4495 auſſi
3489 4370 3650 4495 plus
3712 4370 4083 4495 robuſte,
4158 4370 4269 4495 par
4356 4370 4418 4495 ce
4504 4370 4641 4495 que
4715 4370 4938 4495 touts

2802 4497 2898 4615 les
2981 4497 3363 4615 membres
3435 4497 3483 4615 du
3566 4497 3781 4615 corps
3853 4497 3865 4615 y
3913 4497 4080 4615 ſont
4140 4497 4438 4615 tendus
4558 4497 4558 4615 &
4629 4497 4940 4615 reſveil-

2796 4623 2947 4752 lez,
3051 4623 3062 4752 &
3120 4623 3479 4752 tiennent
3525 4623 3733 4752 leurs
3791 4623 4046 4752 forces
4092 4623 4265 4752 plus
4312 4623 4589 4752 unies;
4682 4623 4740 4752 ce
4821 4623 4936 4752 qui

2811 4747 3069 4871 donne
3114 4747 3114 4871 à
3170 4747 3384 4871 leurs
3451 4747 4013 4871 mouvements
4069 4747 4204 4871 une
4282 4747 4619 4871 vigueur
4754 4747 4754 4871 &
4821 4747 4922 4871 vie

2801 4874 3266 4991 interieure,
3335 4874 3440 4991 qui
3486 4874 3568 4991 ne
3626 4874 3905 4991 paroiſt
3975 4874 4091 4991 pas
4172 4874 4219 4991 en
4312 4874 4835 4991 l’exterieur;
4905 4874 4916 4991 à

2805 5000 3023 5121 raiſon
3108 5000 3314 5121 qu’ils
3363 5000 3520 5121 ſont
3593 5000 3920 5121 d’autant
3981 5000 4139 5121 plus
4187 5000 4454 5121 petits,
4514 5000 4648 5121 que
4696 5000 4733 5121 la
4793 5000 4939 5121 for-

2820 5124 2881 5251 ce
2954 5124 2991 5251 en
3077 5124 3162 5251 eſt
3211 5124 3370 5251 plus
3443 5124 3749 5251 grande.
3871 5124 3920 5251 En
4018 5124 4263 5251 outre,
4324 5124 4507 5251 pour
4580 5124 4629 5251 ce
4727 5124 4923 5251 qu’ils

2811 5249 3263 5371 procedent
3358 5249 3477 5371 d’un
3584 5249 3810 5371 corps
3881 5249 4190 5371 eſtendu
4273 5249 4927 5371 perpendiculai-

2806 5374 3153 5503 rement,
3177 5374 3261 5503 ils
3309 5374 3356 5503 ſe
3416 5374 3584 5503 font
3643 5374 3811 5503 avec
3871 5374 4038 5503 plus
4098 5374 4170 5503 de
4230 5374 4744 5503 ſuperiorité,
4792 5374 4923 5503 que

2803 5503 2906 5631 les
2963 5503 3284 5631 autres;
3353 5503 3868 5631 notamment
3960 5503 4212 5631 quand
4292 5503 4350 5631 on
4453 5503 4464 5631 y
4556 5503 4922 5631 employe

2807 5627 3160 5744 l’artifice
3266 5627 3278 5744 &
3325 5627 3360 5744 la
3419 5627 3937 5744 proportion,
3995 5627 4125 5744 que
4184 5627 4290 5744 les
4360 5627 4760 5744 occaſions
4842 5627 4937 5744 re-

2834 5751 3263 5878 quierent;
3356 5751 3612 5878 meſme
3705 5751 3832 5878 que
3890 5751 3948 5878 le
4030 5751 4250 5878 corps
4343 5751 4424 5878 eſt
4494 5751 4691 5878 alors
4773 5751 4935 5878 pre-

2814 5876 2978 5992 paré
3024 5876 3188 5992 tant
3235 5876 3422 5992 pour
3480 5876 3539 5992 ſe
3585 5876 4018 5992 trãſporter
4123 5876 4135 5992 &
4193 5876 4579 5992 travailler
4637 5876 4637 5992 à
4707 5876 4918 5992 touts

2830 5989 3132 6121 coſtez,
3205 5989 3350 6121 qu’à
3411 5989 3906 6121 pourſuivre,
3967 5989 4342 6121 arreſter,
4475 5989 4475 6121 &
4572 5989 4922 6121 moderer

2816 6123 2913 6253 ſes
2962 6123 3265 6253 aions
3313 6123 3483 6253 tout
3531 6123 3701 6253 ainſi
3762 6123 3895 6253 que
3944 6123 4065 6253 bon
4138 6123 4259 6253 luy
4307 6123 4659 6253 ſeble;
4732 6123 4926 6253 pour

2835 6249 2885 6378 ce
2960 6249 3122 6378 qu’il
3172 6249 3185 6378 a
3235 6249 3398 6378 tout
3473 6249 3523 6378 en
3598 6249 3936 6378 reſerve.
4036 6249 4198 6378 C’eſt
4248 6249 4699 6378 pourquoy
4749 6249 4786 6378 il
4836 6249 4924 6378 eſt

2816 6377 3185 6490 tresutile
3254 6377 3312 6490 de
3381 6377 3796 6490 pratiquer
3842 6377 3946 6490 les
4015 6377 4500 6490 executions
4569 6377 4638 6490 de
4696 6377 4926 6490 telles

2883 6496 2883 6626 &
2931 6496 3396 6626 ſemblables
3469 6496 3872 6626 eſtocades
3957 6496 4006 6626 en
4092 6496 4287 6626 deux
4360 6496 4666 6626 temps,
4727 6496 4934 6626 plus-

2817 6624 2960 6746 toſt
3031 6624 3222 6746 qu’en
3293 6624 3424 6746 un:
3543 6624 3543 6746 &
3591 6624 4114 6746 aucunesfois
4162 6624 4198 6746 il
4257 6624 4341 6746 eſt
4412 6624 4472 6746 du
4567 6624 4733 6746 tout
4805 6624 4924 6746 ne-

2833 6749 3187 6882 ceſſaire,
3273 6749 3567 6882 comme
3615 6749 3652 6882 il
3713 6749 3848 6882 ſera
3946 6749 4251 6882 monſtré
4300 6749 4422 6882 par
4484 6749 4520 6882 la
4606 6749 4936 6882 deſcrip-

2820 6877 2954 6979 tion
3088 6877 3137 6979 du
3271 6877 3502 6979 Cercle
3587 6877 3952 6979 ſuivant:
4049 6877 4110 6979 ou
4232 6877 4707 6979 ALExandre
4780 6877 4914 6979 ſera

4761 7047 4921 7107 Con-
