5442 7366
2838 362 2955 492 luy
3007 362 3332 492 ſuffiſant
3397 362 3514 492 pas
3578 362 3643 492 de
3695 362 3747 492 ſe
3799 362 3981 492 tenir
4059 362 4267 492 droit,
4318 362 4344 492 ſi
4409 362 4461 492 ce
4539 362 4708 492 n’eſt
4773 362 4929 492 qu’il

2855 488 2855 612 y
2950 488 3305 612 adjouſte
3412 488 3637 612 encor
3719 488 3779 612 un
3885 488 4074 612 petit
4157 488 4749 612 ſouſlevement
4856 488 4903 612 du

2845 619 3096 738 corps,
3144 619 3335 738 pour
3383 619 3443 738 ſe
3490 619 3789 738 hauſſer
3837 619 3909 738 un
3980 619 4100 738 peu
4183 619 4625 738 davantage
4673 619 4781 738 ſur
4828 619 4936 738 les

2840 742 3102 864 orteils
3170 742 3216 864 du
3296 742 3466 864 pied
3535 742 3877 864 gauche,
3933 742 3990 864 en
4059 742 4435 864 tournant
4503 742 4560 864 au
4674 742 4925 864 meſme

2826 867 3080 988 temps
3138 867 3173 988 la
3242 867 3415 988 teſte
3473 867 3646 988 avec
3704 867 3750 988 le
3820 867 3947 988 dos
4028 867 4293 988 devers
4351 867 4397 988 la
4466 867 4744 988 pointe
4825 867 4929 988 en-

2827 997 3132 1119 nemie;
3193 997 3536 1119 laquelle
3597 997 3633 1119 il
3707 997 3768 1119 va
3853 997 4171 1119 graduer
4257 997 4306 1119 en
4391 997 4807 1119 roidiſſant
4880 997 4929 1119 le

2828 1122 3027 1245 bras,
3086 1122 3156 1245 de
3203 1122 3379 1245 telle
3426 1122 3661 1245 ſorte,
3719 1122 4024 1245 qu’avec
4083 1122 4141 1245 un
4212 1122 4411 1245 petit
4470 1122 4622 1245 pas,
4657 1122 4927 1245 poſant

2824 1245 2873 1366 le
2933 1245 3103 1366 pied
3164 1245 3357 1366 droit
3406 1245 3467 1366 un
3551 1245 3673 1366 peu
3733 1245 3733 1366 à
3806 1245 3988 1366 coſté
4048 1245 4351 1366 environ
4424 1245 4473 1366 la
4533 1245 4764 1366 lettre
4873 1245 4933 1366 E,

2825 1373 2862 1496 il
2899 1373 2948 1496 le
3034 1373 3415 1496 contraint
3513 1373 3574 1496 de
3660 1373 3943 1496 quitter
3992 1373 4029 1496 la
4127 1373 4361 1496 droite
4410 1373 4680 1496 ligne,
4803 1373 4803 1496 &
4864 1373 4926 1496 le

2828 1497 3059 1622 bleſſe
3110 1497 3174 1622 au
3250 1497 3545 1622 viſage,
3583 1497 3877 1622 laiſſant
3954 1497 4184 1622 ſuivre
4261 1497 4312 1622 le
4376 1497 4555 1622 pied
4631 1497 4926 1622 gauche

2843 1628 3173 1740 derriere
3239 1628 3283 1740 en
3349 1628 3404 1740 le
3470 1628 3810 1740 trainant
3865 1628 3931 1740 un
4019 1628 4140 1740 peu
4239 1628 4931 1740 circulairement,

2826 1751 3103 1871 juſqu’à
3175 1751 3380 1871 venir
3440 1751 3488 1871 en
3561 1751 3850 1871 pourfil
3910 1751 3958 1871 en
4018 1751 4055 1871 la
4115 1751 4464 1871 ſituation
4536 1751 4922 1871 naturelle

2848 1875 2908 1996 de
2955 1875 2991 1996 la
3073 1875 3452 1996 Premiere
3512 1875 3855 1996 Inſtance
3914 1875 3973 1996 au
4056 1875 4116 1996 de
4175 1875 4341 1996 dans
4424 1875 4530 1996 des
4601 1875 4933 1996 perpen-

2837 2005 3283 2091 diculaires.

2930 2126 3122 2246 Ceux
3182 2126 3291 2246 qui
3339 2126 3712 2246 tiennent
3760 2126 4157 2246 l’Eſcrime
4229 2126 4566 2246 vulgaire
4626 2126 4938 2246 s’eſton-

2825 2250 3109 2371 neront
3169 2250 3703 2371 grandement
3762 2250 3892 2371 d’un
3963 2250 4058 2371 tel
4118 2250 4533 2371 precepte.
4616 2250 4723 2371 Car
4770 2250 4936 2371 por-

2824 2369 2932 2491 ter
2967 2369 3015 2491 la
3075 2369 3254 2491 teſte
3373 2369 3373 2491 &
3421 2369 3468 2491 le
3540 2369 3659 2491 dos
3719 2369 3874 2491 vers
3922 2369 3970 2491 la
4017 2369 4292 2491 pointe
4363 2369 4423 2491 de
4459 2369 4936 2491 l’Adverſai-

2825 2499 2921 2619 re,
2993 2499 3258 2619 durant
3306 2499 3354 2619 le
3402 2499 3667 2619 temps
3727 2499 3896 2619 qu’il
3944 2499 4028 2619 eſt
4101 2499 4149 2619 en
4233 2499 4389 2619 ae
4462 2499 4522 2619 de
4582 2499 4763 2619 titer
4811 2499 4907 2619 ſon

2833 2627 3233 2744 eſtocade,
3267 2627 3313 2744 il
3347 2627 3507 2744 leur
3553 2627 3929 2744 ſemblera
3998 2627 4135 2744 que
4192 2627 4249 2744 ce
4306 2627 4432 2744 ſoit
4489 2627 4626 2744 une
4683 2627 4923 2744 teme-

2822 2748 2946 2872 rité
3021 2748 3133 2872 qui
3195 2748 3407 2872 deffie
3456 2748 3494 2872 la
3606 2748 3867 2872 Nature
3942 2748 4241 2872 meſme,
4278 2748 4614 2872 laquelle
4676 2748 4925 2872 taſche

2814 2872 3223 2994 touſiours
3291 2872 3347 2994 de
3404 2872 3450 2994 ſe
3518 2872 3926 2994 conſerver
3971 2872 4096 2994 ſoy
4176 2872 4471 2994 meſme,
4505 2872 4720 2994 avant
4788 2872 4924 2994 que

2838 3000 3246 3113 d’offenſer
3296 3000 3345 3113 le
3444 3000 3865 3113 Contraire.
3989 3000 4038 3113 Et
4100 3000 4261 3113 c’eſt
4298 3000 4348 3113 la
4409 3000 4632 3113 raiſon
4706 3000 4929 3113 pour-

2829 3124 3027 3243 quoy
3085 3124 3167 3243 ils
3214 3124 3855 3243 s’acouſtument
3937 3124 4159 3243 quant
4205 3124 4217 3243 à
4287 3124 4415 3243 eux
4497 3124 4567 3243 de
4637 3124 4777 3243 fuir
4824 3124 4940 3243 l’e-

2816 3249 2988 3366 ſpee
3057 3249 3172 3366 qui
3229 3249 3424 3366 vient
3493 3249 3757 3366 contre
3814 3249 3975 3366 eux,
4043 3249 4089 3366 en
4158 3249 4560 3366 panchant
4628 3249 4686 3366 de
4743 3249 4778 3366 la
4846 3249 4938 3366 te-

2818 3373 2908 3492 ſte
3035 3373 3048 3492 &
3138 3373 3189 3492 du
3291 3373 3508 3492 corps
3572 3373 3584 3492 à
3648 3373 4070 3492 l’oppoſite
4159 3373 4210 3492 du
4312 3373 4580 3492 poin
4670 3373 4925 3492 qu’elle

2854 3497 3183 3617 menace.
3312 3497 3476 3617 Pour
3535 3497 3946 3617 reſponce,
3993 3497 4052 3617 je
4122 3497 4509 3617 confeſſe,
4603 3497 4721 3617 que
4791 3497 4920 3617 nos

2825 3627 3225 3712 exercices
3309 3627 3467 3712 ſont
3593 3627 4120 3712 dircement
4225 3627 4667 3712 contraires
4783 3627 4920 3712 aux

2820 3742 3071 3861 leurs,
3178 3742 3178 3861 &
3250 3742 3333 3861 dis
3405 3742 3595 3861 qu’ils
3667 3742 3834 3861 font
3894 3742 4037 3861 une
4108 3742 4263 3861 bien
4371 3742 4645 3861 grande
4717 3742 4919 3861 faute

2834 3865 3262 3982 d’eſquiver
3311 3865 3348 3982 la
3409 3865 3727 3982 poine
3800 3865 3849 3982 en
3935 3865 4131 3982 ceſte
4180 3865 4412 3982 ſorte.
4547 3865 4644 3982 Car
4742 3865 4926 3982 d’au-

2817 3990 2980 4106 tant
3026 3990 3189 4106 plus
3259 3990 3456 4106 qu’ils
3503 3990 3538 4106 la
3596 3990 3933 4106 penſent
3991 3990 4282 4106 eviter,
4364 3990 4410 4106 en
4492 3990 4817 4106 portant
4875 3990 4922 4106 la

2817 4105 3010 4230 teſte
3055 4105 3236 4230 hors
3281 4105 3349 4230 de
3395 4105 3814 4230 preſence,
3870 4105 4176 4230 dautant
4222 4105 4391 4230 plus
4448 4105 4924 4230 demeurent

2817 4232 2887 4355 ils
2958 4232 2993 4355 en
3087 4232 3356 4355 danger
3438 4232 3555 4355 d’en
3637 4232 3813 4355 eſtre
3860 4232 4247 4355 touchez.
4352 4232 4399 4355 Et
4446 4232 4505 4355 au
4587 4232 4926 4355 contrai-

2819 4356 2877 4481 re
2947 4356 3284 4481 d’autant
3331 4356 3493 4481 plus
3552 4356 3749 4481 qu’on
3831 4356 3947 4481 s’en
4029 4356 4575 4481 approchera,
4622 4356 4924 4481 ſuivant

2817 4482 3318 4607 l’inſtruion
3428 4482 3489 4607 de
3562 4482 3758 4607 ceſte
3880 4482 3892 4607 &
3978 4482 4039 4607 de
4100 4482 4589 4607 ſemblables
4674 4482 4931 4607 opera-

2816 4607 3074 4724 tions,
3133 4607 3473 4724 d’autant
3520 4607 3684 4724 plus
3754 4607 3801 4724 en
3871 4607 4000 4724 ſera
4071 4607 4129 4724 on
4200 4607 4516 4724 aſſeuré,
4622 4607 4633 4724 &
4692 4607 4938 4724 entre-

2814 4734 2860 4855 ra
2964 4734 3010 4855 on
3103 4734 3264 4855 plus
3334 4734 3553 4855 avant
3634 4734 3922 4855 dedans
3980 4734 4084 4855 les
4142 4734 4938 4855 perpendiculaires.

2855 4855 2963 4981 Car
3035 4855 3059 4981 ſi
3156 4855 3613 4981 ALExandre
3697 4855 3841 4981 euſt
3913 4855 4118 4981 voulu
4202 4855 4443 4981 eviter
4491 4855 4527 4981 la
4611 4855 4924 4981 poine

2825 4983 3216 5106 contraire
3285 4983 3331 5106 en
3399 4983 3457 5106 ſe
3526 4983 3847 5106 retirant
3905 4983 3951 5106 la
4031 4983 4261 5106 teſte,
4329 4983 4387 5106 je
4467 4983 4651 5106 vous
4731 4983 4927 5106 prie,

2838 5102 3058 5230 qu’eſt
3119 5102 3180 5230 ce
3242 5102 3364 5230 qui
3401 5102 3657 5230 auroit
3718 5102 4134 5230 empeſché
4183 5102 4452 5230 l’eſpee
4525 5102 4941 5230 contraire,

2833 5227 2949 5356 qui
3001 5227 3092 5356 eſt
3143 5227 3376 5356 libre,
3454 5227 3506 5356 de
3583 5227 3906 5356 changer
3945 5227 3997 5356 le
4062 5227 4282 5356 trait,
4385 5227 4385 5356 &
4476 5227 4527 5356 de
4592 5227 4941 5356 pourſui-

2825 5355 2931 5479 vre
2991 5355 3086 5479 ſon
3169 5355 3620 5479 advantage
3703 5355 3750 5479 en
3845 5355 4189 5479 quelque
4272 5355 4486 5479 autre
4545 5355 4818 5479 ſorte?
4901 5355 4937 5479 Il

2825 5485 2992 5604 vaut
3092 5485 3325 5604 mieux
3414 5485 3658 5604 doncq
3758 5485 3814 5604 de
3869 5485 4347 5604 rencontrer
4391 5485 4435 5604 le
4513 5485 4691 5604 coup
4746 5485 4924 5604 avec

2818 5604 3363 5731 ſuperiorité,
3460 5604 3593 5731 que
3678 5604 4175 5731 d’attendre,
4272 5604 4429 5731 qu’il
4514 5604 4781 5731 vienne
4914 5604 4926 5731 &

2832 5727 2989 5848 qu’il
3050 5727 3207 5848 aille
3268 5727 3268 5848 à
3340 5727 3389 5848 ſa
3449 5727 3716 5848 poſte,
3764 5727 3946 5848 avec
4006 5727 4297 5848 hazard
4357 5727 4478 5848 d’en
4563 5727 4926 5848 recevoir

2817 5855 3227 5981 l’atteinte;
3323 5855 3335 5981 &
3408 5855 3649 5981 mieux
3709 5855 3866 5981 vaut
3914 5855 3975 5981 le
4023 5855 4336 5981 rompre
4409 5855 4529 5981 que
4578 5855 4638 5981 le
4686 5855 4927 5981 laiſſer

2819 5978 3039 6106 libre.
3186 5978 3627 6106 Concluons
3688 5978 3909 6106 donc,
3970 5978 4104 6106 que
4153 5978 4337 6106 l’Art
4447 5978 4460 6106 &
4496 5978 4937 6106 l’aſſeuran-

2837 6104 2898 6229 ce
2983 6104 3069 6229 eſt
3117 6104 3117 6229 à
3191 6104 3410 6229 celuy
3471 6104 3581 6229 qui
3630 6104 3813 6229 ſçait
3886 6104 4179 6229 domter
4240 6104 4338 6229 les
4411 6104 4923 6229 pretentions

2831 6230 2902 6348 de
2949 6230 3056 6348 ſon
3138 6230 3565 6348 contraire;
3612 6230 3671 6348 le
3719 6230 4003 6348 hazard
4110 6230 4121 6348 &
4169 6230 4714 6348 l’eſpouvante
4761 6230 4773 6348 à
4844 6230 4939 6348 ce-

2820 6359 2997 6477 luy,
3056 6359 3174 6477 qui
3221 6359 3564 6477 redoute
3611 6359 3647 6477 la
3718 6359 3954 6477 venue
4025 6359 4226 6477 d’une
4273 6359 4580 6477 pointe,
4628 6359 4923 6477 comme

2823 6482 2849 6612 ſi
2914 6482 3031 6612 elle
3096 6482 3317 6612 eſtoit
3356 6482 3824 6612 invincible.

4795 6797 4949 6897 Cer-

581 361 976 491 contraint
1060 361 1120 491 de
1192 361 1252 491 ſe
1371 361 1623 491 mettre
1719 361 1898 491 droit
1970 361 2066 491 ſur
2138 361 2245 491 ſes
2317 361 2664 491 jambes,

580 488 760 624 pour
819 488 1214 624 s’aſſeurer
1274 488 1537 624 contre
1585 488 2063 624 l’eſtocade,
2147 488 2278 624 que
2326 488 2374 624 ſa
2434 488 2673 624 partie

566 617 684 754 luy
744 617 874 754 tire
933 617 981 754 en
1076 617 1348 754 dehors
1408 617 1467 754 du
1538 617 1739 754 bras,
1775 617 1953 754 avec
2000 617 2060 754 le
2119 617 2344 754 corps
2392 617 2569 754 haut
2676 617 2688 754 &

595 742 818 874 droit,
880 742 1277 874 enſuivant
1326 742 1376 874 le
1425 742 1587 874 ſtile
1661 742 1723 874 de
1772 742 2020 874 noſtre
2107 742 2491 874 Pratique.
2578 742 2677 874 Car

582 868 663 1006 s’il
709 868 744 1006 la
813 868 1114 1006 vouloit
1183 868 1669 1006 rencontrer
1727 868 1773 1006 en
1854 868 2247 1006 panchant
2305 868 2362 1006 du
2467 868 2675 1006 corps

582 997 628 1129 en
710 997 932 1129 avant
978 997 1083 1129 ſur
1130 997 1177 1129 le
1247 997 1562 1129 genouil
1620 997 1690 1129 de
1760 997 1795 1129 la
1865 997 2122 1129 jambe
2192 997 2682 1129 anterieure,

584 1118 697 1255 par
735 1118 1250 1255 l’abaiſſemẽt
1326 1118 1376 1255 du
1464 1118 1703 1255 corps,
1766 1118 1816 1255 du
1892 1118 2080 1255 bras,
2181 1118 2181 1255 &
2256 1118 2319 1255 de
2370 1118 2671 1255 l’eſpee,

567 1246 603 1380 il
663 1246 1167 1380 deviendroit
1215 1246 1887 1380 neceſſairement
1935 1246 2319 1380 inferieur
2367 1246 2379 1380 à
2427 1246 2475 1380 ſa
2535 1246 2679 1380 par-

569 1371 691 1507 tie,
752 1371 874 1507 qui
911 1371 984 1507 ne
1045 1371 1447 1507 s’eſloigne
1521 1371 1789 1507 guerre
1850 1371 1911 1507 de
1972 1371 2301 1507 prendre
2350 1371 2679 1507 l’advan-

568 1503 744 1625 tage
808 1503 871 1625 de
921 1503 1414 1625 ſuperiorité,
1452 1503 1565 1625 par
1616 1503 1654 1625 la
1704 1503 2045 1625 hauteur
2121 1503 2171 1625 du
2247 1503 2462 1625 corps
2525 1503 2689 1625 qu’il

563 1629 622 1723 ſe
669 1629 998 1723 reſerve.

1306 2242 1608 2422 Cercle
1825 2242 2084 2422 N.4.

593 2535 841 2657 Zacharie
886 2535 954 2657 luy
999 2535 1089 2657 tire
1134 2535 1303 2657 encore
1348 2535 1416 2657 ſur
1461 2535 1506 2657 la
1562 2535 1720 2657 meſe
1777 2535 1968 2657 poſture
2025 2535 2104 2657 une
2149 2535 2295 2657 autre
2340 2535 2577 2657 eſtocade
2611 2535 2690 2657 re-

686 2662 813 2778 ſolue
859 2662 893 2778 en
962 2662 1111 2778 droite
1157 2662 1318 2778 ligne,
1375 2662 1548 2778 dehors
1582 2662 1605 2778 le
1651 2662 1789 2778 bras,
1881 2662 1892 2778 &
1961 2662 2133 2778 devers
2168 2662 2202 2778 le
2248 2662 2443 2778 viſage,
2478 2662 2593 2778 avec
2639 2662 2673 2778 le

685 2787 831 2910 corps
879 2787 1146 2910 touſiours
1182 2787 1206 2910 ſi
1255 2787 1376 2910 haut
1425 2787 1546 2910 qu’il
1570 2787 1619 2910 ne
1667 2787 1800 2910 paſſe
1837 2787 1970 2910 point
2019 2787 2055 2910 la
2104 2787 2261 2910 lettre
2346 2787 2395 2910 V,
2443 2787 2516 2910 ſur
2564 2787 2686 2910 quoy

720 2914 1016 3030 Alexandre
1060 2914 1214 3030 ayant
1258 2914 1356 3030 fait
1400 2914 1433 3030 ſa
1488 2914 1872 3030 preparation,
1916 2914 2135 3030 accueile
2190 2914 2366 3030 l’eſpee
2410 2914 2673 3030 contraire

697 3037 730 3156 du
775 3037 875 3156 fort
931 3037 965 3156 de
1010 3037 1043 3156 la
1088 3037 1244 3156 ſienne
1300 3037 1334 3156 au
1445 3037 1635 3156 Nombre
1702 3037 1736 3156 4,
1769 3037 1892 3156 avec
1926 3037 1970 3156 un
2026 3037 2160 3156 petit
2194 3037 2574 3156 ſouſlevement
2641 3037 2674 3156 du

678 3163 826 3282 corps
860 3163 940 3282 ſur
986 3163 1009 3282 le
1054 3163 1237 3282 orteils
1294 3163 1317 3282 de
1363 3163 1431 3282 ſes
1477 3163 1648 3282 pieds,
1705 3163 1739 3282 de
1785 3163 1899 3282 quoy
1933 3163 1968 3282 il
2013 3163 2207 3282 retient
2242 3163 2276 3282 la
2322 3163 2675 3282 ſuperiorité,

736 3287 736 3405 &
789 3287 821 3405 en
885 3287 1161 3405 graduant
1203 3287 1373 3405 l’eſpee
1416 3287 1682 3405 contraire
1745 3287 1830 3405 d’un
1894 3287 2000 3405 bras
2043 3287 2181 3405 roide
2224 3287 2340 3405 avec
2383 3287 2468 3405 une
2510 3287 2670 3405 petite

687 3411 982 3531 demarche,
1016 3411 1141 3531 pour
1186 3411 1390 3531 tourner
1436 3411 1470 3531 la
1515 3411 1640 3531 teſte
1731 3411 1731 3531 &
1776 3411 1810 3531 le
1867 3411 1924 3531 dos
1980 3411 2151 3531 devers
2196 3411 2514 3531 l’eſtocade,
2582 3411 2605 3531 il
2650 3411 2673 3531 le

680 3536 815 3658 bleſſe
871 3536 939 3658 luy
1018 3536 1175 3658 meſme
1231 3536 1265 3658 au
1322 3536 1535 3658 viſage,
1580 3536 1614 3658 en
1671 3536 1929 3658 revenant
1975 3536 2076 3658 tout
2143 3536 2256 3658 droit
2324 3536 2492 3658 debout
2549 3536 2582 3658 en
2639 3536 2673 3658 la

695 3663 854 3780 meſme
900 3663 1093 3780 poſture
1139 3663 1264 3780 qu’il
1298 3663 1435 3780 eſtoit
1491 3663 1526 3780 au
1582 3663 1890 3780 paravant.

1009 3865 1354 3991 ’Eſtants
1403 3865 1723 3991 plantez
1785 3865 1883 3991 les
1957 3865 2142 3991 deux
2204 3865 2499 3991 parties
2561 3865 2561 3991 à
2635 3865 2672 3991 la

1043 3991 1416 4096 Premiere
1518 3991 1947 4096 Inſtance:
2015 3991 2219 4096 l’eſpe
2366 3991 2422 4096 de
2558 3991 2558 4096 Z
2626 3991 2671 4096 A-

1042 4100 1356 4222 CHARIE
1449 4100 1739 4222 deſſous
1774 4100 2041 4222 l’autre
2100 4100 2146 4222 en
2216 4100 2425 4222 ligne
2495 4100 2669 4222 droi-

1029 4229 1076 4345 te
1192 4229 1203 4345 &
1250 4229 1657 4345 parallele,
1691 4229 1726 4345 il
1796 4229 2261 4345 commence
2330 4229 2679 4345 inconti-

554 4349 736 4444 nent
781 4349 793 4444 à
849 4349 1031 4444 faire
1076 4349 1258 4444 avec
1326 4349 1371 4444 le
1451 4349 1610 4444 bras
1678 4349 1893 4444 roide
1962 4349 2098 4444 une
2166 4349 2404 4444 feinte
2472 4349 2484 4444 à
2552 4349 2643 4444 ſon

600 4475 979 4597 Contraire
1038 4475 1144 4597 par
1215 4475 1499 4597 dedans
1547 4475 1594 4597 le
1653 4475 1854 4597 bras,
1937 4475 1985 4597 en
2067 4475 2399 4597 eſlevant
2505 4475 2517 4597 &
2564 4475 2683 4597 ad-

565 4600 901 4724 vançant
961 4600 1310 4724 quelque
1370 4600 1490 4724 peu
1550 4600 1598 4724 le
1658 4600 1827 4724 pied
1899 4600 2115 4724 droit;
2151 4600 2307 4724 puis
2367 4600 2416 4724 en
2500 4600 2668 4724 con-

554 4722 869 4844 tinuant
914 4722 959 4844 le
1038 4722 1296 4844 meſme
1353 4722 1949 4844 advancement
2016 4722 2061 4844 du
2140 4722 2309 4844 pied
2388 4722 2669 4844 enſem-

565 4846 665 4972 ble
728 4846 903 4972 avec
953 4846 1003 4972 le
1066 4846 1329 4972 corps,
1391 4846 1429 4972 il
1491 4846 1779 4972 repaſſe
1842 4846 1942 4972 ſon
2042 4846 2255 4972 eſpee
2330 4846 2443 4972 par
2531 4846 2668 4972 deſ-

559 4970 730 5102 ſous
767 4970 816 5102 la
889 4970 1096 5102 garde
1169 4970 1230 5102 de
1291 4970 1328 5102 ſa
1389 4970 1682 5102 partie,
1791 4970 1791 5102 &
1852 4970 1901 5102 en
1999 4970 2121 5102 tire
2194 4970 2328 5102 une
2389 4970 2670 5102 eſtoca-

584 5097 645 5222 de
695 5097 990 5222 reſolue
1052 5097 1212 5222 tout
1286 5097 1471 5222 droit
1545 5097 1705 5222 vers
1767 5097 1816 5222 le
1890 5097 2124 5222 viſage
2211 5097 2531 5222 d’iceluy
2605 5097 2654 5222 en

586 5223 863 5348 dehors
900 5223 951 5348 le
1001 5223 1202 5348 bras,
1252 5223 1629 5348 abaiſſant
1679 5223 1730 5348 le
1780 5223 1956 5348 pied
2031 5223 2207 5348 droit
2257 5223 2270 5348 à
2332 5223 2521 5348 terre
2571 5223 2571 5348 à
2621 5223 2659 5348 la

560 5345 608 5468 le
669 5345 814 5468 ttre
899 5345 971 5468 V,
1032 5345 1213 5468 avec
1249 5345 1298 5468 le
1358 5345 1527 5468 bras
1588 5345 1890 5468 eſtendu
2023 5345 2023 5468 &
2072 5345 2120 5468 le
2193 5345 2398 5468 corps
2459 5345 2664 5468 haut,

566 5475 859 5601 laiſſant
920 5475 1202 5601 trainer
1251 5475 1300 5601 le
1349 5475 1532 5601 pied
1593 5475 1887 5601 gauche
1948 5475 2339 5601 derriere,
2401 5475 2670 5601 autant

575 5600 737 5726 qu’il
800 5600 875 5726 eſt
925 5600 1262 5726 beſoing
1312 5600 1500 5726 pour
1550 5600 1600 5726 ſe
1663 5600 1850 5726 tenir
1900 5600 2300 5726 touſiours
2350 5600 2688 5726 perpen-

581 5722 975 5851 diculaire.
1137 5722 1148 5851 A
1218 5722 1287 5851 LE
1356 5722 1726 5851 XANDRE
1796 5722 2397 5851 s’appercevant
2490 5722 2686 5851 dere-

576 5846 764 5978 chef,
839 5846 965 5978 que
1002 5846 1052 5978 la
1103 5846 1353 5978 feinte
1404 5846 1479 5978 ne
1541 5846 1730 5978 paſſe
1792 5846 1918 5978 pas
1980 5846 2081 5978 les
2143 5846 2532 5978 branches
2620 5846 2683 5978 de

559 5978 610 6103 ſa
698 5978 962 6103 garde,
1037 5978 1314 6103 attend
1376 5978 1527 6103 ſans
1603 5978 1904 6103 bouger
1955 5978 2231 6103 juſqu’à
2294 5978 2445 6103 tant
2546 5978 2671 6103 que

552 6098 1081 6223 l’Adverſaire
1141 6098 1298 6223 face
1346 6098 1382 6223 la
1478 6098 1815 6223 cavation
1900 6098 2080 6223 avec
2165 6098 2502 6223 quelque
2574 6098 2682 6223 ap-

566 6221 1107 6351 prochement
1167 6221 1480 6351 notable
1564 6221 1613 6351 du
1697 6221 1961 6351 corps;
2082 6221 2082 6351 &
2130 6221 2274 6351 lors
2334 6221 2371 6351 il
2419 6221 2467 6351 ſe
2515 6221 2683 6351 pre-

547 6349 761 6471 ſente
806 6349 817 6471 à
862 6349 918 6471 le
975 6349 1380 6471 recevoir,
1448 6349 1493 6471 en
1571 6349 1875 6471 avivant
1932 6349 1988 6471 le
2044 6349 2292 6471 corps,
2337 6349 2664 6471 eſlevant

555 6475 606 6603 le
657 6475 835 6603 pied
899 6475 1128 6603 droit,
1230 6475 1243 6603 &
1294 6475 1765 6603 conduiſant
1816 6475 2084 6603 l’eſpee
2160 6475 2339 6603 ſelon
2428 6475 2517 6603 les
2581 6475 2682 6603 in-

557 6601 994 6728 ſtruions
1057 6601 1644 6728 precedentes;
1757 6601 1757 6728 &
1832 6601 1832 6728 à
1907 6601 2231 6728 l’inſtant
2294 6601 2431 6728 que
2494 6601 2531 6728 la
2594 6601 2681 6728 la-

583 6727 667 6858 me
728 6727 1113 6858 contraire
1174 6727 1294 6858 luy
1355 6727 1547 6858 vient
1608 6727 1620 6858 à
1668 6727 2030 6858 l’endroit
2102 6727 2150 6858 du
2235 6727 2512 6858 coude,
2548 6727 2584 6858 il
2621 6727 2657 6858 la

556 6855 816 6972 roçoit
875 6855 934 6972 du
1017 6855 1278 6972 centre
1349 6855 1491 6972 dela
1562 6855 1810 6972 ſienne
1881 6855 1940 6972 au
2082 6855 2402 6972 Nombre
2485 6855 2520 6972 4.
2591 6855 2662 6972 ne
