5442 7366
2874 328 3133 472 jambe
3197 328 3495 472 droite,
3612 328 3612 472 &
3676 328 3961 472 laiſſant
4013 328 4297 472 trainer
4349 328 4401 472 le
4453 328 4634 472 pied
4711 328 4996 472 gauche

2878 456 3844 588 proportionnellement
3916 456 4250 588 derriere
4298 456 4584 588 juſqu’à
4655 456 4691 588 la
4751 456 4989 588 lettre

2912 587 2959 717 X.
3042 587 3608 717 ALEXANDRE
3667 587 3714 717 ſe
3773 587 4104 717 prepare
4175 587 4823 717 premierement
4882 587 4989 717 cõ-

2865 704 2972 841 tre
3019 704 3055 841 la
3114 704 3363 841 feinte
3434 704 3434 841 ,
3505 704 3873 841 s’avivant
4003 704 4003 841 &
4086 704 4501 841 eſtendant
4560 704 4620 841 au
4726 704 4987 841 meſme

2869 830 3127 967 temps
3176 830 3226 967 le
3299 830 3521 967 corps
3570 830 3754 967 avec
3853 830 4246 967 eſlevation
4357 830 4406 967 du
4505 830 4689 967 pied
4775 830 4996 967 droit,

2881 957 2918 1082 en
3005 957 3362 1082 eſtendãt
3399 957 3461 1082 le
3522 957 3683 1082 bras
3732 957 3917 1082 avec
3966 957 4274 1082 l’eſpee,
4311 957 4360 1082 la
4422 957 4743 1082 poine
4816 957 4989 1082 dreſ-

2856 1081 2950 1189 ſée
3022 1081 3543 1189 contremont
3614 1081 3673 1189 du
3768 1081 3969 1189 coſté
4040 1081 4111 1189 de
4158 1081 4206 1189 la
4265 1081 4537 1189 feinte,
4597 1081 4893 1189 comme
4952 1081 4987 1189 il

2853 1213 2865 1342 à
2948 1213 3078 1342 eſté
3160 1213 3467 1342 monſtré
3538 1213 3609 1342 cy
3679 1213 3974 1342 deſſus;
4045 1213 4092 1342 en
4163 1213 4588 1342 attendant
4635 1213 4824 1342 avec
4895 1213 4989 1342 ce-

2852 1335 2953 1465 ſte
2998 1335 3504 1465 ſuperiorité,
3571 1335 3874 1465 comme
3931 1335 4099 1465 avec
4167 1335 4234 1465 un
4301 1335 4627 1465 remede
4684 1335 4998 1465 univer-

2854 1449 2976 1596 ſel,
3025 1449 3197 1596 tout
3258 1449 3319 1596 ce
3393 1449 3527 1596 que
3576 1449 4103 1596 l’Adverſaire
4152 1449 4287 1596 luy
4336 1449 4519 1596 peut
4605 1449 4985 1596 machiner

2866 1581 2913 1700 en
2997 1581 3187 1700 ſuite
3246 1581 3318 1700 de
3365 1581 3401 1700 la
3461 1581 3746 1700 feinte,
3806 1581 3948 1700 ſoit
4008 1581 4055 1700 en
4139 1581 4626 1700 continuant
4686 1581 4733 1700 le
4817 1581 4983 1700 trait

2864 1708 3488 1846 encommencé,
3558 1708 3617 1846 ou
3699 1708 3746 1846 en
3817 1708 4029 1846 uſant
4099 1708 4170 1846 de
4229 1708 4582 1846 quelque
4664 1708 4993 1846 change-

2881 1828 3063 1968 ment
3119 1828 3233 1968 par
3324 1828 3641 1968 maniere
3709 1828 3777 1968 de
3834 1828 4242 1968 cavation,
4322 1828 4379 1968 ou
4469 1828 4537 1968 de
4628 1828 4980 1968 quelque

2853 1956 3074 2090 autre
3124 1956 3357 2090 ſorte,
3419 1956 3554 2090 que
3616 1956 3677 2090 ce
3726 1956 3960 2090 puiſſe
4034 1956 4243 2090 eſtre.
4366 1956 4981 2090 S’appercevant

2874 2084 3051 2213 donc
3111 2084 3170 2213 au
3241 2084 3573 2213 premier
3632 2084 3798 2213 trait
3881 2084 3929 2213 du
4024 2084 4522 2213 changemẽt,
4581 2084 4640 2213 de
4688 2084 4996 2213 l’inten-

2853 2203 2997 2342 tion
3081 2203 3153 2342 de
3201 2203 3298 2342 ſon
3406 2203 3887 2342 Adverſaire,
3935 2203 4043 2342 par
4103 2203 4151 2342 le
4200 2203 4657 2342 torſement
4741 2203 4801 2342 de
4873 2203 4993 2342 l’e-

2849 2325 3109 2468 ſpaule
3221 2325 3221 2468 &
3295 2325 3357 2468 du
3419 2325 3580 2468 bras
3654 2325 4038 2468 d’iceluy;
4100 2325 4323 2468 avant
4385 2325 4521 2468 que
4583 2325 4633 2468 la
4707 2325 4979 2468 pointe

2846 2449 2970 2585 luy
3032 2449 3218 2585 paſſe
3280 2449 3664 2585 l’endroit
3751 2449 3801 2585 du
3900 2449 4185 2585 coude,
4234 2449 4271 2585 il
4333 2449 4482 2585 voit
4544 2449 4990 2585 clairemẽt,

2864 2577 3130 2720 qu’elle
3231 2577 3308 2720 eſt
3396 2577 3675 2720 dreſſée
3777 2577 4043 2720 devers
4107 2577 4208 2720 ſon
4297 2577 4538 2720 viſage
4639 2577 4690 2720 en
4766 2577 4982 2720 ligne

2862 2711 3203 2832 courbe:
3264 2711 3264 2832 à
3312 2711 3713 2832 l’occaſion
3811 2711 4127 2832 dequoy
4175 2711 4212 2832 il
4272 2711 4588 2832 eſquive
4661 2711 4710 2832 le
4795 2711 4977 2832 coup

2860 2838 2908 2956 en
2992 2838 3243 2956 oſtant
3290 2838 3326 2956 ſa
3398 2838 3577 2956 teſte
3637 2838 3816 2956 hors
3876 2838 3948 2956 de
3995 2838 4402 2956 preſence,
4450 2838 4557 2956 par
4605 2838 4665 2956 le
4748 2838 4963 2956 moien

2867 2961 3001 3084 d’un
3090 2961 3749 3084 tournoyement
3905 2961 3905 3084 &
3983 2961 4519 3084 avancement
4620 2961 4675 3084 du
4787 2961 4988 3084 coſté

2861 3073 3159 3216 gauche
3233 3073 3394 3216 qu’il
3444 3073 3617 3216 veut
3667 3073 3853 3216 faire
3928 3073 3965 3216 en
4052 3073 4312 3216 poſant
4362 3073 4411 3216 le
4473 3073 4647 3216 pied
4709 3073 4932 3216 droit,
4969 3073 4982 3216 à

2850 3210 3156 3333 preſent
3217 3210 3486 3333 eſlevé,
3547 3210 3645 3333 ſur
3694 3210 3756 3333 le
3854 3210 4221 3333 Diametre
4294 3210 4343 3333 au
4466 3210 4747 3333 dedans
4808 3210 4870 3333 de
4931 3210 4968 3333 la

2882 3335 3538 3454 Circonference;
3595 3335 3641 3454 en
3710 3335 4193 3454 accueillant
4251 3335 4308 3454 au
4412 3335 4665 3454 meſme
4722 3335 4975 3454 temps

2846 3459 3022 3568 avec
3092 3459 3151 3568 le
3292 3459 3608 3568 Nombre
3667 3459 3714 3568 7.
3808 3459 3866 3568 de
3913 3459 3960 3568 ſa
4030 3459 4218 3568 lame
4312 3459 4593 3568 dreſſée
4675 3459 4980 3568 contre-

2883 3589 3074 3704 mont
3122 3589 3169 3704 le
3229 3589 3277 3704 5.
3336 3589 3384 3704 ou
3480 3589 3515 3704 6.
3587 3589 3647 3704 de
3694 3589 3969 3704 l’eſpee
4028 3589 4458 3704 contraire,
4494 3589 4589 3704 ſur
4637 3589 4983 3704 laquelle

2851 3710 2888 3830 il
2924 3710 3047 3830 fait
3121 3710 3464 3830 quelque
3526 3710 3771 3830 petite
3845 3710 4446 3830 deſgraduation
4532 3710 4716 3830 avec
4790 3710 4999 3830 quel-

2876 3834 2996 3949 que
3081 3834 3598 3949 abaiſſement
3683 3834 3743 3949 de
3827 3834 3863 3949 la
3972 3834 4201 3949 main,
4285 3834 4863 3949 s’affermiſſant
4935 3834 4983 3949 le

2859 3960 3114 4080 coude
3172 3960 3439 4080 contre
3485 3960 3543 4080 le
3590 3960 3822 4080 flanc,
3880 3960 4065 4080 pour
4112 3960 4158 4080 la
4228 3960 4541 4080 defenſe
4610 3960 4668 4080 de
4726 3960 4761 4080 la
4831 3960 4981 4080 par-

2853 4074 2940 4191 tie
2983 4074 3429 4191 inferieure
3494 4074 3548 4191 du
3624 4074 3874 4191 corps;
3994 4074 3994 4191 &
4070 4074 4548 4191 continuant
4592 4074 4603 4191 à
4668 4074 4711 4191 ſe
4776 4074 4983 4191 tour-

2845 4199 2974 4316 ner
3080 4199 3091 4316 &
3138 4199 3478 4316 avancer
3525 4199 3631 4316 ſur
3678 4199 3725 4316 le
3807 4199 4077 4316 meſme
4147 4199 4323 4316 pied
4382 4199 4980 4316 circulairemẽt

2850 4319 2902 4442 le
2967 4319 3162 4442 coſté
3227 4319 3551 4442 gauche,
3603 4319 3876 4442 juſqu’à
3954 4319 3993 4442 en
4070 4319 4278 4442 poſer
4330 4319 4382 4442 le
4434 4319 4602 4442 pied
4680 4319 4680 4442 à
4745 4319 4784 4442 la
4849 4319 4992 4442 let-

2847 4448 2948 4570 tre
3036 4448 3074 4570 I.
3124 4448 3238 4570 par
3300 4448 3464 4570 deçà
3527 4448 3577 4570 le
3665 4448 4093 4570 Diametre,
4144 4448 4383 4570 pliant
4433 4448 4484 4570 le
4559 4448 4874 4570 genouil
4974 4448 4987 4570 &

2847 4570 3493 4689 accommodant
3552 4570 3600 4689 le
3672 4570 3887 4689 corps
3971 4570 4245 4689 deſſus,
4293 4570 4341 4689 en
4413 4570 4986 4689 aſſujettiſſant

2840 4693 3111 4809 l’eſpee
3182 4693 3617 4809 contraire;
3676 4693 3734 4809 le
3805 4693 3970 4809 tout
4040 4693 4099 4809 en
4193 4693 4687 4809 conformité
4770 4693 4829 4809 de
4911 4693 4982 4809 ce

2862 4809 2978 4951 qui
3042 4809 3119 4951 eſt
3171 4809 3621 4951 repreſenté
3673 4809 3789 4951 par
3840 4809 3943 4951 les
3995 4809 4317 4951 figures.

3564 4958 3893 5138 Cercle
4156 4958 4397 5138 N.7.

2876 5176 3178 5303 Alexandre
3213 5176 3446 5303 eſlevant
3492 5176 3516 5303 le
3562 5176 3679 5303 pied
3725 5176 3946 5303 gauche,
4039 5176 4039 5303 &
4097 5176 4435 5303 amortiſſant
4481 5176 4516 5303 la
4563 5176 4691 5303 lame
4737 5176 4970 5303 contrai-

2961 5302 3005 5423 re
3039 5302 3083 5423 en
3127 5302 3216 5423 oſte
3260 5302 3294 5423 la
3338 5302 3515 5423 ſienne,
3538 5302 3571 5423 ſe
3615 5302 3893 5423 panchant
3937 5302 3981 5423 un
4026 5302 4103 5423 peu
4192 5302 4214 5423 du
4281 5302 4358 5423 dos
4403 5302 4403 5423 a
4458 5302 4680 5423 l’envers
4769 5302 4780 5423 &
4846 5302 4968 5423 dere-

2965 5429 3162 5559 chefen
3208 5429 3462 5559 revenant
3520 5429 3612 5559 d’ou
3659 5429 3693 5559 il
3728 5429 3867 5559 eſtoit
3924 5429 4063 5559 parti
4167 5429 4167 5559 &
4225 5429 4490 5559 avançant
4537 5429 4571 5559 le
4629 5429 4791 5559 meſme
4837 5429 4976 5559 pied,

2965 5552 2989 5679 il
3037 5552 3110 5679 luy
3158 5552 3315 5679 aſſene
3364 5552 3400 5679 la
3448 5552 3618 5679 pointe
3666 5552 3702 5679 au
3750 5552 3871 5679 coſté
3932 5552 4040 5679 droit
4101 5552 4282 5679 deſſous
4318 5552 4343 5679 le
4391 5552 4524 5679 bras.

3344 5692 3344 5816 E
3491 5692 3737 5816 Cercle
3823 5692 4179 5816 contient
4241 5692 4290 5816 la
4376 5692 4794 5816 pourſuite
4905 5692 4954 5816 du

3305 5813 3793 5939 precedent.
3927 5813 4025 5939 Car
4074 5813 4086 5939 à
4147 5813 4367 5939 peine
4477 5813 4819 5939 ZAcharie
4880 5813 4892 5939 a
4941 5813 4978 5939 il

3301 5939 3597 6053 achevé
3643 5939 3700 6053 le
3779 5939 4292 6053 mouvement
4360 5939 4428 6053 de
4485 5939 4587 6053 ſon
4678 5939 4974 6053 eſtoca-

3329 6063 3390 6197 de
3438 6063 3789 6197 perdue,
3849 6063 4551 6197 qu’ALEXANDRE
4599 6063 4962 6197 pourſuit

2847 6186 2942 6322 ſon
3013 6186 3511 6322 advantage;
3570 6186 3617 6322 en
3700 6186 4032 6322 eſlevant
4080 6186 4127 6322 le
4186 6186 4364 6322 pied
4423 6186 4720 6322 gauche
4779 6186 4957 6322 avec

2847 6305 2919 6449 un
2991 6305 3171 6449 petit
3231 6305 3746 6449 pouſſement
3794 6305 3902 6449 ſur
3950 6305 3986 6449 la
4046 6305 4238 6449 lame
4310 6305 4729 6449 contraire,
4765 6305 4957 6449 pour

2844 6436 2966 6577 luy
3015 6436 3380 6577 troubler
3416 6436 3465 6577 le
3514 6436 3988 6577 ſentiment,
4073 6436 4085 6577 &
4146 6436 4329 6577 pour
4414 6436 4463 6577 en
4572 6436 4755 6577 oſter
4840 6436 4962 6577 par

2883 6561 3132 6685 meſme
3192 6561 3382 6685 voye
3429 6561 3477 6685 la
3536 6561 3786 6685 ſienne
3857 6561 3928 6685 de
3988 6561 4297 6685 deſſus,
4380 6561 4427 6685 en
4546 6561 4843 6685 menant
4914 6561 4950 6685 la

2851 6690 3112 6808 pointe
3214 6690 3859 6808 circulairement
3939 6690 4312 6808 alentour
4403 6690 4448 6808 du
4539 6690 4709 6808 bras
4788 6690 4969 6808 con-

2846 6815 3069 6931 traire
3131 6815 3193 6931 de
3255 6815 3429 6931 haut
3491 6815 3541 6931 en
3615 6815 3789 6931 bas,
3888 6815 3901 6931 &
3950 6815 4534 6931 s’affermiſſant
4571 6815 4633 6931 le
4708 6815 4968 6931 coude

4894 6968 4944 7058 du

1294 2570 1604 2754 Cercle
1869 2570 2112 2754 N.6.

623 2806 873 2925 Zacharie
919 2806 1191 2925 s’avance,
1294 2806 1294 2925 &
1339 2806 1407 2925 luy
1464 2806 1555 2925 tire
1634 2806 1862 2925 derechef
1918 2806 1998 2925 une
2066 2806 2293 2925 eſtocade
2350 2806 2429 2925 par
2498 2806 2532 2925 de
2589 2806 2702 2925 hors

708 2930 741 3052 le
785 2930 896 3052 bras
963 2930 1140 3052 devers
1196 2930 1229 3052 le
1273 2930 1461 3052 viſage
1506 2930 1539 3052 en
1617 2930 1750 3052 ligne
1794 2930 2005 3052 courbe,
2060 2930 2282 3052 portant
2326 2930 2348 3052 le
2415 2930 2525 3052 pied
2592 2930 2703 3052 droit

710 3057 917 3176 juſqu’à
966 3057 1002 3176 la
1039 3057 1197 3176 lettre
1282 3057 1343 3176 R;
1404 3057 1477 3176 qui
1538 3057 1659 3176 fait
1732 3057 2158 3176 qu’Alexandre
2231 3057 2438 3176 eſquive
2487 3057 2511 3176 le
2584 3057 2706 3176 coup

711 3186 746 3304 en
805 3186 1076 3304 avançant
1124 3186 1159 3304 le
1194 3186 1312 3304 coſté
1360 3186 1584 3304 gauche,
1667 3186 1667 3304 &
1726 3186 1903 3304 poſant
1950 3186 1973 3304 le
2021 3186 2139 3304 pied
2198 3186 2316 3304 droit
2363 3186 2434 3304 ſur
2493 3186 2516 3304 le
2599 3186 2705 3304 Dia-

726 3309 862 3421 metre
924 3309 956 3421 au
1029 3309 1206 3421 dedans
1269 3309 1301 3421 de
1353 3309 1384 3421 la
1426 3309 1865 3421 circonference,
1959 3309 1959 3421 &
2011 3309 2335 3421 accueillant
2409 3309 2450 3421 au
2544 3309 2701 3421 meſme

705 3432 870 3553 temps
925 3432 958 3553 du
1068 3432 1266 3553 Nombre
1342 3432 1386 3553 7,
1430 3432 1463 3553 le
1518 3432 1518 3553 5
1584 3432 1617 3553 ou
1694 3432 1694 3553 6
1760 3432 1793 3553 de
1837 3432 2023 3553 l’eſpee
2067 3432 2364 3553 contraire,
2408 3432 2518 3553 avec
2573 3432 2704 3553 quel-

701 3556 791 3674 que
847 3556 1298 3674 deſgraduation,
1343 3556 1692 3674 abaiſſement
1759 3556 1793 3674 de
1838 3556 1872 3674 la
1928 3556 2075 3674 main,
2176 3556 2176 3674 &
2221 3556 2255 3674 le
2300 3556 2446 3674 coude
2502 3556 2705 3674 affermi

698 3677 874 3792 contre
918 3677 951 3792 le
994 3677 1148 3792 flanc,
1192 3677 1225 3792 en
1269 3677 1400 3792 ſorte
1444 3677 1532 3792 que
1576 3677 1620 3792 la
1664 3677 1828 3792 partie
1872 3677 2168 3792 inferieure
2234 3677 2267 3792 du
2333 3677 2475 3792 corps
2541 3677 2705 3792 eſtant

709 3798 1036 3916 affranchie,
1085 3798 1121 3916 il
1158 3798 1242 3916 fait
1291 3798 1327 3916 là
1388 3798 1533 3916 deſſus
1570 3798 1642 3916 ſon
1679 3798 1921 3916 intrade,
1958 3798 1994 3916 en
2042 3798 2212 3916 allant
2273 3798 2309 3916 du
2357 3798 2467 3916 pied
2515 3798 2721 3916 gauche

707 3925 913 4040 juſqu’à
978 3925 1003 4040 la
1055 3925 1210 4040 lettre
1287 3925 1326 4040 I.

1072 4061 1226 4182 Pres
1285 4061 1416 4182 que
1463 4061 1558 4182 les
1629 4061 1819 4182 deux
1914 4061 2341 4182 Contraires
2400 4061 2519 4182 ont
2578 4061 2709 4182 eſté

1056 4189 1368 4306 plantez
1428 4189 1440 4306 à
1488 4189 1524 4306 la
1608 4189 1979 4306 Premiere
2039 4189 2399 4306 Inſtance
2471 4189 2519 4306 en
2591 4189 2710 4306 po-

1055 4313 1291 4434 ſtures
1361 4313 1432 4434 de
1480 4313 1515 4434 la
1609 4313 1845 4434 droite
1893 4313 2141 4434 ligne,
2223 4313 2542 4434 tenants
2613 4313 2707 4434 les

1077 4437 1335 4557 eſpees
1384 4437 1790 4557 paralleles
1839 4437 2035 4557 l’une
2084 4437 2097 4557 à
2158 4437 2477 4557 l’autre,
2539 4437 2711 4557 celle

615 4560 1277 4661 d’ALEXANDRE
1363 4560 1596 4661 deſſus
1706 4560 1706 4661 &
1755 4560 2013 4661 l’autre
2111 4560 2479 4661 deſſous;
2601 4560 2724 4661 ZA-

614 4688 911 4808 CHARIE
1002 4688 1483 4808 entreprend
1551 4688 1608 4808 de
1677 4688 1791 4808 luy
1871 4688 2043 4808 tirer
2123 4688 2500 4808 derechef
2557 4688 2706 4808 une

603 4814 969 4909 eſtocade
1025 4814 1080 4909 en
1169 4814 1446 4909 dehors
1513 4814 1568 4909 du
1646 4814 1868 4909 bras,
1912 4814 2034 4909 non
2123 4814 2567 4909 toutesfois
2634 4814 2678 4909 en

593 4936 797 5065 ligne
869 4936 1145 5065 droite,
1229 4936 1528 5065 comme
1612 4936 1672 5065 au
1792 4936 2044 5065 Cercle
2175 4936 2211 5065 N.
2271 4936 2319 5065 4.
2391 4936 2403 5065 à
2499 4936 2703 5065 cauſe

616 5060 1216 5187 qu’ALExandre
1262 5060 1308 5187 la
1366 5060 1493 5187 luy
1551 5060 1758 5187 avoit
1805 5060 2289 5187 rencontrée
2358 5060 2531 5187 avec
2601 5060 2716 5187 pa-

607 5182 804 5308 reille
853 5182 1062 5308 ligne
1124 5182 1394 5308 droite;
1481 5182 1763 5308 domté,
1886 5182 1899 5308 &
1960 5182 2182 5308 bleſſé
2268 5182 2329 5308 au
2440 5182 2698 5308 meſme

611 5306 928 5435 temps;
1033 5306 1198 5435 dont
1280 5306 1315 5435 il
1374 5306 1562 5435 aime
1679 5306 1914 5435 mieux
1996 5306 2054 5435 de
2125 5306 2242 5435 luy
2324 5306 2583 5435 porter
2653 5306 2712 5435 le

619 5433 800 5560 coup
856 5433 1036 5560 avec
1081 5433 1138 5560 le
1194 5433 1352 5560 bras
1419 5433 1735 5560 courbé,
1802 5433 1847 5560 en
1915 5433 1960 5560 la
2050 5433 2366 5560 maniere
2422 5433 2715 5560 ſuivan-

599 5559 689 5674 te.
791 5559 836 5674 Il
892 5559 1298 5674 s’advance
1355 5559 1998 5674 premierement
2043 5559 2223 5674 avec
2268 5559 2415 5674 une
2460 5559 2708 5674 feinte

619 5682 678 5803 de
726 5682 761 5803 la
820 5682 1163 5803 ſeconde
1234 5682 1494 5803 eſpece
1553 5682 1600 5803 en
1683 5682 1978 5803 dedans
2037 5682 2084 5803 du
2155 5682 2344 5803 bras,
2380 5682 2699 5803 portant

611 5807 1058 5937 egalement
1107 5807 1155 5937 le
1216 5807 1385 5937 pied
1494 5807 1506 5937 &
1542 5807 1590 5937 le
1663 5807 1880 5937 corps
1929 5807 2110 5937 avec
2146 5807 2207 5937 le
2255 5807 2412 5937 bras
2485 5807 2715 5937 eſten-

621 5933 718 6060 du,
767 5933 1095 6060 juſques
1155 5933 1167 6060 à
1240 5933 1398 6060 tant
1483 5933 1604 6060 que
1689 5933 1725 6060 ſa
1810 5933 2126 6060 poine
2199 5933 2429 6060 arrive
2502 5933 2708 6060 alen-

623 6059 802 6184 droit
873 6059 921 6184 du
1016 6059 1349 6184 poignet
1421 6059 1492 6184 de
1552 6059 1588 6184 la
1695 6059 1838 6184 main
1921 6059 2362 6184 contraire;
2469 6059 2481 6184 &
2540 6059 2695 6184 puis

611 6180 665 6277 en
753 6180 1221 6277 continuant
1286 6180 1515 6277 encor
1559 6180 1613 6277 le
1700 6180 1951 6277 meſme
2006 6180 2638 6277 advancement,
2670 6180 2703 6277 il

604 6305 641 6432 la
714 6305 993 6432 repaſſe
1042 6305 1163 6432 par
1236 6305 1588 6432 deſſous,
1686 6305 1698 6432 &
1783 6305 1831 6432 en
1904 6305 2038 6432 tire
2123 6305 2172 6432 en
2281 6305 2548 6432 dehors
2633 6305 2682 6432 du

615 6429 765 6553 bras
822 6429 995 6553 avec
1053 6429 1307 6553 pleine
1353 6429 1572 6553 force
1630 6429 1768 6553 une
1837 6429 2241 6553 eſtocade,
2310 6429 2368 6553 au
2448 6429 2690 6553 viſage

634 6555 696 6679 de
758 6555 1143 6679 l’Ennemi
1217 6555 1267 6679 en
1341 6555 1552 6679 ligne
1626 6555 1986 6679 courbe;
2060 6555 2333 6679 poſant
2395 6555 2445 6679 le
2519 6555 2693 6679 pied

619 6679 805 6775 droit
864 6679 969 6775 ſur
1004 6679 1062 6775 le
1168 6679 1541 6775 Diametre
1611 6679 1623 6775 à
1693 6679 1740 6775 la
1798 6679 2032 6775 lettre
2137 6679 2196 6775 R,
2266 6679 2312 6775 en
2406 6679 2709 6775 accom-

643 6803 942 6928 modant
1014 6803 1074 6928 le
1146 6803 1361 6928 corps
1445 6803 1493 6928 en
1588 6803 1804 6928 avant
1852 6803 1959 6928 ſur
2007 6803 2067 6928 le
2151 6803 2462 6928 genouil
2546 6803 2605 6928 de
2653 6803 2701 6928 la

1329 354 1650 518 Cercle
1879 354 2154 518 N.5.

1105 597 1605 719 LEXANDRE
1677 597 2034 719 pourſuit
2141 597 2141 719 &
2213 597 2546 719 execute
2594 597 2689 719 ſon

1083 720 1508 847 eſtocade,
1569 720 2151 847 l’augmentant
2285 720 2285 847 &
2346 720 2722 847 parache-

1077 849 1241 976 vant
1295 849 1470 976 avec
1546 849 1939 976 eſlevation
2103 849 2103 976 &
2168 849 2703 976 advancemẽt

1102 964 1151 1093 du
1225 964 1397 1093 pied
1459 964 1681 1093 droit,
1742 964 2124 1093 enſemble
2198 964 2247 1093 du
2334 964 2580 1093 corps,
2642 964 2691 1093 du

603 1090 813 1216 bras,
924 1090 924 1216 &
998 1090 1048 1216 de
1097 1090 1443 1216 l’eſpee;
1529 1090 1579 1216 en
1665 1090 2036 1216 abaiſſant
2110 1090 2603 1216 finallement
2653 1090 2702 1216 le

607 1223 784 1333 pied
831 1223 925 1333 ſur
972 1223 1031 1333 le
1125 1223 1501 1333 Diametre
1572 1223 1784 1333 outre
1831 1223 1878 1333 la
1937 1223 2160 1333 lettre
2266 1223 2325 1333 H,
2408 1223 2702 1333 menant

599 1338 635 1468 la
708 1338 973 1468 charge
1058 1338 1106 1468 du
1191 1338 1408 1468 corps
1457 1338 1553 1468 ſur
1602 1338 1650 1468 le
1722 1338 2036 1468 genouil
2073 1338 2471 1468 anterieur
2532 1338 2701 1468 plié,

655 1467 667 1588 &
736 1467 1106 1588 graduant
1175 1467 1614 1588 cependant
1672 1467 1718 1588 la
1787 1467 1972 1588 lame
2064 1467 2446 1588 contraire
2527 1467 2700 1588 avec

598 1584 647 1719 le
721 1584 880 1719 bras
954 1584 1211 1719 roide,
1285 1584 1567 1719 juſqu’à
1653 1584 1702 1719 en
1800 1584 2266 1719 rencontrer
2315 1584 2364 1719 la
2450 1584 2708 1719 garde,

598 1711 786 1837 avec
844 1711 1020 1837 telle
1091 1711 1489 1837 violence,
1560 1711 1677 1837 que
1736 1711 2123 1837 l’ennemy
2181 1711 2264 1837 eſt
2322 1711 2557 1837 forcé,
2639 1711 2698 1837 de

594 1835 654 1957 ſe
714 1835 1049 1957 courber
1097 1835 1144 1957 le
1204 1835 1419 1957 bras,
1467 1835 1718 1957 laiſſer
1778 1835 1946 1957 aller
1993 1835 2029 1957 ſa
2101 1835 2412 1957 poine
2472 1835 2520 1957 en
2603 1835 2711 1957 an-

609 1960 709 2088 gle
771 1960 1034 2088 obtus,
1147 1960 1147 2088 &
1210 1960 1573 2088 recevoir
1610 1960 1886 2088 l’eſpee
1973 1960 2036 2088 de
2099 1960 2612 2088 l’Adverſaire
2687 1960 2700 2088 à

607 2092 905 2188 travers
951 2092 986 2188 la
1054 2092 1272 2188 teſte.
