5442 7366
2573 272 3304 416 treſdangereuſe:
3379 272 3676 416 pource
3763 272 3924 416 qu’il
3998 272 4147 416 s’eſt
4209 272 4506 416 reſervé
4605 272 4667 416 de

2567 412 2907 539 pouvoir
2977 412 3305 539 changer
3352 412 3798 539 l’operation
3891 412 4548 539 encommencée,
4653 412 4665 539 &

2582 538 2653 662 de
2713 538 2880 662 faire
2927 538 2975 662 la
3046 538 3380 662 cavation
3463 538 3654 662 pour
3725 538 3999 662 bleſſer
4059 538 4118 662 au
4226 538 4511 662 dedans
4595 538 4642 662 du

2571 662 2773 792 bras:
2836 662 2900 792 ce
2976 662 3089 792 qui
3140 662 3266 792 luy
3330 662 3557 792 ſeroit
3621 662 4089 792 impoſsible
4165 662 4253 792 s’il
4304 662 4519 792 eſtoit
4607 662 4658 792 en

2562 789 2713 892 ae
2794 789 2853 892 de
2911 789 3074 892 tirer
3132 789 3306 892 avec
3365 789 3830 892 reſolution.
3888 789 3935 892 La
3993 789 4459 892 rencontre,
4517 789 4668 892 c’eſt

2578 915 2745 1041 qu’il
2809 915 2963 1041 faut
3040 915 3642 1041 qu’ALExandre
3719 915 3937 1041 ſache
4014 915 4488 1041 diſtinguer,
4565 915 4668 1041 par

2555 1045 2655 1166 les
2710 1045 3430 1166 commencemens
3563 1045 3563 1166 &
3630 1045 4195 1166 preparations
4273 1045 4383 1166 des
4483 1045 4660 1166 mou-

2568 1166 2885 1279 vemens
2953 1166 2999 1279 du
3089 1166 3498 1279 contraire,
3532 1166 3622 1279 s’il
3668 1166 3793 1279 tire
3849 1166 4031 1279 avec
4076 1166 4541 1279 reſolution,
4587 1166 4643 1279 ou

2562 1294 2744 1417 avec
2792 1294 3132 1417 reſerve.
3217 1294 3265 1417 Et
3314 1294 3593 1417 l’ayant
3641 1294 4041 1417 recognu,
4102 1294 4259 1417 qu’il
4320 1294 4526 1417 entre
4599 1294 4647 1417 du

2564 1418 2736 1542 pied
2809 1418 2993 1542 droit
3055 1418 3349 1542 environ
3410 1418 3459 1542 la
3509 1418 3742 1542 lettre
3840 1418 3877 1542 E.
3938 1418 4048 1542 par
4134 1418 4294 1542 deça
4367 1418 4416 1542 le
4539 1418 4662 1542 Dia-

2601 1539 2846 1644 metre,
2916 1539 2951 1644 en
3033 1539 3605 1644 s’affermiſſant
3652 1539 3699 1644 le
3769 1539 4014 1644 coude
4084 1539 4131 1644 du
4224 1539 4388 1644 bras
4469 1539 4656 1644 droit

2574 1664 2837 1789 contre
2883 1664 2929 1789 le
2997 1664 3215 1789 coſté,
3272 1664 3444 1789 avec
3501 1664 4039 1789 avancement
4107 1664 4153 1789 du
4256 1664 4519 1789 corps,
4645 1664 4656 1789 &

2572 1789 2916 1917 quelque
2975 1789 3212 1917 petite
3283 1789 3639 1917 deſcente
3711 1789 3770 1917 de
3829 1789 3865 1917 la
3948 1789 4150 1917 main,
4244 1789 4244 1917 &
4304 1789 4672 1917 accomo-

2576 1916 2814 2041 dation
2915 1916 2965 2041 du
3065 1916 3442 2041 poignet,
3517 1916 3642 2041 par
3705 1916 4044 2041 laquelle
4107 1916 4144 2041 il
4232 1916 4533 2041 dreſſera
4608 1916 4646 2041 ſa

2558 2040 2832 2167 pointe
2934 2040 3446 2167 contremont
3549 2040 3822 2167 devers
3890 2040 4163 2167 l’eſpee
4243 2040 4664 2167 contraire,

2555 2166 2751 2287 pour
2809 2166 2855 2287 en
2936 2166 3409 2287 deſtourner
3455 2166 3490 2287 la
3548 2166 3871 2287 poine
3929 2166 3975 2287 au
4056 2166 4310 2287 temps
4390 2166 4656 2287 conve-

2556 2287 2833 2412 nable,
2880 2287 3018 2412 ſoit
3076 2287 3215 2412 que
3261 2287 3365 2412 les
3399 2287 3642 2412 lames
3711 2287 4497 2412 s’entretouchent,
4589 2287 4647 2412 ou

2558 2411 2750 2541 non:
2834 2411 2882 2541 ſe
2966 2411 3291 2541 gardant
3375 2411 3820 2541 cependant
3904 2411 4301 2541 d’avancer
4361 2411 4409 2541 le
4493 2411 4661 2541 pied

2578 2539 2889 2666 gauche,
2973 2539 3128 2666 mais
3200 2539 3356 2666 qu’il
3391 2539 3451 2666 le
3511 2539 3774 2666 tienne
3834 2539 3882 2666 en
3953 2539 4085 2666 l’air
4181 2539 4504 2666 derriere
4587 2539 4647 2666 ou

2551 2664 2551 2781 à
2647 2664 2911 2781 coſté,
3043 2664 3043 2781 &
3127 2664 3151 2781 ſi
3211 2664 3595 2781 l’Ennemi
3691 2664 4063 2781 continue
4135 2664 4231 2781 ſon
4315 2664 4663 2781 premier

2577 2782 3133 2910 mouvement,
3168 2782 3204 2910 il
3263 2782 3724 2910 continuera
3783 2782 3949 2910 auſſi
3996 2782 3996 2910 à
4055 2782 4268 2910 l’egal
4339 2782 4658 2910 d’entrer

2571 2914 2633 3038 du
2707 2914 2879 3038 pied
2965 2914 3298 3038 gauche,
3360 2914 3692 3038 pluſtoſt
3754 2914 4197 3038 lentement
4283 2914 4677 3038 qu’autre-

2584 3034 2816 3155 ment,
2862 3034 2978 3155 afin
3071 3034 3129 3155 de
3199 3034 3489 3155 retenir
3559 3034 3605 3155 le
3675 3034 4104 3155 ſentiment
4151 3034 4394 3155 juſte,
4464 3034 4661 3155 pour

2548 3162 2943 3285 travailler
3011 3162 3192 3285 avec
3282 3162 3441 3285 plus
3531 3162 4051 3285 d’aſſeurance
4119 3162 4232 3285 ſur
4288 3162 4390 3285 les
4469 3162 4672 3285 cava-

2554 3284 2789 3412 tions,
2864 3284 3050 3412 qu’on
3125 3284 3249 3412 luy
3298 3284 3659 3412 pourroit
3721 3284 3932 3412 faire;
3969 3284 4391 3412 leſquelles
4428 3284 4466 3412 il
4515 3284 4664 3412 fau-

2577 3408 2661 3526 dra
2721 3408 3139 3526 rencõtrer
3199 3408 3247 3526 en
3319 3408 3797 3526 accueillant
3845 3408 3904 3526 le
3952 3408 4191 3526 foible
4263 3408 4323 3526 de
4383 3408 4658 3526 l’eſpee

2560 3529 2950 3648 contraire
3028 3529 3073 3648 du
3140 3529 3284 3648 fort
3362 3529 3418 3648 de
3474 3529 3507 3648 la
3574 3529 3864 3648 ſienne,
3975 3529 3975 3648 &
4042 3529 4165 3648 luy
4254 3529 4543 3648 donner
4599 3529 4655 3648 le

2562 3645 2747 3773 coup
2817 3645 2863 3773 an
2944 3645 3176 3773 viſage
3234 3645 3419 3773 avec
3465 3645 3940 3773 avancemẽt
4010 3645 4067 3773 du
4172 3645 4426 3773 meſme
4484 3645 4670 3773 pied

2577 3771 2901 3892 gauche;
2951 3771 3113 3892 ainſi
3200 3771 3362 3892 qu’il
3399 3771 3536 3892 ſera
3623 3771 3935 3892 deſcript
3985 3771 4147 3892 plus
4197 3771 4670 3892 particulie-

2559 3895 2857 4017 rement
2926 3895 2971 4017 en
3040 3895 3143 4017 ſon
3200 3895 3384 4017 lieu.
3510 3895 3555 4017 Or
3624 3895 3670 4017 en
3739 3895 3991 4017 faiſant
4059 3895 4254 4017 ceſte
4300 3895 4666 4017 prepara-

2551 4010 2745 4138 tion,
2802 4010 2837 4138 il
2894 4010 3214 4138 advient
3260 4010 3741 4138 aucunefois
3821 4010 3947 4138 que
3993 4010 4096 4138 les
4153 4010 4416 4138 eſpees
4485 4010 4656 4138 s’en-

2560 4134 3143 4264 tretouchent,
3246 4134 3258 4264 &
3326 4134 3806 4264 aucunefois
3875 4134 4138 4264 point,
4218 4134 4264 4264 ou
4367 4134 4550 4264 pour
4607 4134 4652 4264 le

2577 4262 2811 4393 moins
2860 4262 3020 4393 plus
3069 4262 3254 4393 tard,
3327 4262 3635 4393 qu’elles
3684 4262 3758 4393 ne
3832 4262 4312 4393 devroyent.
4411 4262 4657 4393 Quand

2544 4383 2589 4506 la
2679 4383 3070 4506 premiere
3160 4383 3640 4506 occurrence
3708 4383 3763 4506 ſe
3853 4383 4367 4506 preſentera,
4468 4383 4658 4506 vous

2549 4507 2739 4614 avez
2823 4507 2989 4614 deſia
3073 4507 3310 4614 voſtre
3382 4507 3929 4614 inſtruion,
4024 4507 4358 4614 d’entrer
4417 4507 4667 4614 lente-

2586 4636 2768 4761 ment
2829 4636 3011 4761 avec
3072 4636 3120 4761 le
3206 4636 3461 4761 coſté,
3619 4636 3631 4761 &
3692 4636 3740 4761 le
3813 4636 3983 4761 pied
4068 4636 4421 4761 gauche,
4542 4636 4664 4761 mo-

2561 4758 2903 4889 yennant
2964 4758 3466 4889 l’aſſeurance
3551 4758 3612 4889 du
3673 4758 4175 4889 ſentiment:
4297 4758 4541 4889 Quand
4602 4758 4651 4889 la

2544 4881 2891 5005 ſeconde
2974 4881 3034 5005 ſe
3130 4881 3560 5005 preſente;
3703 4881 3703 5005 &
3811 4881 3942 5005 que
4014 4881 4504 5005 l’adverſaire
4576 4881 4647 5005 ne

2543 5005 2836 5137 touche
2894 5005 3012 5137 pas
3070 5005 3304 5137 voſtre
3363 5005 3609 5137 lame,
3691 5005 3843 5137 c’eſt
3913 5005 3984 5137 un
4089 5005 4511 5137 argument
4558 5005 4651 5137 in-

2547 5131 2908 5264 fallible,
2986 5131 3153 5264 qu’il
3205 5131 3295 5264 n’a
3373 5131 3489 5264 pas
3540 5131 3927 5264 intention
4044 5131 4095 5264 de
4160 5131 4650 5264 bleſſer’avec

2543 5259 2579 5368 ſa
2651 5259 2987 5368 courbe;
3035 5259 3191 5368 ains
3239 5259 3683 5368 ſeulement
3755 5259 3875 5368 d’en
3959 5259 4139 5368 faire
4187 5259 4235 5368 le
4295 5259 4654 5368 ſemblãt,

2541 5385 2729 5510 pour
2800 5385 2976 5510 faire
3023 5385 3246 5510 ſortir
3305 5385 3540 5510 voſtre
3610 5385 3822 5510 eſpee
3880 5385 4056 5510 hors
4115 5385 4174 5510 du
4256 5385 4503 5510 centre
4585 5385 4644 5510 de

2545 5506 2581 5636 ſa
2665 5506 3013 5636 defenſe,
3073 5506 3193 5636 afin
3277 5506 3337 5636 de
3409 5506 3458 5636 ſe
3530 5506 3746 5636 ſervir
3818 5506 3866 5636 en
3938 5506 4154 5636 apres
4214 5506 4286 5636 de
4334 5506 4370 5636 la
4455 5506 4647 5636 cava-

2545 5636 2679 5759 tion
2752 5636 2934 5759 avec
3007 5636 3164 5759 plus
3237 5636 3784 5759 d’apparence.
3893 5636 4075 5759 Pour
4148 5636 4160 5759 y
4245 5636 4548 5759 obvier,
4621 5636 4658 5759 il

2539 5752 2699 5877 faut
2779 5752 2905 5877 que
2974 5752 3157 5877 vous
3203 5752 3592 5877 prenniez
3638 5752 3741 5877 ſur
3798 5752 3981 5877 ceſte
4039 5752 4268 5877 feinte
4336 5752 4393 5877 un
4462 5752 4645 5877 nou-

2551 5883 2653 6010 vel
2699 5883 3290 6010 amendement
3381 5883 3438 6010 de
3518 5883 3757 6010 voſtre
3825 5883 4257 6010 avantage;
4337 5883 4383 6010 en
4474 5883 4656 6010 aug-

2574 6011 2906 6131 mentant
2951 6011 3006 6131 le
3072 6011 3615 6131 panchement
3704 6011 3759 6131 du
3836 6011 4047 6131 corps
4113 6011 4158 6131 en
4224 6011 4479 6131 avant,
4545 6011 4645 6131 en-

2541 6133 2828 6260 ſemble
2888 6133 3067 6260 avec
3115 6133 3151 6260 la
3246 6133 3605 6260 deſcente
3688 6133 3748 6260 de
3796 6133 3844 6260 la
3939 6133 4095 6260 main
4214 6133 4226 6260 &
4286 6133 4358 6260 de
4405 6133 4441 6260 la
4513 6133 4656 6260 gar-

2553 6257 2661 6382 de,
2721 6257 2768 6382 en
2864 6257 3187 6382 dreſſant
3247 6257 3283 6382 la
3366 6257 3629 6382 pointe
3689 6257 3737 6382 en
3809 6257 3988 6382 haut
4084 6257 4347 6382 devers
4395 6257 4502 6382 ſon
4574 6257 4658 6382 vi-

2544 6383 2709 6501 ſage
2760 6383 2950 6501 pour
2988 6383 3039 6501 le
3102 6383 3368 6501 bleſſer
3419 6383 3724 6501 ſuivant
3787 6383 3838 6501 le
3914 6383 3977 6501 fil
4053 6383 4117 6501 de
4167 6383 4206 6501 ſa
4256 6383 4497 6501 lame,
4573 6383 4662 6501 s’il

2544 6508 2629 6618 ne
2678 6508 2799 6618 fait
2848 6508 3042 6618 aſſez
3103 6508 3236 6618 toſt
3285 6508 3321 6618 la
3394 6508 3783 6618 cavation.
3916 6508 3965 6618 Et
4025 6508 4110 6618 s’il
4159 6508 4195 6618 la
4256 6508 4426 6618 fait;
4487 6508 4657 6618 con-

2545 6630 2887 6758 ſiderant
2946 6630 3111 6758 qu’il
3170 6630 3241 6758 ne
3289 6630 3336 6758 la
3395 6630 3572 6758 peut
3619 6630 3796 6758 faire
3844 6630 4115 6758 autre,
4210 6630 4328 6758 que
4410 6630 4647 6758 circu-

2541 6756 3009 6861 lairement;
3079 6756 3254 6861 vous
3324 6756 3839 6861 accueillirez
3920 6756 3967 6861 du
4049 6756 4189 6861 fort
4271 6756 4329 6861 de
4411 6756 4645 6861 voſtre

4445 6897 4647 7012 eſpee

339 282 388 411 du
472 282 630 411 bras
690 282 884 411 droit
945 282 1211 411 contre
1247 282 1308 411 le
1368 282 1622 411 coſté,
1683 282 1865 411 avec
1913 282 1961 411 la
2046 282 2264 411 garde
2325 282 2385 411 au

342 411 613 541 devant
662 411 835 541 pres
897 411 958 541 de
1007 411 1044 541 la
1106 411 1476 541 poitrine,
1525 411 1575 541 le
1649 411 1759 541 dos
1821 411 1883 541 un
1957 411 2080 541 peu
2166 411 2166 541 à
2253 411 2425 541 l’en-

323 539 530 667 vers;
588 539 749 667 puis
807 539 853 667 en
922 539 1315 667 revenant
1372 539 1580 667 droit,
1614 539 1649 667 il
1707 539 1960 667 donne
1995 539 2422 667 l’atteinte,

382 665 382 786 &
433 665 497 786 au
598 665 852 786 meſme
903 665 1183 786 inſtant
1233 665 1398 786 poſe
1462 665 1513 786 le
1589 665 1767 786 pied
1817 665 1919 786 ſur
1983 665 2033 786 le
2148 665 2427 786 Diame-

314 794 422 916 tre
471 794 1183 916 perpendiculaire
1231 794 1231 916 à
1279 794 1327 916 la
1376 794 1605 916 lettre
1677 794 1726 916 L.
1774 794 2112 916 trainant
2172 794 2413 916 conſe-

327 918 797 1041 quemment
846 918 894 1041 le
942 918 1123 1041 pied
1184 918 1365 1041 droit
1449 918 1835 1041 derriere,
1908 918 2173 1041 autant
2258 918 2414 1041 qu’il

325 1041 409 1166 eſt
469 1041 733 1166 requis
781 1041 973 1166 pour
1021 1041 1394 1166 remettre
1442 1041 1502 1166 le
1562 1041 1778 1166 corps
1838 1041 1850 1166 à
1910 1041 2006 1166 ſon
2078 1041 2270 1166 aiſe,
2414 1041 2414 1166 &

309 1169 500 1295 pour
560 1169 895 1295 toucher
966 1169 1026 1295 au
1122 1169 1313 1295 coſté
1409 1169 1588 1295 droit
1683 1169 1743 1295 de
1815 1169 2209 1295 l’Ennemi
2293 1169 2424 1295 deſ-

307 1293 547 1418 ſoubs
608 1293 656 1418 le
716 1293 945 1418 bras,
1041 1293 1354 1418 comme
1402 1293 1438 1418 il
1510 1293 1595 1418 eſt
1655 1293 2052 1418 pourtrait
2124 1293 2173 1418 en
2257 1293 2293 1418 la
2353 1293 2425 1418 fi-

333 1449 528 1537 gure.

1030 1565 1338 1747 Cercle
1558 1565 1866 1747 N.8.

326 1773 489 1899 Finale
524 1773 804 1899 execution
874 1773 898 1899 de
944 1773 1224 1899 l’eſtocade
1271 1773 1621 1899 precedente,
1679 1773 1866 1899 aiſtée
1924 1773 1947 1899 de
2005 1773 2180 1899 toutes
2215 1773 2285 1899 les
2320 1773 2425 1899 for-

425 1898 493 2022 ces
550 1898 585 2022 du
642 1898 756 2022 bras
871 1898 871 2022 &
939 1898 962 2022 du
1019 1898 1202 2022 corps,
1271 1898 1385 2022 avec
1442 1898 1511 2022 les
1568 1898 2003 2022 particularitez
2060 1898 2185 2022 qu’il
2231 1898 2231 2022 y
2300 1898 2414 2022 faut

422 2026 697 2131 obſerver.

817 2167 926 2284 Our
999 2167 1386 2284 exploiter
1434 2167 1471 2284 la
1531 2167 1749 2284 finale
1834 2167 2245 2284 execution
2354 2167 2415 2284 de

777 2288 968 2416 ceſte
1016 2288 1387 2416 bleſſure,
1423 2288 1458 2416 il
1494 2288 1793 2416 s’avãce
1841 2288 1889 2416 le
1960 2288 2200 2416 corps,
2235 2288 2415 2416 avec

765 2412 815 2537 le
864 2412 1025 2537 bras
1137 2412 1149 2537 &
1186 2412 1458 2537 l’eſpee
1520 2412 1941 2537 eſtendue,
2003 2412 2312 2537 portant
2362 2412 2411 2537 le

769 2536 944 2669 pied
1025 2536 1308 2669 gauche
1388 2536 1671 2669 juſqu’à
1738 2536 1779 2669 la
1860 2536 2089 2669 lettre
2223 2536 2264 2669 Q.
2344 2536 2385 2669 en

301 2661 587 2785 trainãt
635 2661 897 2785 l’autre
945 2661 1159 2785 apres
1207 2661 1540 2785 juſques
1588 2661 1600 2785 à
1648 2661 1683 2785 la
1743 2661 1969 2785 lettre
2088 2661 2136 2785 H.
2184 2661 2410 2785 pour-

300 2787 607 2909 ſuivant
655 2787 655 2909 à
702 2787 821 2909 luy
880 2787 1116 2909 paſſer
1164 2787 1211 2909 le
1282 2787 1495 2909 corps
1554 2787 1720 2909 tout
1779 2787 2028 2909 outre.
2123 2787 2182 2909 Le
2241 2787 2407 2909 tout

294 2910 352 3034 ſe
410 2910 550 3034 voit
608 2910 1073 3034 clairement
1132 2910 1178 3034 en
1248 2910 1283 3034 la
1353 2910 1632 3034 figure.

473 3033 653 3158 Nous
701 3033 942 3158 avons
1014 3033 1230 3158 diviſé
1290 3033 1483 3158 ceſte
1543 3033 1952 3158 operation
2048 3033 2156 3158 des
2264 3033 2420 3158 Cer-

343 3161 450 3279 les
556 3161 592 3279 N.
651 3161 686 3279 7.
805 3161 805 3279 &
899 3161 935 3279 8.
1006 3161 1053 3279 en
1160 3161 1349 3279 deux
1420 3161 1728 3279 temps,
1822 3161 1870 3279 en
1952 3161 2225 3279 faveur
2296 3161 2402 3279 des

317 3281 665 3404 diciples.
797 3281 905 3404 Car
965 3281 1145 3404 ceux
1205 3281 1325 3404 qui
1361 3281 1625 3404 ſeront
1673 3281 1841 3404 plus
1889 3281 2285 3404 avancez,
2357 3281 2393 3404 la

300 3411 690 3531 pourront
737 3411 1174 3531 accomplir
1245 3411 1292 3531 en
1363 3411 1481 3531 un,
1552 3411 1859 3531 n’ayans
1930 3411 2260 3531 beſoing
2343 3411 2402 3531 de

327 3532 585 3652 mettre
632 3532 691 3652 le
749 3532 913 3652 pied
984 3532 1277 3652 gauche
1347 3532 1394 3652 en
1464 3532 1710 3652 terre,
1781 3532 1968 3652 ſinon
2050 3532 2191 3652 une
2261 3532 2402 3652 fois

297 3655 461 3780 tant
499 3655 992 3780 ſeulement.
1143 3655 1257 3780 Qui
1308 3655 1472 3780 plus
1523 3655 1662 3780 eſt,
1699 3655 1737 3780 il
1801 3655 1813 3780 y
1876 3655 2041 3780 aura
2154 3655 2395 3780 moyen

313 3775 438 3898 d’en
540 3775 937 3898 abbreger
1017 3775 1062 3898 le
1153 3775 1403 3898 temps
1494 3775 1823 3898 encores
1902 3775 2402 3898 d’avantage,

293 3899 467 3998 avec
515 3899 999 3998 l’execution
1067 3899 1463 3998 annexee:
1541 3899 1666 3998 ’eſ
1734 3899 1918 3998 qu’on
1995 3899 2411 3998 aſſujcttiſ-

290 4005 435 4128 ſant
483 4005 761 4128 l’eſpee
833 4005 881 4128 du
1002 4005 1437 4128 Contraire,
1509 4005 1545 4128 en
1618 4005 1666 4128 la
1751 4005 2065 4128 maniere
2137 4005 2403 4128 deſcri-

295 4128 358 4252 te
408 4128 471 4252 au
584 4128 823 4252 Cercle
936 4128 974 4252 N.
1050 4128 1087 4252 6.
1175 4128 1226 4252 on
1326 4128 1527 4252 entre
1628 4128 1678 4252 du
1766 4128 1942 4252 pied
2030 4128 2219 4252 droit
2282 4128 2420 4252 juſ-

305 4256 490 4379 ques
540 4256 540 4379 à
601 4256 639 4379 la
700 4256 923 4379 lettre
1009 4256 1047 4379 E.
1108 4256 1170 4379 un
1244 4256 1368 4379 peu
1442 4256 1553 4379 par
1615 4256 1788 4379 deça
1838 4256 1900 4379 le
1999 4256 2407 4379 Diametre,

301 4380 359 4501 ou
463 4380 765 4501 meſmes
811 4380 974 4501 plus
1032 4380 1298 4501 outre:
1426 4380 1426 4501 &
1496 4380 1658 4501 puis
1739 4380 1785 4501 en
1878 4380 2400 4501 pourſuivant

295 4501 628 4634 tourner
699 4501 747 4634 le
807 4501 1009 4634 coſté
1068 4501 1354 4634 gauche
1425 4501 1473 4634 en
1556 4501 1877 4634 devant,
1949 4501 2401 4634 deſtachant

288 4629 393 4755 les
451 4629 708 4755 eſpees
778 4629 824 4755 en
883 4629 929 4755 la
1023 4629 1279 4755 meſme
1337 4629 1547 4755 façon
1629 4629 1932 4755 comme
1990 4629 2049 4755 au
2154 4629 2399 4755 Cercle

312 4753 348 4878 7.
396 4753 553 4878 ſans
613 4753 1010 4878 toutefois
1058 4753 1383 4878 abaiſſer
1419 4753 1480 4878 le
1528 4753 1708 4878 pied
1768 4753 2057 4878 gauche
2106 4753 2118 4878 à
2178 4753 2407 4878 terre,

287 4877 478 5003 ſinon
574 4877 622 5003 au
741 4877 992 5003 meſme
1076 4877 1375 5003 inſtant
1470 4877 1661 5003 qu’on
1745 4877 1805 5003 le
1877 4877 2163 5003 touche
2283 4877 2414 5003 deſ-

289 5005 518 5129 ſoubs
564 5005 621 5129 le
667 5005 874 5129 bras,
920 5005 1447 5129 pourſuivant
1504 5005 1562 5129 au
1654 5005 1837 5129 reſte
1906 5005 2376 5129 l’execution

305 5131 353 5256 en
425 5131 461 5256 la
557 5131 809 5256 meſme
857 5131 1110 5256 ſorte,
1170 5131 1302 5256 que
1374 5131 1650 5256 deſſus.

502 5254 564 5380 Or
639 5254 863 5380 notez
951 5254 1088 5380 que
1175 5254 1225 5380 on
1325 5254 1812 5380 preſuppoſe
1861 5254 1911 5380 au
2024 5254 2273 5380 Cercle
2360 5254 2410 5380 6.

306 5379 438 5503 que
534 5379 883 5503 ZAcharie
943 5379 1027 5503 ait
1088 5379 1208 5503 tiré
1280 5379 1376 5503 ſon
1472 5379 1833 5503 eſtocade
1906 5379 2086 5503 avec
2158 5379 2399 5503 pleine

294 5502 790 5631 reſolution,
851 5502 960 5631 qui
1020 5502 1105 5631 eſt
1141 5502 1178 5631 la
1263 5502 1468 5631 vraye
1541 5502 1928 5631 occaſion,
2001 5502 2062 5631 de
2110 5502 2400 5631 laquel-

289 5629 345 5740 le
411 5629 600 5740 ceſte
655 5629 1122 5740 rencontre,
1177 5629 1777 5740 continuation,
1888 5629 1888 5740 &
1966 5629 2377 5740 execution

324 5756 424 5881 des
487 5756 764 5881 ſuſdits
853 5756 1142 5881 Cercles
1205 5756 1243 5881 6.
1306 5756 1356 5881 7.
1419 5756 1457 5881 8.
1545 5756 1873 5881 depend.
2049 5756 2188 5881 Mais
2238 5756 2402 5881 poſé

290 5880 338 6007 le
409 5880 553 6007 cas,
612 5880 779 6007 qu’il
827 5880 899 6007 ne
958 5880 1149 6007 tiraſt
1209 5880 1316 6007 pas
1376 5880 1543 6007 avec
1615 5880 1805 6007 ceſte
1853 5880 2271 6007 reſolution
2390 5880 2402 6007 &

297 6003 725 6133 hardieſſe,
776 6003 927 6133 ains
990 6003 1154 6133 qu’il
1192 6003 1494 6133 portaſt
1532 6003 1583 6133 ſa
1633 6003 1898 6133 pointe
1948 6003 2112 6133 plus
2163 6003 2402 6133 lente-

326 6133 473 6259 mẽt,
522 6133 583 6259 ou
668 6133 827 6259 qu’il
876 6133 1328 6259 n’avançaſt
1376 6133 1499 6259 pas
1535 6133 1596 6259 le
1657 6133 1902 6259 corps,
1938 6133 2097 6259 tant
2158 6133 2292 6259 que
2353 6133 2390 6259 la

287 6255 760 6377 proportion
866 6255 1067 6377 d’une
1150 6255 1517 6377 eſtocade
1599 6255 1895 6377 reſolue
1990 6255 2403 6377 demande,

295 6381 683 6508 n’entrant
758 6381 808 6508 du
883 6381 1058 6508 pied
1121 6381 1308 6508 droit
1371 6381 1508 6508 que
1546 6381 1821 6508 juſqu’à
1871 6381 2109 6508 lettre
2184 6381 2221 6508 V.
2259 6381 2384 6508 peu

294 6504 455 6632 plus
517 6504 567 6632 ou
679 6504 940 6632 moins.
1089 6504 1250 6632 Quel
1300 6504 1698 6632 remede?
1797 6504 1896 6632 Car
1959 6504 2021 6632 de
2095 6504 2393 6632 vouloir

295 6626 406 6760 icy
455 6626 788 6760 tourner
837 6626 887 6760 le
948 6626 1145 6760 coſté
1207 6626 1552 6760 ſeneſtre
1626 6626 1934 6760 devant,
2033 6626 2045 6760 &
2094 6626 2402 6760 aſſujet-

296 6751 369 6857 tir
443 6751 479 6857 ſa
540 6751 736 6857 lame
797 6751 810 6857 à
883 6751 920 6857 la
1018 6751 1226 6857 mode
1311 6751 1372 6857 du
1495 6751 1740 6857 Cercle
1837 6751 1874 6857 6.
1948 6751 2094 6857 c’eſt
2180 6751 2388 6857 choſe
