5442 7366
613 354 857 495 eſpee,
895 354 947 495 le
998 354 1241 495 foible
1305 354 1369 495 de
1421 354 1459 495 la
1523 354 1805 495 ſienne,
1920 354 2228 495 Nombre
2292 354 2331 495 3,
2395 354 2446 495 4,
2510 354 2561 495 ou
2638 354 2677 495 5,

605 495 1053 615 cependant
1138 495 1404 615 qu’elle
1501 495 1828 615 montera
1913 495 1974 615 de
2071 495 2361 615 deſſous
2434 495 2676 615 voſtre

615 620 823 745 garde
909 620 946 745 en
1020 620 1253 745 haut:
1351 620 1363 745 &
1425 620 1953 745 continuerez
2002 620 2014 745 à
2063 620 2100 745 la
2173 620 2517 745 graduer,
2615 620 2615 745 &
2664 620 2677 745 à

591 742 642 867 le
692 742 972 867 bleſſer
1010 742 1074 867 au
1150 742 1417 867 viſage,
1467 742 1506 867 en
1582 742 1963 867 avançant
2001 742 2052 867 le
2115 742 2306 867 coſté
2369 742 2687 867 gauche,

655 866 655 998 &
716 866 1017 998 entrant
1065 866 1246 998 avec
1283 866 1343 998 le
1439 866 1693 998 meſme
1753 866 1934 998 pied
2006 866 2296 998 dedans
2356 866 2453 998 ſes
2525 866 2682 998 per-

596 996 1209 1115 pendiculaires.

1303 1532 1614 1706 Cercle
1858 1532 2124 1706 N.9.

620 1790 916 1923 Alexandre
950 1790 1121 1923 eſtant
1167 1790 1337 1923 planté
1383 1790 1417 1923 en
1474 1790 1622 1923 droite
1679 1790 1849 1923 ligne,
1929 1790 2179 1923 Zacharie
2225 1790 2293 1923 luy
2361 1790 2407 1923 va
2464 1790 2589 1923 tirer
2634 1790 2680 1923 un

692 1915 808 2046 coup
871 1915 1156 2046 d’eſtocade
1219 1915 1388 2046 devers
1430 1915 1461 2046 le
1503 1915 1714 2046 ventre,
1756 1915 1788 2046 en
1851 1915 2125 2046 avançant
2167 1915 2199 2046 le
2252 1915 2399 2046 corps
2441 1915 2557 2046 avec
2610 1915 2684 2046 in-

698 2047 885 2167 tention
950 2047 983 2167 de
1027 2047 1202 2167 porter
1235 2047 1268 2167 le
1312 2047 1433 2167 pied
1476 2047 1597 2167 droit
1641 2047 1849 2167 juſques
1893 2047 1904 2167 à
1959 2047 1991 2167 la
2035 2047 2189 2167 lettre
2276 2047 2320 2167 R.
2408 2047 2507 2167 mais
2550 2047 2671 2167 com-

721 2173 754 2289 me
842 2173 1138 2289 Alexandre
1182 2173 1215 2289 le
1258 2173 1522 2289 previent,
1566 2173 1598 2289 en
1664 2173 1993 2289 deſtournant
2048 2173 2070 2289 le
2114 2173 2234 2289 coſté
2311 2173 2421 2289 droit
2487 2173 2607 2289 avec
2640 2173 2673 2289 le

712 2290 870 2416 meſme
915 2290 1028 2416 bras
1062 2290 1265 2416 eſtendu
1366 2290 1366 2416 &
1423 2290 1637 2416 avancé,
1750 2290 1750 2416 &
1829 2290 1897 2416 luy
1976 2290 2111 2416 donne
2168 2290 2438 2416 l’atteinte
2495 2290 2529 2416 en
2608 2290 2687 2416 l’e-

691 2414 870 2543 ſpaule
926 2414 1072 2543 droite
1128 2414 1139 2543 à
1184 2414 1251 2543 luy
1318 2414 1509 2543 meſme,
1554 2414 1587 2543 il
1632 2414 1677 2543 eſt
1744 2414 1912 2543 retenu
1980 2414 2013 2543 en
2069 2414 2260 2543 arriere
2361 2414 2361 2543 &
2417 2414 2686 2543 contraint

712 2543 734 2664 de
790 2543 1092 2664 raccourcir
1125 2543 1159 2664 le
1204 2543 1293 2664 pas
1338 2543 1349 2664 à
1394 2543 1550 2664 lettre
1629 2543 1629 2664 V
1684 2543 1763 2664 ſur
1796 2543 1830 2664 le
1908 2543 2255 2664 Diametre.

1064 2724 1210 2849 Pres
1271 2724 1478 2849 avoir
1527 2724 1868 2849 propoſé
1916 2724 2014 2849 les
2075 2724 2513 2849 eſtocades,
2562 2724 2672 2849 qui

1033 2845 1542 2972 pourroyent
1601 2845 1778 2972 eſtre
1838 2845 2063 2972 tirées
2110 2845 2228 2972 par
2323 2845 2666 2972 Zacharie

1048 2970 1097 3093 en
1208 2970 1478 3093 dehors
1600 2970 1600 3093 &
1686 2970 1735 3093 en
1858 2970 2140 3093 dedans
2263 2970 2312 3093 de
2398 2970 2668 3093 l’eſpee

1041 3095 1199 3220 vers
1260 3095 1309 3220 le
1406 3095 1649 3220 viſage
1734 3095 2342 3220 d’ALExandre,
2427 3095 2463 3220 il
2524 3095 2658 3220 ſera

576 3217 703 3348 bon
791 3217 879 3348 d’y
930 3217 1334 3348 adjouſter
1385 3217 1877 3348 pareillemẽt
1966 3217 2181 3348 celles
2244 3217 2408 3348 qu’il
2459 3217 2686 3348 pour-

566 3340 702 3453 roit
758 3340 927 3453 tirer
984 3340 1142 3453 vers
1187 3340 1243 3453 le
1300 3340 1559 3453 ventre
1615 3340 1672 3453 au
1762 3340 2134 3453 deſſoubs
2225 3340 2326 3453 des
2394 3340 2676 3453 armes,

555 3465 677 3590 afin
761 3465 895 3590 que
943 3465 1065 3590 par
1125 3465 1234 3590 ces
1295 3465 1647 3590 preuves
1719 3465 1780 3590 on
1877 3465 2107 3590 puiſſe
2204 3465 2665 3590 dignement

548 3585 770 3715 juger
851 3585 921 3715 de
991 3585 1504 3715 l’excellence
1597 3585 1655 3715 de
1725 3585 1760 3715 la
1865 3585 2098 3715 droite
2168 3585 2412 3715 ligne,
2470 3585 2517 3715 en
2587 3585 2680 3715 la-

576 3703 816 3826 quelle
854 3703 892 3826 il
942 3703 1106 3826 s’eſt
1195 3703 1561 3826 derechef
1624 3703 1902 3826 arreſté
1978 3703 2028 3826 en
2142 3703 2192 3826 ce
2306 3703 2546 3826 Cercle
2634 3703 2672 3826 9.

551 3828 652 3955 ſur
715 3828 816 3955 les
879 3828 1132 3955 lignes
1207 3828 1637 3955 ordinaires
1738 3828 1788 3955 du
1889 3828 2369 3955 quadrangle
2495 3828 2672 3955 A.

598 3950 1033 4075 ZACHARIE
1115 3950 1256 4075 l’eſt
1350 3950 1914 4075 pareillement
2020 3950 2196 4075 venu
2325 3950 2666 4075 aborder

555 4067 734 4194 avec
782 4067 830 4194 la
913 4067 1176 4194 meſme
1247 4067 1486 4194 droite
1534 4067 1773 4194 ligne,
1856 4067 1904 4194 en
1999 4067 2405 4194 aſſeoyant
2477 4067 2513 4194 ſa
2584 4067 2680 4194 la-

587 4190 659 4321 me
718 4190 1086 4321 parallele
1133 4190 1192 4321 au
1287 4190 1584 4321 deſſous
1643 4190 1714 4321 de
1762 4190 2070 4321 l’autre,
2141 4190 2438 4321 ſuivant
2509 4190 2675 4321 l’or-

574 4321 855 4442 dinaire
928 4321 989 4442 de
1038 4321 1294 4442 noſtre
1343 4321 1587 4442 ſtyle:
1661 4321 1722 4442 ou
1795 4321 1941 4442 bien
2027 4321 2064 4442 il
2125 4321 2210 4442 eſt
2296 4321 2454 4442 venu
2540 4321 2540 4442 à
2613 4321 2650 4442 la

568 4446 953 4570 premiere
1012 4446 1374 4570 Inſtance
1421 4446 1596 4570 avec
1655 4446 1702 4570 le
1772 4446 1982 4570 corps
2064 4446 2403 4570 courbé,
2461 4446 2648 4570 ſelon

550 4570 598 4691 la
669 4570 1075 4691 couſtume
1134 4570 1552 4691 ancienne;
1635 4570 1647 4691 &
1718 4570 1718 4691 y
1790 4570 2028 4691 eſtant
2076 4570 2338 4691 arrivé,
2386 4570 2422 4691 il
2470 4570 2481 4691 à
2541 4570 2672 4691 tiré

570 4695 681 4820 par
742 4695 1012 4820 dehors
1074 4695 1209 4820 une
1258 4695 1504 4820 feinte
1577 4695 1639 4820 de
1688 4695 1725 4820 la
1786 4695 2130 4820 ſeconde
2204 4695 2474 4820 eſpece
2535 4695 2670 4820 juſ-

582 4824 758 4943 qu’au
840 4824 1168 4943 poignet
1227 4824 1297 4943 de
1344 4824 1379 4943 la
1473 4824 1614 4943 main
1696 4824 2106 4943 contraire,
2188 4824 2235 4943 en
2294 4824 2564 4943 levant
2611 4824 2658 4943 le

570 4948 733 5067 pied
814 4948 1047 5067 droit,
1174 4948 1174 5067 &
1256 4948 1825 5067 commençant
1895 4948 1895 5067 à
1976 4948 2429 5067 s’avancer:
2499 4948 2661 5067 puis

574 5069 1050 5166 continuant
1095 5069 1140 5166 le
1231 5069 1492 5166 meſme
1548 5069 2138 5166 avancement,
2206 5069 2240 5166 il
2285 5069 2296 5166 à
2353 5069 2659 5166 rabaiſſé

558 5194 605 5315 ſa
664 5194 933 5315 pointe
992 5194 1637 5315 circulairement
1707 5194 1883 5315 avec
1954 5194 2001 5315 le
2071 5194 2235 5315 bras
2294 5194 2657 5315 roide,&

562 5316 745 5444 avec
806 5316 1087 5444 grande
1148 5316 1477 5444 viſteſſe;
1526 5316 1916 5444 avançant
1977 5316 2233 5444 quand
2343 5316 2355 5444 &
2416 5316 2672 5444 quand

558 5438 616 5562 le
674 5438 894 5562 corps
964 5438 1451 5562 d’avantage,
1533 5438 1579 5562 en
1660 5438 2055 5562 intention
2159 5438 2218 5562 de
2287 5438 2554 5562 porter
2612 5438 2659 5562 le

572 5565 739 5689 pied
791 5565 1113 5689 juſques
1152 5565 1165 5689 à
1216 5565 1255 5689 la
1307 5565 1539 5689 lettre
1642 5565 1693 5689 R.
1758 5565 1861 5689 ſur
1925 5565 1977 5689 le
2080 5565 2493 5689 Diametre,
2647 5565 2660 5689 &

588 5689 936 5807 d’aſſener
984 5689 1044 5807 au
1140 5689 1393 5807 meſme
1453 5689 1705 5807 temps
1753 5689 1801 5807 le
1873 5689 2054 5807 coup
2138 5689 2198 5807 de
2282 5689 2318 5807 ſa
2390 5689 2666 5807 pointe

573 5813 621 5938 en
692 5813 728 5938 la
788 5813 1026 5938 partie
1074 5813 1515 5938 inferieure
1586 5813 1634 5938 du
1718 5813 1932 5938 corps
2016 5813 2075 5938 de
2123 5813 2230 5938 ſon
2326 5813 2659 5938 Ennemi.

598 5937 773 6040 Voilà
848 5937 948 6040 les
1011 5937 1361 6040 aions,
1473 5937 1485 6040 &
1548 5937 1973 6040 l’intention
2085 5937 2135 6040 de
2210 5937 2660 6040 l’aſſaillant.

583 6054 888 6188 S’enſuit
965 6054 1473 6188 l’inſtruion
1563 6054 1753 6188 pour
1804 6054 1855 6188 le
1970 6054 2428 6188 defendant.
2606 6054 2657 6188 A-

591 6184 1044 6308 LEXANDRE
1114 6184 1126 6308 à
1195 6184 1312 6308 fait
1370 6184 1998 6308 premierement
2044 6184 2091 6308 ſa
2149 6184 2637 6308 preparation

582 6305 847 6426 contre
891 6305 924 6426 la
991 6305 1278 6426 feinte;
1333 6305 1698 6426 s’avivant
1742 6305 1797 6426 le
1864 6305 2118 6426 corps,
2151 6305 2328 6426 avec
2394 6305 2648 6426 eſſeva-

582 6435 714 6557 tion
798 6435 846 6557 du
918 6435 1111 6557 talon
1195 6435 1243 6557 du
1315 6435 1496 6557 pied
1556 6435 1772 6557 droit,
1869 6435 1869 6557 &
1929 6435 2362 6557 travaillant
2446 6435 2506 6557 de
2554 6435 2650 6557 l’e-

573 6554 811 6683 ſpee,
899 6554 1087 6683 ſelon
1187 6554 1249 6683 ce
1325 6554 1425 6683 qui
1488 6554 1500 6683 a
1588 6554 1713 6683 eſté
1776 6554 1851 6683 dit
1901 6554 2064 6683 plus
2114 6554 2666 6683 particuliere-

614 6681 789 6808 ment
852 6681 915 6808 cy
990 6681 1253 6808 deſſus.
1379 6681 1529 6808 Puis
1592 6681 2182 6808 recognoiſſant
2257 6681 2307 6808 au
2382 6681 2658 6808 ſecond

605 6806 1112 6934 mouvement
1162 6806 1211 6934 le
1273 6806 1867 6934 changement,
1954 6806 2078 6934 que
2139 6806 2659 6934 l’Adverſaire

2851 372 3347 495 commence,
3404 372 3596 495 pour
3641 372 3698 495 le
3743 372 4014 495 bleſſer
4070 372 4127 495 au
4206 372 4511 495 ventre,
4578 372 4635 495 ou
4714 372 4770 495 au
4849 372 4962 495 co-

2829 491 2928 619 ſté
2990 491 3176 619 droit
3251 491 3288 619 du
3375 491 3623 619 corps;
3722 491 3722 619 &
3797 491 3921 619 que
3983 491 4169 619 pour
4231 491 4293 619 ce
4343 491 4554 619 faire,
4591 491 4628 619 il
4678 491 4964 619 s’abaiſ¬-

2828 619 2878 742 ſe
2928 619 2978 742 le
3040 619 3203 742 bras
3303 619 3315 742 &
3365 619 3665 742 l’eſpee,
3727 619 3877 742 tant
3965 619 4115 742 qu’il
4177 619 4227 742 ſe
4340 619 4764 742 deſcouvre
4827 619 4952 742 luy

2862 744 3119 869 meſme
3156 744 3524 869 l’eſpaule
3586 744 3868 869 droite;
3905 744 3942 869 il
3991 744 4040 869 ſe
4113 744 4531 869 deſtourne
4592 744 4604 869 à
4690 744 4948 869 meſme

2830 870 3090 993 temps
3137 870 3184 993 le
3243 870 3432 993 coſté
3503 870 3691 993 droit
3750 870 3798 993 en
3892 870 4388 993 dehorsavec
4447 870 4553 993 les
4623 870 4942 993 pointes

2859 989 2967 1120 des
3027 989 3219 1120 deux
3279 989 3495 1120 pieds
3567 989 3867 1120 devant,
3999 989 3999 1120 &
4059 989 4071 1120 a
4119 989 4347 1120 vance
4419 989 4455 1120 la
4527 989 4779 1120 partie
4839 989 4947 1120 ſu-

2835 1115 3196 1242 perieure
3266 1115 3312 1242 du
3394 1115 3615 1242 corps
3673 1115 3719 1242 en
3801 1115 3847 1242 la
3917 1115 4325 1242 panchant
4383 1115 4569 1242 avec
4639 1115 4697 1242 le
4779 1115 4941 1242 bras

2844 1239 3196 1367 eſtendu,
3269 1239 3330 1367 de
3390 1239 3584 1367 ſorte
3669 1239 3827 1367 qu’il
3888 1239 4009 1367 luy
4106 1239 4349 1367 donne
4397 1239 4798 1367 l’atteinte
4883 1239 4931 1367 en

2826 1365 3191 1492 l’eſpaule
3254 1365 3518 1492 droite,
3569 1365 3682 1492 qui
3732 1365 3821 1492 eſt
3871 1365 3921 1492 le
3972 1365 4136 1492 plus
4186 1365 4551 1492 prochain
4627 1365 4942 1492 endroit

2851 1487 2910 1618 de
2957 1487 3662 1618 lattouchement,
3685 1487 3744 1618 le
3803 1487 4132 1618 prenant
4237 1487 4249 1618 &
4308 1487 4754 1618 prevenant
4825 1487 4942 1618 par

2844 1613 3021 1740 ceſte
3081 1613 3542 1740 rencontre,
3613 1613 3660 1740 en
3731 1613 3933 1740 ſorte
4015 1613 4169 1740 qu’il
4240 1613 4299 1740 le
4382 1613 4773 1740 contraint
4867 1613 4938 1740 de

2824 1745 3280 1863 raccourcir
3329 1745 3377 1863 le
3437 1745 3581 1863 pas,
3701 1745 3701 1863 &
3761 1745 4086 1863 abaiſſer
4122 1745 4182 1863 le
4254 1745 4434 1863 pied
4507 1745 4807 1863 environ
4891 1745 4939 1863 la

2821 1863 3043 1986 lettre
3154 1863 3203 1986 V.
3265 1863 3326 1986 au
3400 1863 3523 1986 lieu
3609 1863 3671 1986 de
3720 1863 4102 1986 l’avancer
4151 1863 4484 1986 juſques
4533 1863 4546 1986 à
4632 1863 4681 1986 R.
4755 1863 4952 1986 com-

2863 1994 2938 2117 me
2988 1994 3025 2117 il
3075 1994 3287 2117 avoit
3350 1994 3724 2117 deſſeing.

2975 2114 3150 2240 Pour
3224 2114 3262 2240 en
3337 2114 3586 2240 parler
3624 2114 3798 2240 plus
3873 2114 4397 2240 clairement;
4460 2114 4485 2240 il
4560 2114 4709 2240 faut
4797 2114 4934 2240 que

2854 2235 2865 2366 A
2936 2235 3348 2366 LExandre
3395 2235 3513 2366 luy
3595 2235 3830 2366 donne
3877 2235 4325 2366 l’atteinte,
4383 2235 4442 2366 au
4536 2235 4795 2366 meſme
4842 2235 4948 2366 in-

2818 2360 3069 2488 ſtant,
3182 2360 3307 2488 que
3420 2360 3771 2488 Zacharie
3859 2360 4336 2488 commence
4411 2360 4411 2488 à
4499 2360 4812 2488 abaiſſer
4888 2360 4938 2488 ſa

2816 2492 3118 2614 pointe,
3188 2492 3455 2614 durant
3525 2492 3653 2614 que
3699 2492 3804 2614 ſon
3885 2492 4106 2614 corps
4176 2492 4257 2614 eſt
4327 2492 4548 2614 encor
4618 2492 4932 2614 capable

2840 2611 3076 2734 d’eſtre
3135 2611 3230 2734 ret
3277 2611 3395 2734 enu
3477 2611 3525 2734 en
3607 2611 3914 2734 arriere,
4020 2611 4020 2734 &
4079 2611 4304 2734 avant
4374 2611 4540 2734 qu’il
4587 2611 4669 2734 ait
4728 2611 4929 2734 prins

2816 2743 2958 2864 une
3017 2743 3301 2864 grande
3360 2743 3656 2864 courſe.
3727 2743 3833 2864 Car
3904 2743 4378 2864 moyennant
4449 2743 4934 2864 qu’ALExan-

2838 2861 2933 2986 dre
3004 2861 3228 2986 ſache
3311 2861 3452 2986 bien
3547 2861 3889 2986 prendre
4019 2861 4019 2986 &
4102 2861 4433 2986 adjuſter
4515 2861 4574 2986 ce
4634 2861 4929 2986 tempps,

2815 2985 2851 3108 il
2888 2985 2949 3108 le
2998 2985 3316 3108 bleſſera
3377 2985 3536 3108 ſans
3597 2985 3902 3108 bouger
3976 2985 4037 3108 de
4086 2985 4135 3108 ſa
4183 2985 4452 3108 place,
4513 2985 4599 3108 ne
4660 2985 4929 3108 faiſant

2815 3109 3025 3235 autre
3095 3109 3352 3235 choſe,
3398 3109 3527 3235 que
3585 3109 3924 3235 tourner
3982 3109 4040 3235 un
4122 3109 4239 3235 peu
4309 3109 4355 3235 le
4425 3109 4647 3235 corps
4717 3109 4834 3235 par
4881 3109 4939 3235 le

2845 3235 3087 3358 moyen
3179 3235 3282 3358 des
3351 3235 3605 3358 pieds,
3651 3235 3824 3358 ainſi
3881 3235 4020 3358 que
4066 3235 4261 3358 nous
4319 3235 4618 3358 venons
4688 3235 4757 3358 de
4826 3235 4929 3358 de-

2815 3354 3072 3487 ſcrire.
3207 3354 3268 3487 ce
3354 3354 3513 3487 qu’il
3586 3354 3856 3487 pourra
3917 3354 4088 3487 faire
4137 3354 4688 3487 aſſeurement
4750 3354 4933 3487 pour

2812 3486 3083 3608 autant
3153 3486 3282 3608 que
3353 3486 3400 3608 la
3482 3486 3753 3608 pointe
3835 3486 4223 3608 contraire
4293 3486 4458 3608 s’eſt
4540 3486 4928 3608 eſloignee

2835 3603 3024 3727 d’elle
3107 3603 3356 3727 meſme
3427 3603 3487 3727 du
3570 3603 3724 3727 plus
3783 3603 4151 3727 prochain
4222 3603 4447 3727 point
4518 3603 4578 3727 de
4625 3603 4945 3727 l’attou-

2822 3723 3228 3850 chement;
3321 3723 3332 3850 &
3402 3723 3657 3850 qu’elle
3715 3723 3808 3850 eſt
3854 3723 4191 3850 retenue
4260 3723 4481 3850 encor
4550 3723 4771 3850 outre
4829 3723 4933 3850 ce-

2811 3849 2848 3972 la
2920 3849 2969 3972 en
3042 3849 3321 3972 arriere
3381 3849 3491 3972 par
3539 3849 3952 3972 l’obſtacle
4025 3849 4085 3972 de
4158 3849 4656 3972 l’eſtocade,
4753 3849 4947 3972 arre-

2807 3970 2991 4073 ſtat
3032 3970 3073 4073 la
3155 3970 3545 4073 perſonne
3626 3970 3934 4073 environ
4006 3970 4057 4073 le
4139 3970 4354 4073 milieu
4467 3970 4518 4073 du
4620 3970 4907 4073 chemin

2819 4079 3078 4200 qu’elle
3139 4079 3337 4200 avoit
3386 4079 3608 4200 penſé
3682 4079 3732 4200 de
3781 4079 4003 4200 faire.

2999 4207 3135 4344 Mais
3198 4207 3484 4344 poſons
3521 4207 3571 4344 le
3645 4207 3769 4344 cas,
3819 4207 3956 4344 que
4018 4207 4130 4344 par
4180 4207 4229 4344 ſa
4292 4207 4627 4344 viſteſſe,
4677 4207 4727 4344 ou
4801 4207 4926 4344 par

2800 4327 3434 4442 l’inadvertence
3504 4327 4068 4442 d’ALExandre,
4103 4327 4138 4442 il
4185 4327 4314 4442 ſoit
4385 4327 4549 4442 venu
4620 4327 4655 4442 ſi
4702 4327 4925 4442 avant

2815 4456 2989 4579 qu’il
3039 4456 3139 4579 n’y
3201 4456 3288 4579 ait
3338 4456 3500 4579 plus
3574 4456 3636 4579 de
3724 4456 3972 4579 moyen
4060 4456 4122 4579 de
4196 4456 4632 4579 l’arreſter,
4694 4456 4756 4579 ou
4868 4456 4931 4579 de

2801 4579 2925 4718 luy
2987 4579 3296 4718 rompre
3345 4579 3395 4718 le
3457 4579 3605 4718 pas.
3704 4579 3753 4718 En
3827 4579 4013 4718 ceſte
4087 4579 4421 4718 occaſion
4483 4579 4520 4718 il
4569 4579 4742 4718 n’eſt
4804 4579 4915 4718 pas

2798 4702 3098 4818 loiſible
3146 4702 3158 4818 à
3254 4702 3686 4818 ALExandre
3770 4702 3818 4818 de
3878 4702 4298 4818 l’attendre
4358 4702 4538 4818 avec
4610 4702 4682 4818 un
4766 4702 4922 4818 ſim-

2796 4829 2913 4952 ple
2972 4829 3499 4952 tournement
3569 4829 3616 4952 du
3698 4829 3968 4952 corps;
4038 4829 4190 4952 ains
4249 4829 4284 4952 il
4343 4829 4436 4952 eſt
4518 4829 4917 4952 contraint

2822 4950 2883 5084 de
2932 4950 2992 5084 ſe
3041 4950 3259 5084 ſervir
3332 4950 3574 5084 quand
3683 4950 3695 5084 &
3756 4950 4011 5084 quand
4083 4950 4290 5084 d’une
4338 4950 4581 5084 petite
4665 4950 4932 5084 retira-

2823 5076 2932 5213 de;
3017 5076 3078 5213 de
3126 5076 3308 5213 peur
3380 5076 3514 5213 que
3550 5076 3598 5213 la
3659 5076 3938 5213 pointe
3998 5076 4422 5213 contraire,
4471 5076 4640 5213 (qui
4701 5076 4786 5213 eſt
4846 5076 4895 5213 en

2798 5204 3224 5332 preſence,
3312 5204 3324 5332 &
3374 5204 3600 5332 libre,
3700 5204 3712 5332 &
3775 5204 3825 5332 en
3900 5204 4051 5332 ae
4126 5204 4677 5332 d’approcher,
4739 5204 4802 5332 ni
4840 5204 4927 5332 ne

2796 5327 2979 5447 peut
3053 5327 3224 5447 eſtre
3297 5327 3640 5447 arreſtée
3713 5327 3823 5447 par
3884 5327 4325 5447 l’eſtocade
4410 5327 4471 5447 de
4532 5327 4581 5447 la
4679 5327 4912 5447 droite

2800 5448 3153 5591 ligne)ne
3190 5448 3251 5591 le
3300 5448 3520 5591 bleſſe
3581 5448 3630 5591 au
3739 5448 3996 5591 meſme
4045 5448 4362 5591 inſtant,
4411 5448 4460 5591 ou
4545 5448 4691 5591 bien
4765 5448 4887 5591 peu

2797 5577 3046 5716 apres.
3082 5577 3117 5716 Il
3165 5577 3319 5716 faut
3390 5577 3568 5716 donc
3627 5577 3675 5716 en
3758 5577 3817 5716 ce
3888 5577 3983 5716 cas
4054 5577 4209 5716 qu’il
4256 5577 4493 5716 retire
4541 5577 4636 5716 les
4695 5577 4909 5716 pieds

2795 5707 2862 5819 un
2929 5707 3053 5819 peu
3143 5707 3188 5819 en
3255 5707 3559 5819 arriere,
3592 5707 3761 5819 plus
3817 5707 3873 5819 ou
3985 5707 4210 5819 moins
4255 5707 4266 5819 à
4311 5707 4772 5819 l’advenant
4850 5707 4907 5819 de

2797 5824 3501 5973 l’approchement
3589 5824 3652 5973 de
3727 5824 4305 5973 l’Adverſaire,
4393 5824 4506 5973 afin
4619 5824 4782 5973 qu’il
4820 5824 4908 5973 ny

2802 5951 2887 6093 ait
2935 5951 3153 6093 point
3226 5951 3287 6093 de
3347 5951 3565 6093 corps
3614 5951 3674 6093 au
3747 5951 3868 6093 lieu
3953 5951 4122 6093 qu’il
4159 5951 4498 6093 pretend
4570 5951 4643 6093 de
4716 5951 4909 6093 frap-

2813 6077 2960 6212 per,
3009 6077 3070 6212 ou
3143 6077 3229 6212 s’il
3290 6077 3461 6212 veut
3510 6077 3975 6212 pourſuivre
4024 6077 4073 6212 ſa
4134 6077 4452 6212 poine
4513 6077 4673 6212 plus
4721 6077 4917 6212 avãt,

2825 6197 2977 6326 qu’il
3024 6197 3152 6326 ſoit
3222 6197 3608 6326 contraint
3655 6197 3655 6326 à
3725 6197 3900 6326 faire
3970 6197 4087 6326 des
4168 6197 4729 6326 mouvements
4799 6197 4916 6326 ex-

2804 6326 3124 6462 tremes,
3242 6326 3242 6462 &
3302 6326 3302 6462 à
3373 6326 3847 6462 tresbucher
3918 6326 3977 6462 du
4060 6326 4309 6462 corps,
4368 6326 4677 6462 dequoy
4724 6326 4760 6462 il
4819 6326 4902 6462 ne

2805 6443 2854 6583 ſe
2916 6443 3089 6583 peut
3150 6443 3520 6583 redreſſer
3569 6443 3569 6583 à
3631 6443 3939 6583 temps,
4001 6443 4038 6583 ſi
4112 6443 4173 6583 on
4259 6443 4518 6583 adviſe
4580 6443 4740 6583 bien
4839 6443 4900 6583 de

2799 6567 3255 6701 l’accueillir
3315 6567 3580 6701 durant
3616 6567 3676 6701 le
3748 6567 4012 6701 meſme
4072 6567 4769 6701 affoibliſſement,
4817 6567 4877 6701 au

2816 6700 2985 6840 quel
3045 6700 3081 6840 il
3141 6700 3298 6840 s’eſt
3370 6700 3671 6840 comme
3744 6700 4226 6840 abandonné
4298 6700 4310 6840 à
4382 6700 4431 6840 la
4515 6700 4744 6840 mercy
4828 6700 4901 6840 de

2806 6816 3356 6969 l’Adverſaire,
3396 6816 3527 6969 luy
3605 6816 3946 6969 quittant
4011 6816 4182 6969 tout
4247 6816 4745 6969 l’advantage
4837 6816 4902 6969 de

4854 6972 4894 7076 la
