5442 7366
2848 287 2909 412 du
2982 287 3141 412 bras
3190 287 3959 412 (quiaccompagne
3996 287 4057 412 le
4130 287 4679 412 panchement
4753 287 4814 412 de
4875 287 4911 412 la

2834 416 3075 539 partie
3123 416 3581 539 ſuperieure
3654 416 3702 539 du
3786 416 4039 539 corps)
4076 416 4112 539 il
4160 416 4449 539 tiendra
4510 416 4546 539 la
4606 416 4787 539 lame
4835 416 4944 539 in-

2833 542 3173 665 ferieure
3236 542 3287 665 en
3350 542 3828 665 ſubjeion,
3878 542 4294 665 l’abaiſſant
4344 542 4508 665 plus
4570 542 4784 665 loing
4860 542 4923 665 de

2832 665 2948 794 ſoy
3065 665 3078 794 &
3129 665 3478 794 pluſtoſt,
3530 665 3685 794 qu’il
3724 665 3801 794 ne
3866 665 3982 794 s’en
4047 665 4448 794 approche
4512 665 4629 794 par
4667 665 4706 794 la
4771 665 4939 794 con-

2834 792 3205 913 tinuation
3307 792 3374 913 de
3464 792 3554 913 ſon
3656 792 4207 913 panchement
4286 792 4916 913 encommencé.

2844 918 3042 1045 Ioint
3092 918 3253 1045 auſſi
3327 918 3513 1045 qu’en
3599 918 3921 1045 eſlevant
3958 918 4020 1045 le
4070 918 4243 1045 pied
4305 918 4652 1045 gauche,
4702 918 4739 1045 il
4813 918 4924 1045 en-

2825 1043 3012 1169 trera
3083 1043 3188 1169 ſur
3258 1043 3305 1169 ſa
3364 1043 3610 1169 partie
3668 1043 4019 1169 adverſe,
4078 1043 4254 1169 avec
4312 1043 4359 1169 la
4429 1043 4663 1169 partie
4734 1043 4921 1169 infe-

2824 1171 3067 1292 rieure
3137 1171 3195 1292 du
3276 1171 3473 1292 coſté
3542 1171 3831 1292 gauche
3878 1171 4028 1292 tant
4086 1171 4561 1292 ſeulement,
4619 1171 4931 1292 demeu-

2829 1298 2988 1420 rant
3049 1298 3502 1420 cependant
3550 1298 3599 1420 le
3661 1298 3856 1420 coſté
3930 1298 4150 1420 droit,
4199 1298 4370 1420 (qui
4419 1298 4517 1420 eſt
4578 1298 4639 1420 le
4700 1298 4921 1420 blanc

2850 1425 2909 1545 de
2956 1425 3377 1545 l’eſtocade
3436 1425 3869 1545 eontraire)
3928 1425 3963 1545 en
4033 1425 4373 1545 arriere;
4490 1425 4502 1545 &
4572 1425 4912 1545 plantera

2830 1552 2877 1670 le
2936 1552 3101 1670 pied
3172 1552 3220 1670 en
3291 1552 3480 1670 terre
3539 1552 3586 1670 au
3657 1552 3929 1670 poin
3988 1552 4106 1670 Iou
4201 1552 4484 1670 environ
4567 1552 4673 1670 par
4744 1552 4910 1670 deça

2829 1676 2876 1796 le
2970 1676 3380 1796 Diametre,
3439 1676 3837 1796 panchant
3942 1676 3954 1796 &
4013 1676 4400 1796 avançant
4482 1676 4915 1796 davantage

2830 1800 2866 1921 la
2927 1800 3169 1921 partie
3217 1800 3677 1921 ſuperieure
3749 1800 3798 1921 du
3882 1800 4064 1921 coſté
4136 1800 4366 1921 droit,
4439 1800 4922 1921 deſcendant

2830 1926 3230 2046 touſiours
3289 1926 3324 2046 ſa
3395 1926 3606 2046 garde
3688 1926 3865 2046 avec
3935 1926 3982 2046 le
4053 1926 4217 2046 bras
4300 1926 4605 2046 eſtendu
4664 1926 4770 2046 ſur
4817 1926 4923 2046 l’e-

2832 2052 2994 2171 ſpee
3069 2052 3493 2171 contraire,
3542 2052 3580 2171 la
3655 2052 4029 2171 graduant
4079 2052 4365 2171 juſqu’à
4415 2052 4453 2171 la
4527 2052 4802 2171 garde,
4864 2052 4926 2171 de

2827 2174 3019 2297 ſorte
3091 2174 3223 2297 que
3271 2174 3307 2297 la
3367 2174 3691 2297 poine
3763 2174 4064 2297 viendra
4148 2174 4328 2297 quaſi
4400 2174 4400 2297 à
4472 2174 4808 2297 toucher
4880 2174 4916 2297 la

2825 2300 3076 2419 terre:
3124 2300 3649 2419 pourſuivant
3697 2300 3756 2419 au
3828 2300 4019 2419 reſte
4067 2300 4079 2419 à
4138 2300 4401 2419 percer
4449 2300 4807 2419 l’eſpaule
4926 2300 4938 2419 &

2830 2425 2880 2544 le
2942 2425 3042 2544 col
3117 2425 3167 2544 de
3229 2425 3317 2544 ſon
3417 2425 3904 2544 Adverſaire,
3991 2425 4054 2544 de
4128 2425 4328 2544 façon
4441 2425 4590 2544 qu’il
4665 2425 4740 2544 ne
4803 2425 4928 2544 luy

2828 2554 3008 2671 reſte
3068 2554 3236 2671 plus
3284 2554 3596 2671 aucune
3656 2554 3992 2671 defenſe.

2974 2677 3022 2797 Or
3070 2677 3106 2797 il
3155 2677 3516 2797 s’entend
3588 2677 3745 2797 qu’il
3781 2677 4262 2797 accomplira
4311 2677 4347 2797 la
4431 2677 4913 2797 cõtinuation

2848 2797 2907 2916 de
2977 2797 3163 2916 ceſte
3233 2797 3700 2916 execution,
3758 2797 3945 2916 avec
4003 2797 4050 2916 le
4132 2797 4295 2916 pied
4365 2797 4552 2916 droit
4622 2797 4808 2916 pour
4878 2797 4925 2916 ſe

2824 2925 3280 3042 redreſſer,
3395 2925 3395 3042 &
3486 2925 3669 3042 pour
3749 2925 4057 3042 domter
4114 2925 4514 3042 l’ennemy
4594 2925 4925 3042 encores

2853 3046 3342 3168 davantage:
3415 3046 3758 3168 laquelle
3831 3046 4051 3168 choſe
4124 3046 4356 3168 eſtant
4418 3046 4858 3168 tresfacile,
4906 3046 4943 3168 il

2824 3170 3024 3290 nous
3071 3170 3389 3290 ſemble,
3436 3170 3565 3290 que
3635 3170 3788 3290 c’eſt
3823 3170 4023 3290 aſſez
4082 3170 4211 3290 d’en
4282 3170 4494 3290 avoir
4552 3170 4799 3290 donné
4870 3170 4928 3290 ce

2827 3296 3020 3416 petit
3104 3296 3851 3416 advertiſſement,
3935 3296 4080 3416 ſans
4152 3296 4188 3416 la
4273 3296 4779 3416 répreſenter
4863 3296 4911 3416 en

2831 3426 3111 3534 figure.

575 284 613 422 la
675 284 1188 422 ſuperiorité.
1263 284 1313 422 en
1388 284 1588 422 ſorte
1651 284 1851 422 qu’on
1926 284 1976 422 le
2051 284 2226 422 peut
2301 284 2676 422 aiſement

579 412 920 542 toucher
981 412 1030 542 en
1140 412 1372 542 droite
1445 412 1640 542 ligne
1713 412 1762 542 au
1848 412 2018 542 plus
2092 412 2445 542 prochain
2531 412 2653 542 lieu

600 539 1099 669 deſcouvert,
1170 539 1312 669 moy
1372 539 1585 669 ennãt
1669 539 1871 669 qu’on
1942 539 1989 669 ſe
2037 539 2346 669 panche
2405 539 2464 669 un
2536 539 2654 669 peu

582 668 693 794 ſur
755 668 804 794 le
890 668 1199 794 devant.
1359 668 1408 794 Or
1482 668 1667 794 pour
1741 668 1803 794 ce
1877 668 2049 794 faire
2111 668 2209 794 les
2271 668 2678 794 Inſtances

575 794 743 926 ſont
814 794 1328 926 grandement
1376 794 2033 926 advantageuſes
2081 794 2272 926 pour
2367 794 2690 926 ALExan-

594 921 732 1048 dre,
769 921 882 1048 par
944 921 1006 1048 ce
1069 921 1231 1048 qu’il
1281 921 1618 1048 travaille
1668 921 1843 1048 avec
1893 921 1930 1048 la
2005 921 2242 1048 droite
2292 921 2529 1048 ligne,
2567 921 2679 1048 qui

597 1045 680 1177 eſt
716 1045 763 1177 la
811 1045 977 1177 plus
1025 1045 1322 1177 longue
1406 1045 1715 1177 meſure,
1763 1045 1941 1177 avec
2001 1045 2548 1177 panchement
2607 1045 2679 1177 de

571 1176 618 1298 la
675 1176 907 1298 partie
964 1176 1415 1298 ſuperieure
1485 1176 1542 1298 du
1623 1176 1878 1298 corps,
1924 1176 1970 1298 en
2040 1176 2271 1298 ayant
2340 1176 2386 1298 en
2467 1176 2675 1298 outre

585 1298 810 1421 retiré
857 1298 893 1421 la
952 1298 1189 1421 partie
1248 1298 1685 1421 inferieure
1744 1298 1792 1421 où
1886 1298 2407 1421 l’Adverſaire
2478 1298 2679 1421 avoit

612 1421 822 1548 dreſſé
874 1421 914 1548 ſa
966 1421 1333 1548 poine,
1438 1421 1451 1548 &
1516 1421 1647 1548 que
1700 1421 2066 1548 l’ennemi
2132 1421 2289 1548 s’eſt
2355 1421 2682 1548 eſloigné

601 1545 663 1673 de
713 1545 825 1673 luy
912 1545 1173 1673 meſme
1248 1545 1310 1673 de
1360 1545 1397 1673 la
1484 1545 1721 1673 droite
1770 1545 2007 1673 ligne,
2057 1545 2094 1673 en
2169 1545 2343 1673 tirãt
2380 1545 2430 1673 le
2505 1545 2679 1673 coup

585 1672 743 1800 vers
779 1672 839 1800 le
888 1672 1021 1800 bas
1081 1672 1130 1800 en
1203 1672 1420 1800 angle
1469 1672 1663 1800 aigu:
1772 1672 1784 1800 &
1832 1672 2341 1800 finalement,
2425 1672 2486 1800 ce
2571 1672 2679 1800 qui

571 1803 928 1924 importe
976 1803 1441 1924 beaucoup,
1500 1803 1667 1924 qu’il
1715 1803 2048 1924 travaille
2108 1803 2275 1924 avec
2334 1803 2680 1924 ſuperio-

579 1920 767 2045 rité,
874 1920 874 2045 &
941 1920 1101 2045 qu’il
1155 1920 1530 2045 ſurprend
1583 1920 1998 2045 l’Ennemy
2052 1920 2052 2045 à
2119 1920 2453 2045 l’inſtant
2520 1920 2681 2045 qu’il

573 2047 669 2171 n’a
717 2047 885 2171 plus
933 2047 1125 2171 nulle
1185 2047 1485 2171 reſerve
1545 2047 1617 2171 de
1665 2047 1869 2171 force
1929 2047 2121 2171 pour
2157 2047 2205 2171 ſa
2277 2047 2613 2171 defenſe.

684 2174 1147 2295 Toutesfois
1194 2174 1385 2295 pour
1444 2174 1848 2295 pratiquer
1919 2174 2109 2295 ceſte
2181 2174 2656 2295 obſervation

585 2296 872 2421 prenez
918 2296 1078 2421 bien
1159 2296 1411 2421 garde,
1480 2296 1606 2421 que
1663 2296 1847 2421 vous
1904 2296 1973 2421 ne
2030 2296 2271 2421 faciez
2328 2296 2455 2421 pas
2489 2296 2535 2421 la
2592 2296 2695 2421 re-

575 2418 819 2545 tirade
917 2418 978 2545 du
1076 2418 1247 2545 pied
1332 2418 1565 2545 avant
1662 2418 1821 2545 qu’il
1895 2418 2029 2545 ſoit
2127 2418 2445 2545 temps,
2530 2418 2689 2545 ains

597 2543 722 2671 que
796 2543 982 2671 vous
1044 2543 1317 2671 laiſſiez
1417 2543 1615 2671 venir
1690 2543 2211 2671 l’Adverſaire
2273 2543 2559 2671 juſqu’à
2634 2543 2671 2671 la

609 2671 840 2790 moitié
925 2671 973 2790 de
1022 2671 1470 2790 l’Inſtance,
1506 2671 1628 2790 afin
1712 2671 1870 2790 qu’il
1943 2671 2318 2790 continue
2367 2671 2537 2790 plus
2585 2671 2694 2790 fu-

568 2789 1060 2915 rieuſement
1108 2789 1108 2915 à
1168 2789 1637 2915 pourſuivre
1685 2789 1733 2915 ſa
1793 2789 2153 2915 poine,
2214 2789 2262 2915 en
2346 2789 2694 2915 eſperan-

577 2918 676 3038 ce,
787 2918 798 3038 &
842 2918 1030 3038 avec
1086 2918 1528 3038 apparence
1605 2918 1661 3038 de
1716 2918 1749 3038 la
1838 2918 2092 3038 mettre
2147 2918 2147 3038 à
2225 2918 2678 3038 execution;

591 3043 639 3160 ce
710 3043 830 3160 qui
866 3043 985 3160 luy
1045 3043 1176 3160 fera
1236 3043 1415 3160 faire
1486 3043 1594 3160 des
1653 3043 2143 3160 extremitez
2190 3043 2190 3160 à
2250 3043 2369 3160 luy
2429 3043 2692 3160 preju-

592 3162 997 3282 diciables.
1136 3162 1228 3282 Car
1286 3162 1750 3282 autrement
1807 3162 1900 3282 s’il
1970 3162 2271 3282 s’adviſe
2340 3162 2352 3282 à
2433 3162 2688 3282 temps

579 3283 638 3415 du
722 3283 1304 3415 changement,
1387 3283 1518 3415 que
1601 3283 1780 3415 vous
1851 3283 2136 3415 faites,
2196 3283 2232 3415 il
2303 3283 2672 3415 changera

575 3411 1130 3526 pareillement
1188 3411 1696 3526 alencontre,
1754 3411 1881 3526 ſoit
1939 3411 1997 3526 en
2066 3411 2286 3526 uſant
2344 3411 2413 3526 de
2483 3411 2691 3526 cava-

576 3535 757 3658 tion,
802 3535 859 3658 ou
949 3535 994 3658 en
1062 3535 1503 3658 affrontant
1548 3535 1650 3658 les
1706 3535 2000 3658 eſpees,
2057 3535 2113 3658 ou
2192 3535 2237 3658 en
2316 3535 2689 3658 rompant

566 3655 602 3784 la
699 3655 1001 3784 meſure;
1074 3655 1135 3784 de
1183 3655 1449 3784 façon,
1497 3655 1630 3784 que
1679 3655 1727 3784 la
1788 3655 2151 3784 retraite,
2211 3655 2320 3784 qui
2368 3655 2501 3784 ſera
2562 3655 2683 3784 fai-

571 3783 631 3909 te
690 3783 905 3909 avant
965 3783 1012 3909 le
1084 3783 1406 3909 temps,
1465 3783 1584 3909 luy
1656 3783 1918 3909 ſervira
2014 3783 2145 3909 d’un
2228 3783 2681 3909 advertiſſe-

596 3909 776 4026 ment
833 3909 1025 4026 pour
1070 3909 1172 4026 ſon
1251 3909 1736 4026 advantage.

690 4025 740 4130 Il
781 4025 972 4130 reſte
1033 4025 1264 4130 encor
1315 4025 1446 4130 nne
1506 4025 1708 4130 autre
1788 4025 2171 4130 denide
2222 4025 2413 4130 pour
2464 4025 2504 4130 la
2585 4025 2685 4130 de-

585 4132 938 4262 claration
1026 4132 1089 4262 de
1152 4132 1215 4262 ce
1303 4132 1543 4262 Cercle
1631 4132 1669 4262 9.
1731 4132 2084 4262 aſſavoir,
2160 4132 2185 4262 ſi
2273 4132 2487 4262 celuy
2563 4132 2676 4262 qui

588 4260 1003 4383 donneroit
1095 4260 1153 4383 un
1280 4260 1372 4383 tel
1441 4260 1626 4383 coup
1729 4260 2213 4383 d’eſtocade,
2283 4260 2456 4383 avec
2536 4260 2675 4383 une

569 4388 891 4511 poine
941 4388 1163 4511 aigue
1225 4388 1275 4511 en
1336 4388 1374 4511 la
1435 4388 1807 4511 poitrine,
1893 4388 1943 4511 ou
2029 4388 2079 4511 en
2165 4388 2524 4511 l’eſpaule
2611 4388 2673 4511 de

567 4511 614 4633 ſa
673 4511 910 4633 partie
969 4511 1323 4633 adverſe,
1394 4511 1442 4633 en
1525 4511 1927 4633 panchant
2021 4511 2069 4633 du
2163 4511 2376 4633 corps
2459 4511 2553 4633 ſur
2624 4511 2672 4633 le

582 4636 899 4760 devant,
946 4636 1029 4760 ne
1088 4636 1135 4760 ſe
1217 4636 1558 4760 mettroit
1605 4636 1722 4760 pas
1781 4636 1828 4760 en
1922 4636 2193 4760 danger
2240 4636 2674 4760 inevitable

594 4760 653 4884 de
711 4760 1076 4884 recevoir
1111 4760 1159 4884 la
1217 4760 1535 4884 pareille
1606 4760 1664 4884 au
1758 4760 2076 4884 ventre,
2135 4760 2147 4884 à
2229 4760 2441 4884 cauſe
2523 4760 2688 4884 qu’il

571 4889 862 5011 ſemble
959 4889 1225 5011 qu’une
1310 4889 1637 5011 poine
1710 4889 1940 5011 aigue
2024 4889 2097 5011 ne
2170 4889 2533 5011 pourroit
2618 4889 2654 5011 en

571 5011 701 5134 rien
796 5011 843 5134 du
950 5011 1210 5134 monde
1269 5011 1589 5134 arreſter
1637 5011 1684 5134 le
1755 5011 1968 5134 corps
2027 5011 2466 5134 contraire,
2525 5011 2691 5134 qu’il

573 5135 657 5260 ne
717 5135 1150 5260 s’avançaſt
1198 5135 1366 5260 plus
1426 5135 1666 5260 outre,
1702 5135 1859 5260 ſans
1919 5135 2111 5260 nulle
2183 5135 2436 5260 pauſe.
2544 5135 2664 5260 I’en

574 5260 872 5386 remets
919 5260 955 5386 la
1038 5260 1419 5386 reſponce
1467 5260 1479 5386 à
1526 5260 1574 5386 la
1657 5260 2110 5386 deſcription
2217 5260 2276 5386 de
2336 5260 2681 5386 l’execu-

576 5381 708 5512 tion
804 5381 912 5512 qui
984 5381 1356 5512 s’enſuit;
1440 5381 1489 5512 où
1585 5381 1705 5512 elle
1801 5381 1933 5512 ſera
2029 5381 2389 5512 evidente
2486 5381 2678 5512 d’elle

604 5516 898 5600 meſme.

1272 5658 1587 5823 Cercle
1857 5658 2150 5823 N.10.

1071 5876 1154 6005 Vis
1273 5876 2011 6005 qu’ALEXANDRE
2095 5876 2107 6005 a
2214 5876 2452 6005 donné
2535 5876 2678 6005 l’at-

1035 6002 1280 6133 teinte
1380 6002 1558 6133 avec
1636 6002 2182 6133 panchement
2260 6002 2316 6133 du
2427 6002 2683 6133 corps,

1061 6127 1233 6257 dont
1270 6127 1319 6257 la
1368 6127 1613 6257 partie
1662 6127 2164 6257 ſuperieure,
2201 6127 2250 6257 le
2311 6127 2495 6257 bras,
2581 6127 2593 6257 &
2642 6127 2679 6257 la

1066 6252 1296 6359 main,
1400 6252 1882 6359 deſcendent
1997 6252 2169 6359 tout
2273 6252 2330 6359 en
2387 6252 2675 6359 ſemble

573 6378 1580 6503 proportionnellement,
1642 6378 1679 6503 il
1752 6378 2047 6503 s’enſuit
2133 6378 2256 6503 que
2330 6378 2367 6503 ſa
2453 6378 2674 6503 garde

582 6506 889 6634 viendra
960 6506 1303 6634 toucher
1421 6506 1421 6634 &
1492 6506 1940 6634 empeſcher
1988 6506 2023 6634 la
2082 6506 2271 6634 lame
2354 6506 2673 6634 contrai-

584 6632 670 6756 re,
719 6632 951 6756 avant
1012 6632 1147 6756 que
1196 6632 1245 6756 la
1306 6632 1624 6756 poine
1685 6632 1771 6756 ait
1808 6632 1869 6756 le
1906 6632 2101 6756 loiſir
2187 6632 2248 6756 de
2322 6632 2677 6756 parvenir

578 6753 848 6887 juſquà
900 6753 1003 6887 ſon
1106 6753 1377 6887 corps:
1441 6753 1506 6887 de
1557 6753 1751 6887 ſorte
1828 6753 1957 6887 que
2008 6753 2124 6887 par
2189 6753 2227 6887 la
2318 6753 2679 6887 deſcente

3497 3892 3822 4064 Cercle
4082 3892 4342 4064 N.11.

2857 4116 3104 4234 Zacharie
3150 4116 3217 4234 luy
3262 4116 3352 4234 tire
3397 4116 3600 4234 encores
3645 4116 3679 4234 la
3747 4116 3904 4234 meſme
3938 4116 4175 4234 eſtocade
4231 4116 4310 4234 que
4378 4116 4535 4234 deſſus,
4580 4116 4704 4234 pour
4738 4116 4772 4234 le
4817 4116 4930 4234 tou-

2939 4238 3053 4355 cher
3105 4238 3136 4355 au
3198 4238 3270 4355 bas
3322 4238 3363 4355 du
3405 4238 3601 4355 corps,
3664 4238 3767 4355 mais
3819 4238 3922 4355 avec
3984 4238 4015 4355 la
4067 4238 4222 4355 garde
4274 4238 4326 4355 un
4378 4238 4460 4355 peu
4512 4238 4616 4355 plus
4657 4238 4843 4355 haute,
4885 4238 4916 4355 en

2943 4367 3074 4486 ſorte
3121 4367 3240 4486 qu’il
3276 4367 3300 4486 ſe
3347 4367 3538 4486 couvre
3585 4367 3859 4486 l’eſpaule;
3930 4367 4037 4486 dont
4120 4367 4418 4486 Alexandre
4453 4367 4489 4486 ſe
4548 4367 4798 4486 deſtourne

2940 4486 3102 4605 retire
3156 4486 3372 4605 quelque
3415 4486 3491 4605 peu
3545 4486 3577 4605 le
3621 4486 3739 4605 coſté
3815 4486 3934 4605 droit
3977 4486 4009 4605 en
4063 4486 4311 4605 arriere,
4387 4486 4495 4605 avec
4549 4486 4581 4605 la
4646 4486 4819 4605 partie
4851 4486 4927 4605 ſu-

2941 4616 3181 4730 perieure
3246 4616 3279 4730 du
3334 4616 3475 4730 corps
3519 4616 3748 4730 panchée
3792 4616 3824 4730 en
3879 4616 4086 4730 avant,
4206 4616 4206 4730 &
4272 4616 4293 4730 le
4337 4616 4446 4730 bras
4501 4616 4610 4730 avec
4653 4616 4828 4730 l’eſpee
4893 4616 4937 4730 e-

2942 4738 3152 4855 ſtendus
3211 4738 3234 4855 de
3281 4738 3421 4855 façon
3491 4738 3607 4855 qu’il
3642 4738 3666 4855 le
3712 4738 3899 4855 touche
3945 4738 3980 4855 au
4039 4738 4237 4855 viſage.

3305 4873 3316 4993 E
3428 4873 4143 4993 commencement
4233 4873 4300 4993 de
4400 4873 4590 4993 ceſte
4668 4873 4925 4993 opera-

3276 5002 3406 5117 tion
3488 5002 3571 5117 eſt
3642 5002 3701 5117 de
3784 5002 4080 5117 meſme,
4127 5002 4257 5117 que
4304 5002 4340 5117 la
4399 5002 4931 5117 precedente:

3272 5127 3623 5244 aſſavoir,
3669 5127 3798 5244 que
3845 5127 3938 5244 les
4009 5127 4196 5244 deux
4254 5127 4687 5244 contraires
4745 5127 4920 5244 eſtãs

3285 5252 3526 5341 venus
3594 5252 3606 5341 à
3697 5252 3972 5341 meſure
4052 5252 4121 5341 de
4201 5252 4235 5341 la
4350 5252 4727 5341 Premiere
4819 5252 4933 5341 In-

2823 5375 3114 5471 ſtance,
3207 5375 3218 5471 Z
3288 5375 3695 5471 ACHARIE
3742 5375 3753 5471 a
3812 5375 3940 5471 tiré
3986 5375 4091 5471 ſur
4172 5375 4917 5471 ALEXANDREune

2825 5499 3065 5619 feinte
3138 5499 3186 5619 en
3294 5499 3571 5619 dedans
3655 5499 3704 5619 du
3776 5499 4005 5619 bras:
4065 5499 4414 5619 laquelle
4498 5499 4498 5619 à
4582 5499 4932 5619 pareille-

2860 5624 3033 5731 ment
3136 5624 3263 5731 eſté
3332 5624 3883 5731 rencontrée,
3998 5624 4297 5731 comme
4366 5624 4423 5731 au
4549 5624 4791 5731 Cercle
4883 5624 4929 5731 9.

2850 5747 3006 5840 mais
3054 5747 3101 5840 la
3173 5747 3604 5840 difference
3664 5747 3987 5840 conſiſte
4047 5747 4094 5840 en
4166 5747 4585 5840 l’eſtocade
4692 5747 4692 5840 &
4764 5747 4800 5840 en
4872 5747 4920 5840 la

2823 5866 3253 5994 rencontre
3323 5866 3334 5994 a
3393 5866 3800 5994 propriée:
3881 5866 3974 5994 car
4021 5866 4439 5994 l’eſtocade
4486 5866 4498 5994 a
4567 5866 4695 5994 eſté
4742 5866 4916 5994 tirée

2825 5993 2886 6107 au
2971 5993 3057 6107 dit
3142 5993 3387 6107 Cercle
3472 5993 3509 6107 9.
3570 5993 3619 6107 en
3692 5993 4059 6107 abaiſſant
4120 5993 4144 6107 ſi
4218 5993 4425 6107 avant
4499 5993 4548 6107 le
4621 5993 4780 6107 bras
4914 5993 4914 6107 &

2824 6120 3129 6244 l’eſpee,
3180 6120 3333 6244 qu’il
3383 6120 3536 6244 s’eſt
3599 6120 4070 6244 deſcouvert
4108 6120 4235 6244 luy
4311 6120 4566 6244 meſme
4616 6120 4934 6244 l’eſpau-

2821 6244 2906 6372 le,
2980 6244 3151 6372 dont
3200 6244 3236 6372 il
3273 6244 3322 6372 ſe
3395 6244 3615 6372 garde
3676 6244 3725 6372 en
3811 6244 3994 6372 ceſte
4055 6244 4446 6372 operation
4520 6244 4923 6372 preſente.

2854 6371 2966 6495 Car
3023 6371 3068 6495 en
3147 6371 3541 6495 avançant
3586 6371 3631 6495 le
3699 6371 3913 6495 corps
3970 6371 4150 6495 avec
4195 6371 4229 6495 la
4296 6371 4691 6495 cavation,
4725 6371 4916 6495 pour

2823 6494 2997 6612 tirer
3108 6494 3108 6612 &
3195 6494 3517 6612 marcher
3591 6494 3640 6612 du
3727 6494 3900 6612 pied
3987 6494 4173 6612 droit
4234 6494 4507 6612 juſqu’à
4581 6494 4618 6612 la
4692 6494 4915 6612 lettre

2862 6619 2912 6748 R.
2961 6619 2998 6748 il
3072 6619 3294 6748 porte
3344 6619 3393 6748 le
3467 6619 3640 6748 bras
3702 6619 3763 6748 un
3862 6619 3973 6748 peu
4072 6619 4233 6748 plus
4294 6619 4504 6748 haut,
4578 6619 4640 6748 de
4689 6619 4924 6748 ſorte,

2840 6747 3003 6875 qu’il
3065 6747 3115 6875 ſe
3216 6747 3491 6875 couvre
3554 6747 3905 6875 l’eſpaule
4005 6747 4181 6875 avec
4243 6747 4293 6875 ſa
4381 6747 4632 6875 garde.
4795 6747 4933 6875 Par-

4724 6905 4921 6992 quoy
