5442 7366
2823 281 3050 414 tation
3151 281 3201 414 de
3276 281 3339 414 ce
3402 281 3516 414 qui
3578 281 3667 414 eſt
3717 281 4170 414 repreſenté
4233 281 4283 414 au
4396 281 4635 414 Cercle
4686 281 4799 414 10.
4900 281 4950 414 Et

2834 403 2883 537 en
2992 403 3089 537 cas
3174 403 3429 537 qu’elle
3501 403 3550 537 ſe
3635 403 4011 537 retrouve
4108 403 4399 537 deſſous
4472 403 4508 537 la
4593 403 4932 537 branche

2835 532 3317 663 exterieure,
3391 532 3552 663 qu’il
3613 532 3910 663 entrera
4046 532 4046 663 &
4120 532 4256 663 fera
4318 532 4367 663 la
4466 532 4911 663 graduation

2840 663 2888 784 en
2985 663 3371 784 marchant
3443 663 3492 784 du
3564 663 3733 784 pied
3805 663 3986 784 droit
4059 663 4361 784 devant.

3492 1147 3803 1318 Cercle
4048 1147 4382 1318 N.12.

2843 1378 3091 1493 Zacharie
3136 1378 3225 1493 tire
3270 1378 3417 1493 encor
3484 1378 3720 1493 derechef
3765 1378 3877 1493 pour
3922 1378 4147 1493 toucher
4192 1378 4248 1493 ſon
4327 1378 4596 1493 Contraire
4653 1378 4686 1493 au
4743 1378 4832 1493 bas
4889 1378 4922 1493 du

2929 1499 3100 1621 corps,
3146 1499 3259 1621 avec
3305 1499 3339 1621 la
3407 1499 3510 1621 main
3566 1499 3589 1621 ſi
3646 1499 3794 1621 haute
3851 1499 3976 1621 qu’il
4010 1499 4090 1621 s’en
4147 1499 4340 1621 couvre
4397 1499 4556 1621 meſme
4613 1499 4647 1621 la
4681 1499 4829 1621 teſte,
4932 1499 4932 1621 &

2936 1631 2971 1749 la
3019 1631 3184 1749 pointe
3232 1631 3409 1749 baſſe;
3492 1631 3587 1749 dont
3682 1631 4001 1749 Alexandre,
4072 1631 4096 1749 le
4155 1631 4380 1749 laiſſant
4451 1631 4794 1749 approcher,
4842 1631 4948 1749 con-

2956 1752 3045 1871 duit
3089 1752 3123 1871 ſa
3178 1752 3345 1871 pointe
3400 1752 3400 1871 à
3456 1752 3489 1871 la
3534 1752 3856 1871 hauteurde
3900 1752 3933 1871 la
3989 1752 4111 1871 teſte
4155 1752 4533 1871 contraire,
4644 1752 4644 1871 &
4699 1752 4733 1871 la
4799 1752 4932 1871 reco-

2942 1878 3197 1996 gnoiſſant
3245 1878 3366 1996 eſtre
3403 1878 3657 1996 couverte
3694 1878 3718 1996 il
3754 1878 4021 1996 travaille
4057 1878 4142 1996 ſur
4179 1878 4215 1996 ſa
4251 1878 4385 1996 lame
4433 1878 4554 1996 pour
4591 1878 4942 1996 l’aſſujettir,

2938 2001 2973 2116 en
3044 2001 3375 2116 deſtournant
3410 2001 3445 2116 le
3481 2001 3599 2116 coſté
3658 2001 3776 2116 droit
3835 2001 3871 2116 du
3930 2001 4095 2116 corps,
4249 2001 4331 2116 par
4402 2001 4497 2116 meſe
4556 2001 4662 2116 voye
4721 2001 4946 2116 s’abaiſ-

2946 2130 3047 2243 ſant
3098 2130 3377 2243 juſtement
3427 2130 3453 2243 le
3491 2130 3617 2243 bras
3706 2130 3706 2243 &
3770 2130 3947 2243 l’eſpee
3998 2130 4074 2243 ſur
4137 2130 4315 2243 l’eſpee
4391 2130 4771 2243 Contraire,
4822 2130 4847 2243 en
4910 2130 4948 2243 la

2951 2259 3337 2367 deſgreduant.

3307 2413 3320 2531 L
3419 2413 3493 2531 ne
3580 2413 3765 2531 ſuffit
3852 2413 3964 2531 pas
4050 2413 4050 2531 à
4174 2413 4620 2531 ZACHARIE
4719 2413 4769 2531 en
4868 2413 4930 2531 ce

3276 2541 3582 2656 preſent
3688 2541 3959 2656 Cercle,
3994 2541 4206 2656 apres
4253 2541 4464 2656 avoir
4511 2541 4641 2656 fait
4700 2541 4935 2656 encor

3276 2660 3312 2780 la
3396 2660 3648 2780 meſme
3696 2660 3936 2780 feinte
4008 2660 4140 2780 que
4200 2660 4464 2780 deſſus,
4512 2660 4560 2780 en
4644 2660 4932 2780 dedans

3296 2788 3341 2883 du
3420 2788 3578 2883 bras
3646 2788 4098 2883 contraire,
4177 2788 4245 2883 de
4313 2788 4358 2883 ſe
4437 2788 4742 2883 couvrir
4798 2788 4934 2883 l’eſ-

2816 2910 3069 3022 ſpaule
3138 2910 3185 3022 en
3277 2910 3495 3022 tirant
3553 2910 3599 3022 le
3691 2910 3875 3022 coup
3956 2910 4405 3022 d’eſtocade
4486 2910 4635 3022 vers
4705 2910 4762 3022 le
4843 2910 4946 3022 co-

2822 3029 2911 3150 ſté
2999 3029 3189 3150 droit
3265 3029 3329 3150 de
3405 3029 3443 3150 ſa
3531 3029 3835 3150 partie,
3899 3029 3924 3150 ſi
4000 3029 4064 3150 ce
4140 3029 4304 3150 n’eſt
4393 3029 4558 3150 qu’il
4608 3029 4824 3150 porte
4887 3029 4925 3150 la

2835 3154 3056 3274 garde
3130 3154 3191 3274 de
3253 3154 3351 3274 ſon
3437 3154 3646 3274 eſpee
3707 3154 3744 3274 ſi
3818 3154 4113 3274 haute,
4199 3154 4358 3274 qu’il
4432 3154 4555 3274 s’en
4653 3154 4936 3274 couvre

2826 3278 2997 3397 auſſi
3046 3278 3266 3397 toute
3314 3278 3363 3397 la
3424 3278 3632 3397 teſte.
3729 3278 3839 3397 Car
3888 3278 4119 3397 ayant
4180 3278 4339 3397 levé
4400 3278 4461 3397 le
4510 3278 4717 3397 pied,
4754 3278 4937 3397 avec

2821 3403 2889 3519 un
2969 3403 3161 3519 petit
3218 3403 3751 3519 avancement
3819 3403 3864 3519 du
3955 3403 4170 3519 corps
4238 3403 4499 3519 durant
4555 3403 4601 3519 la
4657 3403 4929 3519 feinte:

2823 3527 2859 3642 il
2906 3527 3259 3642 pourſuit
3318 3527 3965 3642 preſentement,
4036 3527 4083 3642 en
4201 3527 4672 3642 continuant
4742 3527 4942 3642 ledit

2825 3649 3309 3776 avancemẽt
3380 3649 3427 3776 du
3510 3649 3722 3776 corps
3829 3649 3840 3776 &
3911 3649 3970 3776 du
4041 3649 4242 3776 pied,
4289 3649 4301 3776 à
4360 3649 4537 3776 tirer
4584 3649 4644 3776 le
4714 3649 4939 3776 coup,

2824 3772 3004 3895 avec
3052 3772 3101 3895 le
3161 3772 3329 3895 bras
3389 3772 3751 3895 eſtendu,
3799 3772 3835 3895 la
3919 3772 4063 3895 main
4148 3772 4413 3895 haute,
4509 3772 4509 3895 &
4569 3772 4605 3895 la
4665 3772 4942 3895 pointe

2820 3894 3072 4011 baſſe,
3120 3894 3491 4011 abaiſſant
3539 3894 4006 4011 finalement
4054 3894 4114 4011 le
4162 3894 4329 4011 pied
4401 3894 4401 4011 à
4473 3894 4677 4011 terre
4736 3894 4832 4011 ſur
4880 3894 4940 4011 le

2863 4014 3241 4121 Diametre
3343 4014 3425 4121 ici
3517 4014 3681 4121 proc
3752 4014 3762 4121 d
3936 4014 4192 4121 enrre,
4263 4014 4601 4121 trainant
4672 4014 4938 4121 l’autre

2846 4129 3164 4246 derriere
3225 4129 3567 4246 juſqu’au
3653 4129 3946 4246 dedans
4032 4129 4081 4246 du
4203 4129 4472 4246 Cercle.

2942 4256 3530 4374 ALEXANDRE
3599 4256 3830 4374 ayant
3876 4256 4003 4374 fait
4072 4256 4107 4374 ſa
4176 4256 4672 4374 preparation
4776 4256 4937 4374 con-

2820 4380 2916 4495 tre
2976 4380 3012 4495 la
3084 4380 3385 4495 feinte,
3446 4380 3494 4495 en
3578 4380 3903 4495 eſlevant
3951 4380 4011 4495 le
4071 4380 4240 4495 pied
4312 4380 4541 4495 droit,
4673 4380 4673 4495 &
4757 4380 4938 4495 dreſ-

2818 4501 2966 4621 ſant
3028 4501 3077 4621 le
3151 4501 3410 4621 corps,
3472 4501 3891 4621 eſtendant
3940 4501 3990 4621 le
4051 4501 4261 4621 bras,
4396 4501 4396 4621 &
4470 4501 4828 4621 hauſſant
4902 4501 4939 4621 la

2820 4623 3128 4752 pointe,
3190 4623 3239 4752 en
3313 4623 3350 4752 la
3436 4623 3756 4752 maniere
3830 4623 3990 4752 qu’il
4040 4623 4126 4752 eſt
4200 4623 4508 4752 ſpecifié
4570 4623 4742 4752 plus
4804 4623 4951 4752 am-

2817 4751 3177 4873 plement
3235 4751 3293 4873 és
3352 4751 3607 4873 autres
3677 4751 4189 4873 operations:
4247 4751 4363 4873 dés
4433 4751 4596 4873 qu’il
4642 4751 4933 4873 remar-

2830 4880 3008 5001 que,
3102 4880 3232 5001 que
3279 4880 3669 5001 l’Ennemi
3740 4880 4213 5001 commence
4284 4880 4284 5001 à
4390 4880 4816 5001 deſcendre
4875 4880 4922 5001 ſa

2815 5000 3000 5134 lame
3058 5000 3231 5134 avec
3288 5000 3358 5134 un
3427 5000 3750 5134 notable
3808 5000 4454 5134 approchement
4547 5000 4593 5134 du
4685 5000 4939 5134 corps,

2820 5126 3015 5245 pour
3064 5126 3369 5245 frapper
3430 5126 3479 5245 en
3552 5126 3589 5245 la
3650 5126 3894 5245 partie
3955 5126 4455 5245 inferieure,
4516 5126 4822 5245 laiſſant
4883 5126 4931 5245 le

2819 5245 2978 5380 bras
3039 5245 3405 5380 eſtendu,
3454 5245 3491 5380 il
3564 5245 3882 5380 conduit
3931 5245 3968 5380 ſa
4029 5245 4298 5380 pointe
4371 5245 4494 5380 d’en
4567 5245 4750 5380 haut
4799 5245 4934 5380 juſ-

2841 5373 3015 5494 ques
3084 5373 3385 5494 environ
3443 5373 3489 5494 la
3559 5373 3906 5494 hauteur
3987 5373 4045 5494 de
4114 5373 4160 5494 la
4241 5373 4426 5494 teſte
4507 5373 4935 5494 contraire:

2857 5500 3007 5621 mais
3076 5500 3364 5621 comme
3422 5500 3457 5621 il
3503 5500 3572 5621 ne
3641 5500 3780 5621 voit
3837 5500 4056 5621 point
4149 5500 4656 5621 d’apparence
4749 5500 4806 5621 de
4875 5500 4922 5621 la

2826 5622 3198 5758 toucher,
3246 5622 3258 5758 à
3318 5622 3523 5758 cauſe
3595 5622 3847 5758 qu’elle
3919 5622 4003 5758 eſt
4087 5622 4460 5758 converte
4556 5622 4628 5758 de
4676 5622 4712 5758 la
4784 5622 4929 5758 gar-

2852 5745 2948 5881 de,
3056 5745 3056 5881 &
3141 5745 3261 5881 que
3309 5745 3345 5881 la
3405 5745 3670 5881 pointe
3743 5745 4104 5881 ennemie
4152 5745 4212 5881 le
4272 5745 4465 5881 vient
4525 5745 4766 5881 ſerrer
4826 5745 4934 5881 par

2841 5867 2889 5988 en
2971 5867 3125 5988 bas,
3160 5867 3196 5988 il
3243 5867 3349 5988 s’en
3455 5867 3869 5988 deſtourne
3916 5867 3987 5988 un
4069 5867 4187 5988 peu
4270 5867 4317 5988 en
4412 5867 4683 5988 dehors
4754 5867 4931 5988 dreſ-

2829 5993 2972 6115 ſant
3020 5993 3127 6115 les
3187 5993 3438 6115 orteils
3509 5993 3569 6115 de
3617 5993 3712 6115 ſes
3784 5993 3975 6115 deux
4022 5993 4237 6115 pieds
4309 5993 4356 6115 en
4464 5993 4667 6115 devãt
4738 5993 4929 6115 droit

2854 6118 3117 6243 devers
3164 6118 3594 6243 l’Ennemi,
3678 6118 3726 6243 en
3797 6118 4119 6243 retirant
4191 6118 4310 6243 par
4382 6118 4549 6243 ainſi
4609 6118 4657 6243 le
4740 6118 4931 6243 coſté

2855 6241 3068 6365 droit,
3127 6241 3507 6365 enſemble
3566 6241 3614 6365 le
3661 6241 3827 6365 bras
3946 6241 3946 6365 &
4017 6241 4290 6365 l’eſpee
4373 6241 4421 6365 en
4504 6241 4776 6365 arriere
4848 6241 4919 6365 un

2836 6364 2960 6497 peu
3022 6364 3034 6497 à
3109 6364 3332 6497 coſté,
3369 6364 3469 6497 les
3543 6364 3915 6497 abaiſſant
3965 6364 4077 6497 par
4151 6364 4201 6497 le
4288 6364 4536 6497 moyen
4635 6364 4685 6497 du
4772 6364 4945 6497 pan-

2854 6491 3214 6617 chement
3286 6491 3346 6617 de
3394 6491 3430 6617 la
3490 6491 3731 6617 partie
3779 6491 4259 6617 ſuperieure,
4295 6491 4392 6617 ſur
4428 6491 4704 6617 l’eſpee
4776 6491 4932 6617 con-

2846 6615 3121 6743 traire,
3196 6615 3233 6743 la
3321 6615 3634 6743 croiſant
3759 6615 3759 6743 &
3847 6615 4372 6743 deſgraduant
4447 6615 4635 6743 pour
4697 6615 4935 6743 l’aſſu-

2840 6744 3050 6870 jettir
3173 6744 3173 6870 &
3272 6744 3555 6870 domter
3629 6744 4258 6870 parfaitement,
4357 6744 4406 6870 en
4492 6744 4813 6870 retirant
4875 6744 4936 6870 le

4775 6869 4937 6977 bras

599 297 804 424 quoy
869 297 907 424 ſi
946 297 1087 424 toſt
1165 297 1846 424 qu’ALEXANDRE
1924 297 2335 424 apperçoit
2399 297 2451 424 le
2515 297 2670 424 pre-

621 419 765 549 mier
825 419 994 549 trait
1066 419 1114 549 du
1198 419 1739 549 changement
1824 419 1884 549 de
1944 419 1992 549 la
2064 419 2305 549 feinte
2377 419 2665 549 (ayant

596 549 1265 669 preallablement
1314 549 1435 669 fait
1484 549 1533 669 ſa
1593 549 2153 669 preparation;
2226 549 2664 669 enſavivant

586 668 635 796 le
698 668 946 796 corps,
996 668 1332 796 eſlevant
1369 668 1419 796 le
1481 668 1643 796 pied
1718 668 1942 796 droit,
2066 668 2078 796 &
2153 668 2563 796 eſtendant
2613 668 2675 796 le

582 791 751 918 bras
799 791 980 918 avec
1028 791 1329 918 l’eſpee,
1377 791 1414 918 la
1462 791 1739 918 pointe
1799 791 2077 918 d’icelle
2137 791 2487 918 en-angle
2559 791 2679 918 ob-

586 922 731 1044 tus,
792 922 1082 1044 comme
1130 922 1167 1044 il
1215 922 1215 1044 a
1288 922 1409 1044 eſté
1481 922 1735 1044 deſcrit
1808 922 1965 1044 plus
2038 922 2522 1044 amplement
2607 922 2643 1044 en

582 1042 1038 1167 l’operation
1124 1042 1678 1167 precedente)
1739 1042 1739 1167 à
1801 1042 2133 1167 l’inſtant
2220 1042 2343 1167 que
2404 1042 2663 1167 l’eſpee

604 1166 664 1289 de
711 1166 758 1289 ſa
817 1166 1042 1289 partie
1113 1166 1575 1289 commence
1634 1166 1634 1289 à
1717 1166 2202 1289 deſcendre,
2309 1166 2498 1289 pour
2546 1166 2664 1289 luy

580 1287 872 1416 aſſener
921 1287 957 1416 la
1018 1287 1285 1416 pointe
1334 1287 1395 1416 au
1467 1287 1589 1416 bas
1662 1287 1710 1416 du
1796 1287 2051 1416 corps;
2112 1287 2148 1416 il
2221 1287 2488 1416 abaiſſe
2561 1287 2683 1416 pa-

591 1416 1024 1535 reillement
1095 1416 1130 1535 la
1212 1416 1528 1535 ſienne,
1599 1416 1646 1535 en
1763 1416 2220 1535 conduiſant
2290 1416 2325 1535 la
2407 1416 2665 1535 pointe

576 1538 758 1639 avec
804 1538 849 1639 le
906 1538 1066 1639 bras
1123 1538 1431 1639 eſtendu
1511 1538 1796 1639 environ
1865 1538 1910 1639 la
1967 1538 2298 1639 hauteur
2366 1538 2423 1639 de
2480 1538 2515 1639 la
2572 1538 2674 1639 te-

589 1659 674 1788 fte
759 1659 808 1788 de
881 1659 978 1788 ſon
1075 1659 1524 1788 contraire,
1585 1659 1767 1788 pour
1828 1659 1889 1788 le
1949 1659 2229 1788 bleſſer
2314 1659 2678 1788 derechef

581 1785 1156 1912 avecladroite
1193 1785 1443 1912 ligne,
1493 1785 1543 1912 en
1606 1785 1993 1912 l’eſpaule.
2093 1785 2230 1912 Mais
2280 1785 2317 1912 la
2380 1785 2667 1912 voyant

600 1910 975 2038 couverte
1036 1910 1096 2038 de
1145 1910 1193 2038 la
1253 1910 1507 2038 garde,
1556 1910 1568 2038 à
1616 1910 1943 2038 l’inſtant
1991 1910 2028 2038 il
2088 1910 2499 2038 deſtourne
2548 1910 2645 2038 ſon

589 2035 788 2159 coſté
847 2035 1035 2159 droit
1081 2035 1152 2159 un
1222 2035 1339 2159 peu
1422 2035 1468 2159 en
1562 2035 1867 2159 dehors,
1938 2035 2114 2159 avec
2184 2035 2289 2159 les
2348 2035 2665 2159 pointes

601 2158 709 2283 des
769 2158 962 2283 deux
1010 2158 1226 2283 pieds
1298 2158 1335 2283 en
1431 2158 1720 2283 devant,
1840 2158 1852 2283 &
1924 2158 2273 2283 quelque
2333 2158 2670 2283 retirade

597 2285 658 2408 du
733 2285 893 2408 pied
967 2285 1178 2408 droit,
1289 2285 1289 2408 &
1363 2285 1425 2408 de
1474 2285 1511 2408 la
1573 2285 1808 2408 partie
1857 2285 2302 2408 inferieure
2364 2285 2413 2408 du
2525 2285 2673 2408 meſ-

611 2408 682 2531 me
753 2408 977 2531 coſté,
1025 2408 1415 2531 panchant
1486 2408 1816 2531 d’autant
1864 2408 2029 2531 plus
2100 2408 2147 2531 en
2218 2408 2443 2531 avant
2514 2408 2573 2531 de
2620 2408 2667 2531 la

590 2533 832 2655 partie
880 2533 1376 2655 ſuperieure.
1485 2533 1546 2655 ce
1606 2533 1715 2655 qui
1763 2533 1884 2655 luy
1933 2533 2054 2655 fait
2126 2533 2550 2655 deſcendre
2598 2533 2659 2655 au

603 2652 855 2777 meſme
916 2652 1192 2777 inſtant
1240 2652 1288 2777 le
1349 2652 1541 2777 bras,
1637 2652 1637 2777 &
1685 2652 1734 2777 la
1806 2652 2022 2777 garde
2070 2652 2179 2777 ſur
2215 2652 2263 2777 la
2311 2652 2504 2777 lame
2564 2652 2684 2777 cõ-

579 2777 859 2899 traire;
964 2777 975 2899 &
1033 2777 1080 2899 en
1173 2777 1640 2899 continuant
1686 2777 1698 2899 à
1756 2777 2118 2899 l’abaiſſer
2188 2777 2677 2899 d’avantage,

571 2899 683 3025 luy
745 2899 993 3025 preſte
1030 2899 1079 3025 la
1141 2899 1637 3025 commodité
1699 2899 1760 3025 de
1810 2899 2083 3025 bleſſer
2132 2899 2231 3025 ſon
2355 2899 2677 3025 Contrai-

570 3024 633 3147 re
696 3024 746 3147 au
834 3024 1111 3147 viſage:
1174 3024 1337 3147 ainſi
1413 3024 1601 3147 qu’on
1689 3024 1828 3147 voit
1903 3024 1953 3147 en
2016 3024 2066 3147 la
2117 3024 2406 3147 figure.

728 3150 800 3271 Ce
859 3150 990 3271 que
1037 3150 1239 3271 nous
1287 3150 1524 3271 avons
1583 3150 1880 3271 deſcrit,
1928 3150 2058 3271 que
2106 3150 2201 3271 les
2248 3150 2545 3271 feintes
2605 3150 2676 3271 de

612 3272 961 3392 ZaAcharie
1031 3272 1194 3392 ſont
1276 3272 1509 3392 tirées
1578 3272 1625 3392 en
1730 3272 1834 3392 ces
1928 3272 2114 3392 deux
2219 3272 2684 3392 operations

596 3394 706 3515 des
791 3394 1083 3515 Cercles
1193 3394 1242 3515 N.
1303 3394 1339 3515 9.
1449 3394 1461 3515 &
1522 3394 1607 3515 11.
1729 3394 1741 3515 &
1815 3394 2375 3515 pareillement
2461 3394 2680 3515 encor

587 3519 634 3637 du
727 3519 821 3637 12.
902 3519 1357 3637 enſuivant,
1439 3519 1766 3637 pluſtoſt
1836 3519 1882 3637 en
1976 3519 2267 3637 dedans
2349 3519 2396 3637 du
2477 3519 2687 3637 bras,

583 3636 778 3763 qu’en
887 3636 1217 3763 dehors;
1314 3636 1461 3763 c’eſt
1534 3636 1717 3763 pour
1790 3636 2058 3763 autant
2168 3636 2460 3763 quelles
2521 3636 2680 3763 ſont

567 3762 729 3889 plus
779 3762 1365 3889 avantageuſes
1465 3762 1478 3889 &
1540 3762 1702 3889 plus
1752 3762 1977 3889 aiſées
2027 3762 2027 3889 à
2089 3762 2264 3889 faire
2314 3762 2364 3889 en
2476 3762 2676 3889 ceſte

559 3895 812 4007 ſorte,
944 3895 955 4007 &
1021 3895 1186 4007 plus
1263 3895 1735 4007 communes
1801 3895 1999 4007 entre
2076 3895 2262 4007 ceux
2350 3895 2460 4007 qui
2526 3895 2691 4007 por-

576 4001 728 4133 tent
775 4001 881 4133 les
927 4001 1197 4133 bottes
1256 4001 1303 4133 en
1373 4001 1408 4133 la
1467 4001 1713 4133 partie
1760 4001 2193 4133 inferieure
2287 4001 2334 4133 du
2440 4001 2686 4133 corps.

604 4133 1060 4254 Toutesfois
1107 4133 1201 4254 s’il
1236 4133 1341 4254 les
1411 4133 1575 4254 veut
1645 4133 1821 4254 tirer
1891 4133 2417 4254 autrement,
2511 4133 2675 4254 puis

590 4249 754 4383 qu’il
805 4249 894 4383 eſt
944 4249 1122 4383 libre
1173 4249 1173 4383 à
1249 4249 1553 4383 chaſcun
1642 4249 1692 4383 de
1743 4249 1920 4383 faire
1984 4249 1996 4383 à
2072 4249 2111 4383 ſa
2161 4249 2554 4383 fantaſie,
2643 4249 2681 4383 il

572 4375 712 4494 n’en
793 4375 1201 4494 reſourdra
1271 4375 1481 4494 autre
1551 4375 2041 4494 difference,
2099 4375 2227 4494 que
2309 4375 2367 4494 de
2437 4375 2472 4494 la
2530 4375 2694 4494 pre-

585 4499 913 4630 paration
997 4499 1579 4630 d’ALExandre,
1640 4499 1749 4630 qui
1798 4499 2125 4630 prendra
2186 4499 2586 4630 touſiours
2634 4499 2683 4630 la

575 4623 1047 4753 ſuperiorité
1108 4623 1229 4753 des
1265 4623 1507 4753 lames
1580 4623 1628 4753 du
1713 4623 1907 4753 coſté
1980 4623 2040 4753 de
2089 4623 2125 4753 la
2185 4623 2500 4753 feinte:
2585 4623 2682 4753 car

576 4749 773 4877 pour
831 4749 1316 4877 rencontrer
1374 4749 1802 4877 l’eſtocade
1883 4749 1918 4877 il
1998 4749 2438 4877 travaillera
2519 4749 2692 4877 tou-

579 4874 825 4998 ſiours
886 4874 948 4998 de
997 4874 1034 4998 la
1132 4874 1378 4998 meſme
1428 4874 1661 4998 ſorte,
1698 4874 1834 4998 ſoit
1907 4874 2166 4998 qu’elle
2227 4874 2498 4998 vienne
2571 4874 2682 4998 par

605 5006 905 5123 dehors,
963 5006 1021 5123 ou
1090 5006 1206 5123 par
1275 5006 1587 5123 dedans.

739 5119 896 5241 Faut
956 5119 1113 5241 auſſi
1173 5119 1535 5241 obſerver
1595 5119 1643 5241 en
1728 5119 1921 5241 ceſte
1981 5119 2427 5241 operation,
2548 5119 2548 5241 &
2608 5119 2656 5241 en

594 5244 815 5352 toute
862 5244 1071 5352 autre
1129 5244 1583 5352 ſemblable,
1641 5244 1711 5352 de
1804 5244 2106 5352 meſurer
2234 5244 2234 5352 &
2339 5244 2676 5352 moderer

584 5368 632 5492 le
692 5368 1160 5492 retirement
1232 5368 1280 5492 du
1364 5368 1580 5492 corps
1688 5368 1688 5492 &
1760 5368 1868 5492 des
1952 5368 2227 5492 pieds,
2323 5368 2335 5492 à
2407 5368 2683 5492 l’adve-

586 5493 765 5618 nant
836 5493 896 5618 de
944 5493 1647 5618 l’approchement
1719 5493 1766 5618 du
1850 5493 2064 5618 corps
2172 5493 2172 5618 &
2243 5493 2303 5618 de
2374 5493 2410 5618 la
2470 5493 2684 5618 poin-

589 5615 649 5720 te
745 5615 1166 5720 Contraire,
1214 5615 1514 5720 ſuivant
1550 5615 2272 5720 l’advertiſſement
2356 5615 2416 5720 du
2548 5615 2692 5720 Cer-

607 5758 702 5860 cle
786 5758 822 5860 9.

784 5865 927 5991 Mais
987 5865 1322 5991 d’autant
1393 5865 1513 5991 que
1573 5865 1608 5991 la
1680 5865 1895 5991 finale
1967 5865 2385 5991 execution
2469 5865 2529 5991 de
2600 5865 2696 5991 ce-

595 5987 689 6116 ſte
760 5987 1150 6116 atteinte,
1245 5987 1588 6116 requiert
1671 5987 1848 6116 quon
1955 5987 1955 6116 y
2026 5987 2380 6116 adjouſte
2463 5987 2688 6116 encor

609 6112 668 6240 un
773 6112 889 6240 pas
971 6112 1088 6240 par
1193 6112 1438 6240 deſſus
1519 6112 1578 6240 ce
1648 6112 1846 6240 qu’on
1927 6112 2067 6240 voit
2126 6112 2172 6240 en
2254 6112 2289 6240 la
2382 6112 2697 6240 demon-

604 6234 905 6366 ſtration
1001 6234 1109 6366 des
1169 6234 1494 6366 figures,
1542 6234 1831 6366 notez,
1915 6234 2048 6366 que
2120 6234 2361 6366 quand
2409 6234 2445 6366 la
2505 6234 2698 6366 lame

631 6359 691 6458 de
810 6359 1144 6458 ZAcharie
1215 6359 1263 6458 ſe
1335 6359 1704 6458 retrouve
1800 6359 2157 6458 deſſoubs
2229 6359 2265 6458 la
2348 6359 2694 6458 branche

621 6483 1071 6612 exterieure
1143 6483 1712 6612 d’ALExandre,
1783 6483 2234 6612 cependant
2293 6483 2459 6612 qu’il
2506 6483 2696 6612 tient

609 6609 659 6736 ſa
734 6609 947 6736 garde
1009 6609 1285 6736 deſſus,
1360 6609 1672 6736 qu’alors
1722 6609 1747 6736 il
1810 6609 2098 6736 entrera
2148 6609 2260 6736 ſur
2323 6609 2448 6736 luy
2523 6609 2698 6736 avec

618 6732 671 6863 le
724 6732 895 6863 pied
960 6732 1276 6863 gauche,
1342 6732 1382 6863 en
1447 6732 1566 6863 luy
1645 6732 2013 6863 graduant
2053 6732 2369 6863 l’eſpee,
2421 6732 2435 6863 à
2487 6732 2698 6863 l’imi-
