5442 7366
1620 5203 1620 5437 N
1757 5203 1834 5437 nn
2009 5203 2243 5437 voilà
2359 5203 2495 5437 les
2593 5203 3215 5437 exemples,
3351 5203 3507 5437 qui
3623 5203 4382 5437 demonſtrent
4479 5203 4537 5437 le
4654 5203 4965 5437 grand

1482 5404 1709 5568 uſage
1780 5404 1837 5568 de
1894 5404 2149 5568 noſtre
2234 5404 2603 5568 Premiere
2674 5404 3085 5568 Inſtance,
3213 5404 3213 5568 &
3298 5404 3354 5568 de
3411 5404 3454 5568 la
3539 5404 3766 5568 droite
3808 5404 4021 5568 ligne
4078 5404 4489 5568 preſentée
4546 5404 4602 5568 en
4659 5404 4929 5568 icelle:

1472 5550 1825 5675 fortifiée
1913 5550 2178 5675 contre
2229 5550 2456 5675 toute
2519 5550 2721 5675 ſorte
2809 5550 2872 5675 de
2948 5550 3276 5675 feintes,
3339 5550 3680 5675 aſſeurée
3743 5550 4008 5675 contre
4071 5550 4336 5675 toutes
4387 5550 4702 5675 bottes,
4765 5550 4929 5675 tant

1481 5692 1823 5843 longues
1933 5692 1946 5843 &
2015 5692 2412 5843 reſolues,
2508 5692 2631 5843 que
2699 5692 3042 5843 tardives
3178 5692 3178 5843 &
3233 5692 3521 5843 lentes,
3589 5692 3904 5843 hautes,
3972 5692 4246 5843 baſſes,
4315 5692 4534 5843 tirées
4602 5692 4643 5843 en
4725 5692 4931 5843 ligne

1503 5829 1736 5985 droite
1826 5829 1878 5985 ou
1981 5829 2304 5985 courbe,
2382 5829 2420 5985 en
2537 5829 2808 5985 dehors
2886 5829 2950 5985 ou
3028 5829 3080 5985 en
3183 5829 3467 5985 dedans
3545 5829 3596 5985 du
3674 5829 3894 5985 bras,
3958 5829 4152 5985 pur
4217 5829 4695 5985 rencontrer
4772 5829 4928 5985 ores

1494 5973 1546 6125 en
1624 5973 1689 6125 un
1792 5973 2052 6125 temps
2155 5973 2155 6125 &
2220 5973 2363 6125 ores
2440 5973 2492 6125 en
2596 5973 2829 6125 deux,
2881 5973 3192 6125 tantoſt
3270 5973 3438 6125 avec
3503 5973 3555 6125 le
3633 5973 3840 6125 corps
3944 5973 4190 6125 dreſſé,
4242 5973 4553 6125 tantoſt
4618 5973 4683 6125 un
4786 5973 4903 6125 peu

596 6114 891 6263 courbe
952 6114 1013 6263 en
1087 6114 1308 6263 avant
1382 6114 1443 6263 ou
1517 6114 1566 6263 en
1639 6114 1946 6263 arriere,
2020 6114 2069 6263 en
2179 6114 2535 6263 donnant
2584 6114 3001 6263 touſiours
3038 6114 3087 6263 le
3161 6114 3345 6263 coup
3406 6114 3578 6263 avec
3652 6114 3762 6263 des
3811 6114 4045 6263 petits
4130 6114 4744 6263 mouvements,
4830 6114 4940 6263 qui

596 6255 720 6403 ont
775 6255 940 6403 plus
1009 6255 1064 6403 de
1133 6255 1394 6403 force,
1463 6255 1587 6403 que
1683 6255 2247 6403 d’apparence,
2371 6255 2371 6403 &
2440 6255 2495 6403 en
2591 6255 2867 6403 faiſant
2935 6255 3417 6403 l’execution
3499 6255 3665 6403 avec
3733 6255 3830 6403 les
3899 6255 4050 6403 plus
4119 6255 4366 6403 hardis
4490 6255 4490 6403 &
4559 6255 4931 6403 aſſeurez,

599 6395 777 6545 qu’il
846 6395 983 6545 ſoit
1038 6395 1421 6545 poſsible,
1463 6395 1531 6545 au
1600 6395 1942 6545 rebours
2011 6395 2066 6545 de
2134 6395 2189 6545 ce
2258 6395 2381 6545 que
2436 6395 2477 6545 la
2559 6395 2916 6545 Pratique
2971 6395 3314 6545 vulgaire
3382 6395 3423 6545 en
3547 6395 3903 6545 monſtre.
3985 6395 4040 6545 Si
4095 6395 4273 6545 vous
4356 6395 4438 6545 me
4520 6395 4726 6545 dites,
4781 6395 4945 6545 qu’il

584 6534 694 6687 n’y
749 6534 762 6687 a
817 6534 940 6687 pas
1009 6534 1297 6687 grande
1352 6534 1804 6687 apparence
1886 6534 1941 6687 de
2010 6534 2202 6687 venir
2257 6534 2654 6687 aiſement
2695 6534 2709 6687 à
2791 6534 2983 6687 ceſte
3065 6534 3504 6687 perfeion
3614 6534 3751 6687 d’en
3874 6534 4244 6687 monſtrer
4313 6534 4409 6687 les
4477 6534 4765 6687 effets;
4848 6534 4944 6687 ſa-

600 6678 766 6827 chez
822 6678 1016 6827 pour
1072 6678 1474 6827 reſponſe,
1529 6678 1654 6827 que
1724 6678 1890 6827 tout
1960 6678 2015 6827 ce
2084 6678 2195 6827 qui
2251 6678 2334 6827 eſt
2376 6678 2709 6827 louable
2764 6678 2848 6827 ne
2889 6678 3319 6827 s’acquiert
3375 6678 4069 6827 ordinairement,
4138 6678 4277 6827 qu’à
4346 6678 4582 6827 grand
4638 6678 4943 6827 travail.

4632 6860 4935 6929 toutes-

2848 288 3238 424 enſemble
3297 288 3486 424 avec
3545 288 3769 424 touts
3828 288 3923 424 les
3994 288 4265 424 autres
4360 288 4938 424 changements

2854 421 2968 551 qui
3019 421 3525 551 pourroyent
3575 421 3955 551 ſurvenir;
3992 421 4030 551 il
4081 421 4182 551 n’y
4233 421 4245 551 a
4296 421 4435 551 rien
4498 421 4536 551 ſi
4574 421 4941 551 neceſſai-

2839 547 2901 675 re
2989 547 3114 675 que
3189 547 3251 675 ce
3301 547 3713 675 precepte.
3875 547 3975 675 Car
4050 547 4100 675 en
4187 547 4712 675 l’obſervant,
4837 547 4937 675 dés

2849 672 2981 802 que
3029 672 3426 802 l’ennemy
3498 672 3967 802 commence
4015 672 4207 802 pour
4267 672 4387 802 peu
4472 672 4604 802 que
4664 672 4724 802 ce
4784 672 4952 802 ſoit,

2838 796 2890 929 le
2941 796 3096 929 bras
3174 796 3251 929 eſt
3342 796 3497 929 deſia
3574 796 3806 929 libre,
3910 796 3923 929 &
3987 796 4271 929 diſpoſé
4336 796 4336 929 à
4413 796 4801 929 travailler
4878 796 4930 929 en

2839 926 2940 1058 ſon
3016 926 3471 1058 particulier
3534 926 3723 1058 pour
3786 926 4166 1058 defendre
4267 926 4279 1058 &
4330 926 4519 1058 pour
4583 926 4949 1058 offenſer.

2878 1052 3103 1185 Cequi
3153 1052 3228 1185 ne
3278 1052 3540 1185 ſeroit,
3616 1052 3653 1185 en
3753 1052 3853 1185 cas
3916 1052 4091 1185 qu’il
4141 1052 4278 1185 fuſt
4341 1052 4391 1185 en
4466 1052 4616 1185 ae
4691 1052 4754 1185 de
4829 1052 4941 1185 de-

2849 1177 3217 1307 ſcendre:
3281 1177 3383 1307 car
3434 1177 3472 1307 il
3523 1177 3599 1307 eſt
3650 1177 4095 1307 impoſſible
4171 1177 4222 1307 de
4273 1177 4336 1307 le
4400 1177 4705 1307 hauſſer
4832 1177 4832 1307 &
4896 1177 4959 1307 a-

2840 1307 3113 1436 baiſſer
3200 1307 3361 1436 tout
3461 1307 3920 1436 enſemble,
3995 1307 4069 1436 ny
4181 1307 4678 1436 d’accomplir
4753 1307 4951 1436 deux

2841 1430 3096 1566 temps
3157 1430 3205 1566 en
3290 1430 3351 1566 un
3472 1430 3727 1566 meſme
3787 1430 4103 1566 inſtant.
4273 1430 4394 1566 C’et
4479 1430 4952 1566 advertiſſe-

2873 1557 3053 1688 ment
3113 1557 3269 1688 aura
3341 1557 3485 1688 fort
3569 1557 3785 1688 grand
3857 1557 4073 1688 uſage
4145 1557 4193 1688 en
4277 1557 4661 1688 pluſieurs
4733 1557 4937 1688 occa-

2834 1684 3084 1814 ſions;
3191 1684 3203 1814 &
3251 1684 3561 1814 partant
3608 1684 3644 1814 il
3680 1684 3727 1814 le
3799 1684 3942 1814 faut
4001 1684 4156 1814 bien
4239 1684 4799 1814 comprendre.

3535 1828 3847 1997 Cercle
4204 1828 4404 1997 .3.

3342 2052 3431 2185 Eſt
3507 2052 3545 2185 la
3647 2052 4053 2185 pourſuite
4193 2052 4193 2185 &
4269 2052 4752 2185 l’execution
4866 2052 4917 2185 du

3291 2185 3778 2311 precedent.
3968 2185 4075 2311 Car
4170 2185 4752 2311 ALEXANDRE
4823 2185 4942 2311 s’e-

3295 2308 3488 2432 ſtant
3573 2308 3850 2432 acquis
3923 2308 3995 2432 un
4092 2308 4116 2432 ſi
4201 2308 4418 2432 grand
4503 2308 4937 2432 avantage,

3305 2435 3613 2551 comme
3673 2435 3946 2551 d’avoir
4017 2435 4361 2551 aſſujetti
4420 2435 4693 2551 l’eſpee
4777 2435 4943 2551 con-

2837 2556 3103 2686 traire,
3150 2556 3324 2686 avec
3393 2556 4043 2686 deſgraduation,
4148 2556 4159 2686 &
4206 2556 4913 2686 accommodation

2860 2681 2919 2796 de
2990 2681 3038 2796 la
3108 2681 3463 2796 branche
3558 2681 4007 2796 exterieure
4113 2681 4385 2796 dreſſée
4503 2681 4953 2796 diagonale-

2866 2797 3048 2930 ment
3116 2797 3162 2930 en
3230 2797 3457 2930 haut:
3502 2797 3536 2930 il
3582 2797 3968 2930 retourne
4013 2797 4127 2930 icy
4195 2797 4285 2930 ſes
4354 2797 4751 2930 branches
4819 2797 4944 2930 ho-

2834 2922 3310 3055 rizontales,
3408 2922 3420 3055 &
3469 2922 3505 3055 ſa
3566 2922 3884 3055 poine
3957 2922 4226 3055 devers
4275 2922 4323 3055 le
4384 2922 4580 3055 coſté
4653 2922 4714 3055 de
4775 2922 4946 3055 l’en-

2833 3056 3062 3176 nemy
3134 3056 3507 3176 deſſoubs
3543 3056 3592 3176 la
3664 3056 3881 3176 garde
3989 3056 4001 3176 &
4061 3056 4110 3176 le
4182 3056 4423 3176 bras,
4483 3056 4941 3176 s’avançant

2831 3182 3002 3298 tout
3051 3182 3099 3298 le
3173 3182 3381 3298 corps
3466 3182 3845 3298 enſemble
3906 3182 4089 3298 avec
4150 3182 4322 3298 bras
4444 3182 4444 3298 &
4517 3182 4835 3298 l’eſpee,
4945 3182 4945 3298 &

2825 3299 3163 3435 prenant
3219 3299 3726 3435 ſubitemeut
3782 3299 3962 3435 avec
4007 3299 4052 3435 ſa
4131 3299 4469 3435 branche
4548 3299 4953 3435 exterieu-

2838 3426 2885 3552 re
2932 3426 2979 3552 la
3026 3426 3226 3552 lame
3296 3426 3719 3552 contraire,
3778 3426 3825 3552 en
3895 3426 3942 3552 la
4013 3426 4436 3552 graduant,
4553 3426 4553 3552 &
4624 3426 4941 3552 portant

2827 3555 2875 3675 le
2935 3555 3103 3675 pied
3176 3555 3356 3675 droit
3416 3555 3705 3675 juſqu’à
3777 3555 3813 3675 la
3886 3555 4114 3675 lettre
4235 3555 4283 3675 H.
4355 3555 4403 3675 en
4547 3555 4836 3675 menant
4896 3555 4945 3675 la

2843 3671 3113 3795 charge
3187 3671 3236 3795 du
3347 3671 3555 3795 corps
3641 3671 3912 3795 deſſus,
4022 3671 4022 3795 &
4083 3671 4427 3795 trainant
4489 3671 4747 3795 l’autre
4820 3671 4943 3795 par

2840 3797 3031 3916 terre
3090 3797 3377 3916 juſqu’à
3460 3797 3508 3916 la
3591 3797 4283 3916 circonference;
4438 3797 4438 3916 &
4497 3797 4557 3916 au
4676 3797 4938 3916 meſme

2826 3915 3091 4036 remps
3124 3915 3169 4036 il
3224 3915 3567 4036 exploite
3611 3915 3666 4036 lc
3733 3915 3910 4036 coup
3987 3915 4053 4036 de
4109 3915 4142 4036 ſa
4208 3915 4518 4036 poine
4573 3915 4584 4036 à
4640 3915 4938 4036 travers

2828 4033 2877 4163 le
2950 4033 3156 4163 corps
3229 4033 3290 4163 de
3338 4033 3788 4163 l’ennemy,
3861 4033 3885 4163 ſi
3958 4033 4177 4163 avant
4274 4033 4432 4163 qu’il
4505 4033 4699 4163 vient
4784 4033 4954 4163 cho-

2845 4158 3020 4285 quer
3070 4158 3119 4285 ſa
3182 4158 3431 4285 garde,
3531 4158 3531 4285 &
3581 4158 3630 4285 le
3693 4158 4092 4285 contraint
4166 4158 4229 4285 de
4279 4158 4453 4285 plier
4503 4158 4565 4285 le
4615 4158 4802 4285 bras,
4927 4158 4939 4285 &

2859 4281 2910 4417 de
2973 4281 3214 4417 laiſſer
3278 4281 3468 4417 quaſi
3519 4281 3835 4417 tomber
3874 4281 4152 4417 l’eſpee
4203 4281 4381 4417 hors
4444 4281 4495 4417 du
4571 4281 4850 4417 poing,
4926 4281 4926 4417 à

2831 4411 2868 4543 la
2954 4411 3188 4543 mercy
3286 4411 3348 4543 de
3397 4411 3495 4543 ſon
3606 4411 4037 4543 Contraire.
4135 4411 4443 4543 Comme
4492 4411 4591 4543 les
4640 4411 4935 4543 figures

2851 4534 3424 4627 demonſtrent.

575 287 735 423 bras
797 287 969 423 avec
1018 287 1055 423 la
1129 287 1351 423 garde
1400 287 1400 423 à
1462 287 1561 423 ſon
1647 287 1856 423 coſté,
1893 287 1992 423 ſes
2053 287 2448 423 branches
2485 287 2694 423 tour-

584 429 763 551 nées
834 429 1526 551 diagonalement.

765 541 817 668 Or
882 541 1180 668 comme
1219 541 1258 668 il
1310 541 1310 668 a
1388 541 1518 668 eſté
1583 541 1674 668 dit
1751 541 1816 668 cy
1881 541 2167 668 deſſus,
2270 541 2426 668 qu’il
2478 541 2556 668 ne
2634 541 2686 668 ſe

581 675 738 805 faut
787 675 907 805 pas
956 675 1113 805 trop
1173 675 1415 805 haſter
1488 675 1548 805 de
1609 675 1657 805 ſe
1705 675 1983 805 retirer
2044 675 2092 805 en
2165 675 2479 805 arriere,
2515 675 2684 805 ainſi

578 795 629 927 le
679 795 830 927 faut
881 795 919 927 il
956 795 1372 927 pratiquer
1423 795 1990 927 pareillement
2053 795 2091 927 en
2179 795 2368 927 ceſte
2431 795 2696 927 opera-

581 912 717 1055 tion
799 912 1194 1055 preſente.
1317 912 1603 1055 Voyant
1671 912 1834 1055 qu’il
1889 912 1971 1055 eſt
2025 912 2134 1055 iy
2202 912 2529 1055 beſoing
2625 912 2679 1055 de

584 1057 925 1180 pancher
996 1057 1054 1180 du
1137 1057 1348 1180 corps
1419 1057 1466 1180 en
1537 1057 1796 1180 avant,
1831 1057 2007 1180 avec
2078 1057 2137 1180 un
2219 1057 2384 1180 plus
2466 1057 2690 1180 grand

582 1180 1103 1304 abaiſſement
1165 1180 1227 1304 du
1301 1180 1462 1304 bras
1574 1180 1574 1304 &
1648 1180 1710 1304 de
1760 1180 2032 1304 l’eſpee
2094 1180 2677 1304 qu’auparavãt,

586 1311 767 1429 pour
827 1311 1202 1429 aſſujettir
1250 1311 1298 1429 la
1347 1311 1540 1429 lame
1612 1311 2047 1429 contraire:
2131 1311 2349 1429 choſe
2421 1311 2542 1429 qui
2602 1311 2675 1429 ne

582 1437 761 1556 peut
844 1437 1023 1556 eſtre
1082 1437 1261 1556 faite
1321 1437 1488 1556 ſans
1571 1437 1988 1556 deſcendre
2060 1437 2250 1556 aſſez
2322 1437 2679 1556 notable-

613 1565 825 1683 ment,
932 1565 943 1683 &
991 1565 1144 1683 ſans
1203 1565 1250 1683 ſe
1321 1565 1770 1683 deſcouvrir
1817 1565 1994 1683 avec
2053 1565 2466 1683 treſgrand
2525 1565 2679 1683 dan-

590 1687 703 1806 ger
765 1687 803 1806 en
903 1687 1177 1806 dehors
1240 1687 1290 1806 du
1365 1687 1552 1806 bras,
1589 1687 1614 1806 ſi
1677 1687 1727 1806 on
1802 1687 1852 1806 ſe
1914 1687 2301 1806 precipité
2338 1687 2351 1806 à
2401 1687 2451 1806 le
2501 1687 2676 1806 faire

592 1813 867 1935 devant
917 1813 967 1935 le
1030 1813 1330 1935 temps.
1417 1813 1755 1935 Parquoy
1805 1813 1943 1935 ſera
2005 1813 2243 1935 beſoin
2330 1813 2393 1935 de
2443 1813 2680 1935 laiſſer

597 1938 800 2059 venir
838 1938 889 2059 le
965 1938 1143 2059 coup
1193 1938 1231 2059 ſi
1295 1938 1460 2059 pres
1549 1938 1701 2059 qu’il
1764 1938 1840 2059 eſt
1891 1938 2246 2059 poſſible,
2322 1938 2665 2059 pourveu

571 2060 1028 2186 ſeulement
1088 2060 1281 2186 qu’on
1377 2060 1449 2186 ne
1521 2060 1762 2186 perde
1834 2060 1954 2186 pas
2015 2060 2063 2186 le
2159 2060 2400 2186 moyen
2496 2060 2556 2186 de
2628 2060 2676 2186 ſe

579 2189 869 2308 retirer,
928 2189 1044 2308 afin
1137 2189 1195 2308 de
1241 2189 1369 2308 luy
1439 2189 1730 2308 donner
1788 2189 2125 2308 occaſion
2206 2189 2276 2308 de
2322 2189 2683 2308 pourſui-

582 2314 689 2430 vre
748 2314 784 2430 ſa
843 2314 1152 2430 pointe,
1199 2314 1389 2430 pour
1448 2314 1911 2430 l’accueillir
1971 2314 2517 2430 aſſeurement
2576 2314 2683 2430 ſur

563 2436 609 2560 la
667 2436 736 2560 fin
817 2436 863 2560 du
966 2436 1508 2560 mouvement,
1577 2436 1819 2560 quand
1865 2436 1900 2560 il
1946 2436 2188 2560 n’aura
2246 2436 2407 2560 plus
2476 2436 2534 2560 de
2591 2436 2683 2560 re-

573 2562 774 2686 ſerve
833 2562 1023 2686 pour
1070 2562 1106 2686 ſa
1189 2562 1532 2686 defenſe;
1580 2562 1734 2686 tant
1805 2562 1911 2686 s’en
1994 2562 2137 2686 faut
2208 2562 2374 2686 qu’il
2433 2562 2682 2686 auroit

561 2686 617 2803 le
718 2686 965 2803 moyen
1065 2686 1133 2803 de
1200 2686 1379 2803 faire
1513 2686 1513 2803 &
1614 2686 1995 2803 executer
2096 2686 2163 2803 de
2241 2686 2689 2803 nouveaux

592 2806 1012 2935 deſſeings.
1160 2806 1222 2935 Ce
1283 2806 1678 2935 precepte
1740 2806 1925 2935 vous
1987 2806 2073 2935 eſt
2135 2806 2418 2935 repeté
2480 2806 2530 2935 en
2628 2806 2690 2935 ce

563 2934 685 3055 lieu
794 2934 927 3055 cy;
1025 2934 1352 3055 d’autant
1437 2934 1571 3055 que
1631 2934 1680 3055 le
1765 2934 2044 3055 danger
2129 2934 2141 3055 y
2226 2934 2457 3055 eſtant
2517 2934 2687 3055 plus

577 3059 802 3175 grand
873 3059 1051 3175 qu’au
1134 3059 1538 3175 paravant,
1585 3059 1763 3175 auſſi
1799 3059 2523 3175 l’advertiſſement
2606 3059 2654 3175 en

579 3182 796 3298 eſtoit
845 3182 1014 3298 plus
1062 3182 1521 3298 neceſſaire.

746 3309 969 3430 Quant
1030 3309 1043 3430 à
1129 3309 1179 3430 ce
1278 3309 1402 3430 que
1476 3309 1674 3430 nous
1748 3309 1983 3430 avons
2070 3309 2218 3430 dit,
2305 3309 2453 3430 qu’il
2515 3309 2676 3430 faut

578 3431 883 3554 domter
1000 3431 1000 3554 &
1058 3431 1445 3554 aſſujettir
1492 3431 1761 3554 l’eſpee
1843 3431 2277 3554 contraire,
2371 3431 2418 3554 en
2500 3431 2675 3554 pan-

579 3558 796 3675 chant
865 3558 910 3675 du
1002 3558 1219 3675 corps
1264 3558 1367 3675 ſur
1413 3558 1470 3675 le
1538 3558 1813 3675 devant
1881 3558 2064 3675 avec
2144 3558 2509 3675 deſcente
2601 3558 2646 3675 du

577 3680 774 3801 bras,
832 3680 971 3801 cela
1040 3680 1110 3801 ne
1168 3680 1226 3801 ſe
1295 3680 1504 3801 doibt
1550 3680 1678 3801 pas
1736 3680 2118 3801 entendre
2188 3680 2222 3801 en
2303 3680 2477 3801 telle
2547 3680 2686 3801 ſor-

579 3809 665 3920 te,
741 3809 861 3920 que
915 3809 969 3920 le
1013 3809 1175 3920 bras
1241 3809 1403 3920 face
1468 3809 1696 3920 aucun
1816 3809 2326 3920 mouvement
2402 3809 2445 3920 en
2553 3809 2651 3920 ſon

575 3931 1037 4046 particulier
1083 3931 1279 4046 pour
1325 3931 1753 4046 accomplir
1799 3931 1833 4046 la
1914 3931 2053 4046 dite
2110 3931 2503 4046 deſcente;
2538 3931 2688 4046 ains

563 4049 1021 4158 ſeulement
1106 4049 1255 4158 qu’il
1319 4049 1447 4158 ſoit
1532 4049 1660 4158 tiré
1724 4049 1883 4158 plus
1958 4049 2086 4158 bas
2139 4049 2245 4158 par
2309 4049 2661 4158 l’accom-

594 4161 974 4281 modation
1075 4161 1131 4281 du
1209 4161 1477 4281 corps,
1544 4161 1622 4281 ne
1701 4161 2148 4281 travaillant
2226 4161 2673 4281 cependant

583 4290 787 4410 qu’un
860 4290 1004 4410 bien
1088 4290 1209 4410 peu
1293 4290 1341 4410 du
1413 4290 1570 4410 ſeul
1618 4290 2003 4410 poignet,
2063 4290 2111 4410 en
2196 4290 2569 4410 tournant
2629 4290 2677 4410 la

575 4411 913 4532 branche
1026 4411 1477 4532 exterieure
1590 4411 2232 4532 diagonalement
2334 4411 2390 4532 en
2492 4411 2672 4532 haut

576 4533 738 4654 vers
784 4533 842 4654 le
900 4533 1097 4654 coſté
1166 4533 1386 4654 droit,
1491 4533 1491 4654 &
1548 4533 1595 4654 la
1653 4533 1919 4654 pointe
1977 4533 2359 4654 traverſée
2428 4533 2579 4654 vers
2625 4533 2671 4654 le

587 4659 776 4785 coſté
851 4659 1166 4785 gauche,
1229 4659 1418 4785 pour
1493 4659 1821 4785 croiſer,
1884 4659 2324 4785 aſſujettir,
2463 4659 2463 4785 &
2551 4659 2677 4785 deſ-

586 4785 962 4912 graduer,
1023 4785 1326 4912 comme
1362 4785 1398 4912 il
1459 4785 1544 4912 eſt
1592 4785 2053 4912 repreſenté
2102 4785 2199 4912 ſur
2259 4785 2320 4912 le
2368 4785 2514 4912 plan
2599 4785 2647 4912 du

611 4912 888 5032 Cercle.
1008 4912 1189 5032 Pour
1249 4912 1490 5032 eviter
1526 4912 1586 5032 le
1670 4912 1947 5032 danger
2031 4912 2104 5032 de
2164 4912 2200 5032 la
2296 4912 2682 5032 cavation,
