<PcGts xmlns="http://schema.primaresearch.org/PAGE/gts/pagecontent/2019-07-15" xmlns:xsi="http://www.w3.org/2001/XMLSchema-instance" xsi:schemaLocation="http://schema.primaresearch.org/PAGE/gts/pagecontent/2019-07-15 http://schema.primaresearch.org/PAGE/gts/pagecontent/2019-07-15/pagecontent.xsd">
  <Metadata>
    <Creator>kraken</Creator>
    <Created>2025-03-01T04:15:42</Created>
    <LastChange>2025-03-01T05:57:12</LastChange>
    <Comments/>
  </Metadata>
  <Page imageFilename="0102.png" imageHeight="7366" imageWidth="5442">
    <ReadingOrder>
      <OrderedGroup id="g2">
        <RegionRefIndexed index="0" regionRef="r3"/>
      </OrderedGroup>
    </ReadingOrder>
    <ImageRegion id="r2">
      <Coords points="475,4289 475,1837 5015,1837 5015,4289"/>
    </ImageRegion>
    <TextRegion id="r3" type="paragraph">
      <Coords points="494,1688 494,402 5034,402 5034,1688"/>
      <TextLine id="r3_l001">
        <Coords points="2651,402 2650,403 2648,403 2647,404 2646,404 2643,407 2643,434 2642,434 2641,435 2641,443 2598,443 2597,444 2580,444 2578,446 2575,446 2574,447 2536,447 2535,448 2287,448 2286,448 2286,407 2286,406 2281,406 2280,407 2278,407 2277,408 2276,408 2275,409 2273,409 2272,410 2271,410 2268,413 2268,420 2264,420 2262,422 2262,444 2208,444 2207,445 2206,445 2205,446 2181,446 2180,447 2044,447 2043,446 1976,446 1975,445 1894,445 1892,443 1887,443 1886,444 1870,444 1869,445 1867,445 1866,446 1822,446 1821,447 1820,447 1819,448 1769,448 1768,449 1646,449 1645,450 1644,450 1643,451 1642,451 1641,452 1530,452 1529,453 1528,453 1527,454 1419,454 1418,454 1418,419 1417,418 1417,416 1414,412 1413,412 1412,411 1407,411 1406,410 1399,410 1398,409 1395,409 1394,410 1392,410 1387,415 1366,415 1365,416 1363,416 1361,418 1360,418 1359,419 1358,419 1352,425 1352,426 1351,427 1351,428 1350,429 1350,430 1349,431 1348,431 1346,433 1346,435 1270,435 1267,438 1267,456 1089,456 1088,456 1088,423 1087,422 1087,421 1086,419 1083,419 1082,418 1076,418 1075,419 1074,419 1072,421 904,421 901,419 901,418 900,416 899,416 896,413 895,413 894,412 884,412 883,413 877,413 876,414 875,414 874,415 873,415 870,418 870,419 869,420 869,421 866,424 862,424 861,425 861,426 860,427 860,451 859,452 859,455 734,455 733,455 733,448 733,447 731,447 730,448 730,449 725,454 725,455 724,456 564,456 563,456 563,451 561,448 559,448 546,461 545,461 544,462 543,462 542,463 541,463 540,464 540,466 542,467 545,467 546,468 549,468 549,469 549,498 550,499 550,501 551,502 551,507 552,507 554,507 555,508 556,508 561,513 566,513 567,514 785,514 786,515 787,515 788,516 791,516 792,515 1023,515 1023,516 1023,526 1025,527 1064,527 1064,528 1064,540 1065,540 1067,540 1067,541 1067,547 1068,547 1072,547 1073,546 1073,545 1075,543 1075,540 1076,539 1076,538 1080,534 1080,533 1084,529 1084,526 1086,524 1086,523 1087,522 1087,521 1088,520 1088,516 1089,515 1308,515 1309,514 1414,514 1416,512 1432,512 1433,511 1434,511 1435,510 1500,510 1501,509 1526,509 1653,509 1654,510 1655,510 1657,508 1660,508 1662,506 1773,506 1774,505 1829,505 1830,504 1832,504 1833,503 2006,503 2006,504 2006,544 2009,546 2033,546 2033,506 2034,505 2099,505 2100,504 2315,504 2316,505 2374,505 2375,506 2386,506 2387,507 2457,507 2457,508 2457,531 2458,532 2458,535 2459,536 2459,537 2463,540 2464,540 2467,544 2467,548 2469,549 2470,549 2473,546 2476,546 2478,544 2490,544 2491,543 2494,543 2495,542 2497,542 2498,541 2499,541 2500,540 2501,540 2509,532 2509,531 2511,529 2511,528 2512,527 2512,525 2513,524 2513,504 2514,503 2536,503 2537,502 2557,502 2558,501 2592,501 2593,500 2655,500 2656,499 2736,499 2737,498 2782,498 2783,497 2853,497 2853,498 2853,541 2854,541 2963,541 2963,498 2964,497 2974,497 2975,498 2996,498 2998,500 3099,500 3099,501 3099,539 3100,539 3101,539 3102,540 3108,540 3109,541 3127,541 3129,539 3129,503 3130,502 3246,502 3248,504 3511,504 3512,505 3514,505 3515,504 3516,504 3518,502 3656,502 3657,503 3794,503 3795,502 4134,502 4135,501 4137,501 4138,500 4177,500 4178,499 4179,499 4180,498 4249,498 4250,497 4260,497 4261,496 4434,496 4435,495 4437,495 4438,494 4625,494 4626,495 4724,495 4725,496 4791,496 4792,497 4901,497 4902,498 4932,498 4932,499 4932,510 4933,510 4934,510 4935,511 4936,511 4937,512 4941,512 4942,511 4946,511 4947,510 4948,510 4950,508 4953,508 4956,505 4956,502 4958,500 4958,405 4959,404 4961,404 4961,403 4961,402 4870,402 4869,402 4848,402 4847,402 4847,436 4724,436 4723,436 4723,433 4721,430 4692,430 4691,430 4691,406 4690,404 4689,404 4688,403 4624,403 4623,403 4623,402 4348,402 4347,402 4346,402 4345,403 4345,438 4281,438 4279,440 4225,440 4224,441 4095,441 4094,440 4092,440 4091,441 4075,441 4074,442 4027,442 4026,443 3912,443 3911,444 3784,444 3783,444 3783,439 3782,437 3781,437 3775,443 3775,444 3774,445 3608,445 3607,444 3606,444 3605,445 3598,445 3597,446 3596,446 3595,447 3532,447 3531,448 3372,448 3371,447 3334,447 3333,447 3333,431 3332,430 3332,428 3331,427 3331,425 3329,422 3326,422 3325,421 3324,421 3323,420 3218,420 3217,420 3217,416 3215,413 3209,413 3204,418 3204,419 3198,419 3195,422 3195,438 3119,438 3116,441 2974,441 2973,440 2914,440 2913,439 2912,439 2911,438 2901,438 2900,439 2747,439 2746,439 2746,403 2745,402 2653,402 2652,402 2651,402"/>
        <Word id="w36597">
          <Coords points="604,402 1071,402 1071,549 604,549"/>
          <Glyph id="w36597g0">
            <Coords points="604,402 604,402 604,549 604,549"/>
            <TextEquiv index="1" conf="0.9999983608722687">
              <Unicode>t</Unicode>
            </TextEquiv>
          </Glyph>
          <Glyph id="w36597g1">
            <Coords points="644,402 657,402 657,549 644,549"/>
            <TextEquiv index="1" conf="0.9999756515026093">
              <Unicode>o</Unicode>
            </TextEquiv>
          </Glyph>
          <Glyph id="w36597g2">
            <Coords points="711,402 711,402 711,549 711,549"/>
            <TextEquiv index="1" conf="1.0">
              <Unicode>u</Unicode>
            </TextEquiv>
          </Glyph>
          <Glyph id="w36597g3">
            <Coords points="764,402 777,402 777,549 764,549"/>
            <TextEquiv index="1" conf="0.9999984502792358">
              <Unicode>t</Unicode>
            </TextEquiv>
          </Glyph>
          <Glyph id="w36597g4">
            <Coords points="817,402 817,402 817,549 817,549"/>
            <TextEquiv index="1" conf="0.9999988675117493">
              <Unicode>e</Unicode>
            </TextEquiv>
          </Glyph>
          <Glyph id="w36597g5">
            <Coords points="857,402 871,402 871,549 857,549"/>
            <TextEquiv index="1" conf="0.9814578741788864">
              <Unicode>s</Unicode>
            </TextEquiv>
          </Glyph>
          <Glyph id="w36597g6">
            <Coords points="898,402 911,402 911,549 898,549"/>
            <TextEquiv index="1" conf="0.9999413788318634">
              <Unicode>f</Unicode>
            </TextEquiv>
          </Glyph>
          <Glyph id="w36597g7">
            <Coords points="951,402 964,402 964,549 951,549"/>
            <TextEquiv index="1" conf="0.999997466802597">
              <Unicode>o</Unicode>
            </TextEquiv>
          </Glyph>
          <Glyph id="w36597g8">
            <Coords points="1004,402 1004,402 1004,549 1004,549"/>
            <TextEquiv index="1" conf="0.9999983608722687">
              <Unicode>i</Unicode>
            </TextEquiv>
          </Glyph>
          <Glyph id="w36597g9">
            <Coords points="1031,402 1044,402 1044,549 1031,549"/>
            <TextEquiv index="1" conf="0.9999757707118988">
              <Unicode>s</Unicode>
            </TextEquiv>
          </Glyph>
          <Glyph id="w36597g10">
            <Coords points="1071,402 1071,402 1071,549 1071,549"/>
            <TextEquiv index="1" conf="0.9999987483024597">
              <Unicode>,</Unicode>
            </TextEquiv>
          </Glyph>
          <TextEquiv index="1" conf="0.9813431026993892">
            <Unicode>toutesfois,</Unicode>
          </TextEquiv>
        </Word>
        <Word id="w36598">
          <Coords points="1111,402 1165,402 1165,549 1111,549"/>
          <Glyph id="w36598g0">
            <Coords points="1111,402 1111,402 1111,549 1111,549"/>
            <TextEquiv index="1" conf="0.9998576194047928">
              <Unicode>j</Unicode>
            </TextEquiv>
          </Glyph>
          <Glyph id="w36598g1">
            <Coords points="1165,402 1165,402 1165,549 1165,549"/>
            <TextEquiv index="1" conf="0.999997466802597">
              <Unicode>e</Unicode>
            </TextEquiv>
          </Glyph>
          <TextEquiv index="1" conf="0.999855086568068">
            <Unicode>je</Unicode>
          </TextEquiv>
        </Word>
        <Word id="w36599">
          <Coords points="1258,402 1619,402 1619,549 1258,549"/>
          <Glyph id="w36599g0">
            <Coords points="1258,402 1258,402 1258,549 1258,549"/>
            <TextEquiv index="1" conf="0.9999998211860657">
              <Unicode>m</Unicode>
            </TextEquiv>
          </Glyph>
          <Glyph id="w36599g1">
            <Coords points="1298,402 1312,402 1312,549 1298,549"/>
            <TextEquiv index="1" conf="0.9946202486753464">
              <Unicode>’</Unicode>
            </TextEquiv>
          </Glyph>
          <Glyph id="w36599g2">
            <Coords points="1338,402 1338,402 1338,549 1338,549"/>
            <TextEquiv index="1" conf="1.0">
              <Unicode>a</Unicode>
            </TextEquiv>
          </Glyph>
          <Glyph id="w36599g3">
            <Coords points="1378,402 1392,402 1392,549 1378,549"/>
            <TextEquiv index="1" conf="0.9998898059129715">
              <Unicode>ſ</Unicode>
            </TextEquiv>
          </Glyph>
          <Glyph id="w36599g4">
            <Coords points="1418,402 1418,402 1418,549 1418,549"/>
            <TextEquiv index="1" conf="0.9999992847442627">
              <Unicode>ſ</Unicode>
            </TextEquiv>
          </Glyph>
          <Glyph id="w36599g5">
            <Coords points="1459,402 1472,402 1472,549 1459,549"/>
            <TextEquiv index="1" conf="0.9999966025352478">
              <Unicode>e</Unicode>
            </TextEquiv>
          </Glyph>
          <Glyph id="w36599g6">
            <Coords points="1512,402 1512,402 1512,549 1512,549"/>
            <TextEquiv index="1" conf="0.9999991655349731">
              <Unicode>u</Unicode>
            </TextEquiv>
          </Glyph>
          <Glyph id="w36599g7">
            <Coords points="1565,402 1579,402 1579,549 1565,549"/>
            <TextEquiv index="1" conf="0.9999719560146332">
              <Unicode>r</Unicode>
            </TextEquiv>
          </Glyph>
          <Glyph id="w36599g8">
            <Coords points="1619,402 1619,402 1619,549 1619,549"/>
            <TextEquiv index="1" conf="0.9999969303607941">
              <Unicode>e</Unicode>
            </TextEquiv>
          </Glyph>
          <TextEquiv index="1" conf="0.9944746069640884">
            <Unicode>m’aſſeure</Unicode>
          </TextEquiv>
        </Word>
        <Word id="w36600">
          <Coords points="1686,402 2006,402 2006,549 1686,549"/>
          <Glyph id="w36600g0">
            <Coords points="1686,402 1699,402 1699,549 1686,549"/>
            <TextEquiv index="1" conf="0.9999999105930328">
              <Unicode>e</Unicode>
            </TextEquiv>
          </Glyph>
          <Glyph id="w36600g1">
            <Coords points="1726,402 1739,402 1739,549 1726,549"/>
            <TextEquiv index="1" conf="0.9999985098838806">
              <Unicode>n</Unicode>
            </TextEquiv>
          </Glyph>
          <Glyph id="w36600g2">
            <Coords points="1806,402 1806,402 1806,549 1806,549"/>
            <TextEquiv index="1" conf="0.9999995827674866">
              <Unicode>c</Unicode>
            </TextEquiv>
          </Glyph>
          <Glyph id="w36600g3">
            <Coords points="1859,402 1873,402 1873,549 1859,549"/>
            <TextEquiv index="1" conf="0.9999898374080658">
              <Unicode>o</Unicode>
            </TextEquiv>
          </Glyph>
          <Glyph id="w36600g4">
            <Coords points="1913,402 1913,402 1913,549 1913,549"/>
            <TextEquiv index="1" conf="0.9999998807907104">
              <Unicode>r</Unicode>
            </TextEquiv>
          </Glyph>
          <Glyph id="w36600g5">
            <Coords points="1966,402 1966,402 1966,549 1966,549"/>
            <TextEquiv index="1" conf="0.9999912083148956">
              <Unicode>e</Unicode>
            </TextEquiv>
          </Glyph>
          <Glyph id="w36600g6">
            <Coords points="2006,402 2006,402 2006,549 2006,549"/>
            <TextEquiv index="1" conf="0.9999997615814209">
              <Unicode>s</Unicode>
            </TextEquiv>
          </Glyph>
          <TextEquiv index="1" conf="0.9999786914749993">
            <Unicode>encores</Unicode>
          </TextEquiv>
        </Word>
        <Word id="w36601">
          <Coords points="2060,402 2260,402 2260,549 2060,549"/>
          <Glyph id="w36601g0">
            <Coords points="2060,402 2073,402 2073,549 2060,549"/>
            <TextEquiv index="1" conf="0.9999999701976776">
              <Unicode>p</Unicode>
            </TextEquiv>
          </Glyph>
          <Glyph id="w36601g1">
            <Coords points="2126,402 2140,402 2140,549 2126,549"/>
            <TextEquiv index="1" conf="0.9999967515468597">
              <Unicode>o</Unicode>
            </TextEquiv>
          </Glyph>
          <Glyph id="w36601g2">
            <Coords points="2193,402 2193,402 2193,549 2193,549"/>
            <TextEquiv index="1" conf="1.0">
              <Unicode>u</Unicode>
            </TextEquiv>
          </Glyph>
          <Glyph id="w36601g3">
            <Coords points="2247,402 2260,402 2260,549 2247,549"/>
            <TextEquiv index="1" conf="0.9999984800815582">
              <Unicode>r</Unicode>
            </TextEquiv>
          </Glyph>
          <TextEquiv index="1" conf="0.9999952018311751">
            <Unicode>pour</Unicode>
          </TextEquiv>
        </Word>
        <Word id="w36602">
          <Coords points="2313,402 2367,402 2367,549 2313,549"/>
          <Glyph id="w36602g0">
            <Coords points="2313,402 2313,402 2313,549 2313,549"/>
            <TextEquiv index="1" conf="0.9999968409538269">
              <Unicode>l</Unicode>
            </TextEquiv>
          </Glyph>
          <Glyph id="w36602g1">
            <Coords points="2354,402 2367,402 2367,549 2354,549"/>
            <TextEquiv index="1" conf="0.999997079372406">
              <Unicode>e</Unicode>
            </TextEquiv>
          </Glyph>
          <TextEquiv index="1" conf="0.9999939203354593">
            <Unicode>le</Unicode>
          </TextEquiv>
        </Word>
        <Word id="w36603">
          <Coords points="2420,402 2687,402 2687,549 2420,549"/>
          <Glyph id="w36603g0">
            <Coords points="2420,402 2420,402 2420,549 2420,549"/>
            <TextEquiv index="1" conf="0.9999994337558746">
              <Unicode>r</Unicode>
            </TextEquiv>
          </Glyph>
          <Glyph id="w36603g1">
            <Coords points="2474,402 2474,402 2474,549 2474,549"/>
            <TextEquiv index="1" conf="0.9999939501285553">
              <Unicode>e</Unicode>
            </TextEquiv>
          </Glyph>
          <Glyph id="w36603g2">
            <Coords points="2527,402 2541,402 2541,549 2527,549"/>
            <TextEquiv index="1" conf="1.0">
              <Unicode>g</Unicode>
            </TextEquiv>
          </Glyph>
          <Glyph id="w36603g3">
            <Coords points="2567,402 2581,402 2581,549 2567,549"/>
            <TextEquiv index="1" conf="0.9999999701976776">
              <Unicode>a</Unicode>
            </TextEquiv>
          </Glyph>
          <Glyph id="w36603g4">
            <Coords points="2621,402 2621,402 2621,549 2621,549"/>
            <TextEquiv index="1" conf="0.9999990463256836">
              <Unicode>r</Unicode>
            </TextEquiv>
          </Glyph>
          <Glyph id="w36603g5">
            <Coords points="2674,402 2687,402 2687,549 2674,549"/>
            <TextEquiv index="1" conf="0.9999985694885254">
              <Unicode>d</Unicode>
            </TextEquiv>
          </Glyph>
          <TextEquiv index="1" conf="0.9999909699171488">
            <Unicode>regard</Unicode>
          </TextEquiv>
        </Word>
        <Word id="w36604">
          <Coords points="2768,402 2821,402 2821,549 2768,549"/>
          <Glyph id="w36604g0">
            <Coords points="2768,402 2768,402 2768,549 2768,549"/>
            <TextEquiv index="1" conf="1.0">
              <Unicode>d</Unicode>
            </TextEquiv>
          </Glyph>
          <Glyph id="w36604g1">
            <Coords points="2821,402 2821,402 2821,549 2821,549"/>
            <TextEquiv index="1" conf="0.9999975860118866">
              <Unicode>e</Unicode>
            </TextEquiv>
          </Glyph>
          <TextEquiv index="1" conf="0.9999975860118866">
            <Unicode>de</Unicode>
          </TextEquiv>
        </Word>
        <Word id="w36605">
          <Coords points="2888,402 3062,402 3062,549 2888,549"/>
          <Glyph id="w36605g0">
            <Coords points="2888,402 2888,402 2888,549 2888,549"/>
            <TextEquiv index="1" conf="0.9999985098838806">
              <Unicode>c</Unicode>
            </TextEquiv>
          </Glyph>
          <Glyph id="w36605g1">
            <Coords points="2941,402 2941,402 2941,549 2941,549"/>
            <TextEquiv index="1" conf="0.9999997615814209">
              <Unicode>e</Unicode>
            </TextEquiv>
          </Glyph>
          <Glyph id="w36605g2">
            <Coords points="2981,402 2995,402 2995,549 2981,549"/>
            <TextEquiv index="1" conf="0.9999997019767761">
              <Unicode>u</Unicode>
            </TextEquiv>
          </Glyph>
          <Glyph id="w36605g3">
            <Coords points="3062,402 3062,402 3062,549 3062,549"/>
            <TextEquiv index="1" conf="1.0">
              <Unicode>x</Unicode>
            </TextEquiv>
          </Glyph>
          <TextEquiv index="1" conf="0.999997973442948">
            <Unicode>ceux</Unicode>
          </TextEquiv>
        </Word>
        <Word id="w36606">
          <Coords points="3142,402 3249,402 3249,549 3142,549"/>
          <Glyph id="w36606g0">
            <Coords points="3142,402 3155,402 3155,549 3142,549"/>
            <TextEquiv index="1" conf="1.0">
              <Unicode>q</Unicode>
            </TextEquiv>
          </Glyph>
          <Glyph id="w36606g1">
            <Coords points="3182,402 3195,402 3195,549 3182,549"/>
            <TextEquiv index="1" conf="0.9999998211860657">
              <Unicode>u</Unicode>
            </TextEquiv>
          </Glyph>
          <Glyph id="w36606g2">
            <Coords points="3249,402 3249,402 3249,549 3249,549"/>
            <TextEquiv index="1" conf="0.9999991953372955">
              <Unicode>i</Unicode>
            </TextEquiv>
          </Glyph>
          <TextEquiv index="1" conf="0.9999990165235051">
            <Unicode>qui</Unicode>
          </TextEquiv>
        </Word>
        <Word id="w36607">
          <Coords points="3302,402 3449,402 3449,549 3302,549"/>
          <Glyph id="w36607g0">
            <Coords points="3302,402 3302,402 3302,549 3302,549"/>
            <TextEquiv index="1" conf="0.9999986886978149">
              <Unicode>n</Unicode>
            </TextEquiv>
          </Glyph>
          <Glyph id="w36607g1">
            <Coords points="3342,402 3355,402 3355,549 3342,549"/>
            <TextEquiv index="1" conf="0.9973831027746201">
              <Unicode>’</Unicode>
            </TextEquiv>
          </Glyph>
          <Glyph id="w36607g2">
            <Coords points="3395,402 3409,402 3409,549 3395,549"/>
            <TextEquiv index="1" conf="0.999996542930603">
              <Unicode>e</Unicode>
            </TextEquiv>
          </Glyph>
          <Glyph id="w36607g3">
            <Coords points="3449,402 3449,402 3449,549 3449,549"/>
            <TextEquiv index="1" conf="0.9999999403953552">
              <Unicode>n</Unicode>
            </TextEquiv>
          </Glyph>
          <TextEquiv index="1" conf="0.9973782874375157">
            <Unicode>n’en</Unicode>
          </TextEquiv>
        </Word>
        <Word id="w36608">
          <Coords points="3529,402 3823,402 3823,549 3529,549"/>
          <Glyph id="w36608g0">
            <Coords points="3529,402 3529,402 3529,549 3529,549"/>
            <TextEquiv index="1" conf="0.9999999701976776">
              <Unicode>a</Unicode>
            </TextEquiv>
          </Glyph>
          <Glyph id="w36608g1">
            <Coords points="3582,402 3582,402 3582,549 3582,549"/>
            <TextEquiv index="1" conf="0.9999991953372955">
              <Unicode>u</Unicode>
            </TextEquiv>
          </Glyph>
          <Glyph id="w36608g2">
            <Coords points="3649,402 3649,402 3649,549 3649,549"/>
            <TextEquiv index="1" conf="0.9999999701976776">
              <Unicode>r</Unicode>
            </TextEquiv>
          </Glyph>
          <Glyph id="w36608g3">
            <Coords points="3703,402 3703,402 3703,549 3703,549"/>
            <TextEquiv index="1" conf="0.9999995827674866">
              <Unicode>o</Unicode>
            </TextEquiv>
          </Glyph>
          <Glyph id="w36608g4">
            <Coords points="3756,402 3756,402 3756,549 3756,549"/>
            <TextEquiv index="1" conf="1.0">
              <Unicode>n</Unicode>
            </TextEquiv>
          </Glyph>
          <Glyph id="w36608g5">
            <Coords points="3823,402 3823,402 3823,549 3823,549"/>
            <TextEquiv index="1" conf="0.999993085861206">
              <Unicode>t</Unicode>
            </TextEquiv>
          </Glyph>
          <TextEquiv index="1" conf="0.9999918043706133">
            <Unicode>auront</Unicode>
          </TextEquiv>
        </Word>
        <Word id="w36609">
          <Coords points="3890,402 4210,402 4210,549 3890,549"/>
          <Glyph id="w36609g0">
            <Coords points="3890,402 3890,402 3890,549 3890,549"/>
            <TextEquiv index="1" conf="0.9999973177909851">
              <Unicode>e</Unicode>
            </TextEquiv>
          </Glyph>
          <Glyph id="w36609g1">
            <Coords points="3930,402 3930,402 3930,549 3930,549"/>
            <TextEquiv index="1" conf="0.9999999701976776">
              <Unicode>n</Unicode>
            </TextEquiv>
          </Glyph>
          <Glyph id="w36609g2">
            <Coords points="4010,402 4010,402 4010,549 4010,549"/>
            <TextEquiv index="1" conf="0.9999998509883881">
              <Unicode>c</Unicode>
            </TextEquiv>
          </Glyph>
          <Glyph id="w36609g3">
            <Coords points="4063,402 4077,402 4077,549 4063,549"/>
            <TextEquiv index="1" conf="0.9999976754188538">
              <Unicode>o</Unicode>
            </TextEquiv>
          </Glyph>
          <Glyph id="w36609g4">
            <Coords points="4117,402 4117,402 4117,549 4117,549"/>
            <TextEquiv index="1" conf="1.0">
              <Unicode>r</Unicode>
            </TextEquiv>
          </Glyph>
          <Glyph id="w36609g5">
            <Coords points="4157,402 4170,402 4170,549 4157,549"/>
            <TextEquiv index="1" conf="0.9995629191398621">
              <Unicode>e</Unicode>
            </TextEquiv>
          </Glyph>
          <Glyph id="w36609g6">
            <Coords points="4210,402 4210,402 4210,549 4210,549"/>
            <TextEquiv index="1" conf="0.9999996423721313">
              <Unicode>s</Unicode>
            </TextEquiv>
          </Glyph>
          <TextEquiv index="1" conf="0.9995573783397239">
            <Unicode>encores</Unicode>
          </TextEquiv>
        </Word>
        <Word id="w36610">
          <Coords points="4264,402 4464,402 4464,549 4264,549"/>
          <Glyph id="w36610g0">
            <Coords points="4264,402 4264,402 4264,549 4264,549"/>
            <TextEquiv index="1" conf="0.9999885857105255">
              <Unicode>n</Unicode>
            </TextEquiv>
          </Glyph>
          <Glyph id="w36610g1">
            <Coords points="4331,402 4331,402 4331,549 4331,549"/>
            <TextEquiv index="1" conf="0.9999795854091644">
              <Unicode>u</Unicode>
            </TextEquiv>
          </Glyph>
          <Glyph id="w36610g2">
            <Coords points="4384,402 4384,402 4384,549 4384,549"/>
            <TextEquiv index="1" conf="0.9999991953372955">
              <Unicode>l</Unicode>
            </TextEquiv>
          </Glyph>
          <Glyph id="w36610g3">
            <Coords points="4424,402 4424,402 4424,549 4424,549"/>
            <TextEquiv index="1" conf="0.9999969303607941">
              <Unicode>l</Unicode>
            </TextEquiv>
          </Glyph>
          <Glyph id="w36610g4">
            <Coords points="4464,402 4464,402 4464,549 4464,549"/>
            <TextEquiv index="1" conf="0.9999998211860657">
              <Unicode>e</Unicode>
            </TextEquiv>
          </Glyph>
          <TextEquiv index="1" conf="0.9999641183690311">
            <Unicode>nulle</Unicode>
          </TextEquiv>
        </Word>
        <Word id="w36611">
          <Coords points="4531,402 4985,402 4985,549 4531,549"/>
          <Glyph id="w36611g0">
            <Coords points="4531,402 4544,402 4544,549 4531,549"/>
            <TextEquiv index="1" conf="0.9999980032444">
              <Unicode>h</Unicode>
            </TextEquiv>
          </Glyph>
          <Glyph id="w36611g1">
            <Coords points="4598,402 4611,402 4611,549 4598,549"/>
            <TextEquiv index="1" conf="0.9999996423721313">
              <Unicode>a</Unicode>
            </TextEquiv>
          </Glyph>
          <Glyph id="w36611g2">
            <Coords points="4651,402 4678,402 4678,549 4651,549"/>
            <TextEquiv index="1" conf="0.9999999701976776">
              <Unicode>b</Unicode>
            </TextEquiv>
          </Glyph>
          <Glyph id="w36611g3">
            <Coords points="4718,402 4718,402 4718,549 4718,549"/>
            <TextEquiv index="1" conf="0.9999974370002747">
              <Unicode>i</Unicode>
            </TextEquiv>
          </Glyph>
          <Glyph id="w36611g4">
            <Coords points="4758,402 4758,402 4758,549 4758,549"/>
            <TextEquiv index="1" conf="0.999999076128006">
              <Unicode>t</Unicode>
            </TextEquiv>
          </Glyph>
          <Glyph id="w36611g5">
            <Coords points="4798,402 4811,402 4811,549 4798,549"/>
            <TextEquiv index="1" conf="0.9999999105930328">
              <Unicode>u</Unicode>
            </TextEquiv>
          </Glyph>
          <Glyph id="w36611g6">
            <Coords points="4892,402 4892,402 4892,549 4892,549"/>
            <TextEquiv index="1" conf="1.0">
              <Unicode>d</Unicode>
            </TextEquiv>
          </Glyph>
          <Glyph id="w36611g7">
            <Coords points="4945,402 4945,402 4945,549 4945,549"/>
            <TextEquiv index="1" conf="0.9999980926513672">
              <Unicode>e</Unicode>
            </TextEquiv>
          </Glyph>
          <Glyph id="w36611g8">
            <Coords points="4985,402 4985,402 4985,549 4985,549"/>
            <TextEquiv index="1" conf="0.9998819977045059">
              <Unicode>,</Unicode>
            </TextEquiv>
          </Glyph>
          <TextEquiv index="1" conf="0.9998741308431719">
            <Unicode>habitude,</Unicode>
          </TextEquiv>
        </Word>
        <TextEquiv conf="0.9996952714104401" index="1">
          <Unicode>toutesfois, je m’aſſeure encores pour le regard de ceux qui n’en auront encores nulle habitude,</Unicode>
        </TextEquiv>
      </TextLine>
      <TextLine id="r3_l002">
        <Coords points="1184,697 1185,696 1193,696 1193,655 1194,654 1255,654 1256,653 1288,653 1289,652 1412,652 1412,653 1412,683 1413,684 1413,688 1415,689 1433,689 1434,688 1439,688 1440,687 1441,687 1443,685 1443,649 1444,648 1497,648 1498,647 1640,647 1640,648 1640,649 1641,649 1644,649 1645,648 1656,648 1657,647 1673,647 1674,646 1888,646 1889,645 2249,645 2249,646 2249,680 2251,681 2252,681 2252,682 2252,684 2256,687 2260,687 2261,688 2274,688 2275,687 2278,687 2279,686 2280,686 2280,648 2281,647 2387,647 2388,646 2389,646 2390,645 2507,645 2507,646 2507,683 2508,683 2514,683 2515,684 2527,684 2528,683 2533,683 2535,681 2535,642 2536,641 2548,641 2549,640 2605,640 2606,639 2690,639 2691,638 2692,638 2693,637 2694,637 2695,636 2773,636 2774,635 2929,635 2930,636 2935,636 2936,637 2938,637 2939,638 2951,638 2951,639 2951,679 2953,680 2967,680 2968,681 3009,681 3010,682 3018,682 3019,683 3026,683 3026,643 3027,642 3196,642 3199,645 3297,645 3297,646 3297,656 3298,656 3299,656 3300,657 3305,657 3306,656 3308,656 3309,655 3312,655 3313,654 3314,654 3315,653 3315,652 3321,646 3321,644 3323,642 3475,642 3475,643 3475,644 3476,645 3476,646 3477,646 3480,646 3481,645 3483,645 3484,644 3485,644 3485,643 3486,642 3609,642 3610,643 3613,643 3614,642 3658,642 3659,641 3808,641 3808,642 3808,670 3809,670 3815,670 3815,671 3815,679 3818,681 3831,681 3832,680 3835,680 3838,677 3838,644 3839,643 3867,643 3869,641 4032,641 4032,642 4032,677 4037,681 4038,681 4039,682 4049,682 4056,675 4056,674 4059,671 4059,670 4060,669 4060,666 4061,665 4061,664 4063,662 4063,661 4065,659 4065,658 4066,657 4066,654 4067,653 4067,652 4068,651 4068,650 4069,649 4069,647 4070,646 4070,645 4071,644 4071,643 4072,642 4168,642 4169,641 4255,641 4256,640 4378,640 4379,639 4420,639 4421,638 4423,638 4424,637 4477,637 4478,636 4607,636 4607,637 4607,647 4608,647 4611,647 4611,637 4612,636 4789,636 4790,637 4800,637 4800,638 4800,647 4801,647 4801,639 4802,638 4944,638 4945,637 4946,637 4947,636 4949,636 4950,635 4952,635 4953,634 4954,634 4958,630 4958,629 4960,627 4960,621 4961,620 4961,619 4962,618 4962,617 4961,615 4959,615 4958,615 4958,591 4957,590 4957,588 4956,587 4956,586 4955,584 4954,584 4952,582 4951,582 4950,581 4947,581 4946,580 4943,580 4942,579 4901,579 4900,579 4900,541 4899,539 4882,539 4881,540 4759,540 4758,541 4757,541 4756,542 4754,542 4753,543 4749,543 4748,544 4747,544 4746,545 4746,546 4725,546 4722,549 4722,550 4721,551 4721,571 4648,571 4645,574 4645,575 4644,576 4644,577 4643,578 4498,578 4497,578 4497,577 4497,576 4496,576 4495,575 4474,575 4472,577 4471,577 4470,578 4428,578 4427,579 4400,579 4399,580 4321,580 4320,581 4158,581 4157,581 4157,577 4156,575 4153,575 4152,576 4151,576 4149,578 4149,579 4148,580 4148,584 4146,586 4145,586 4143,588 4001,588 3999,586 3998,586 3997,585 3995,585 3994,584 3957,584 3956,583 3895,583 3894,583 3894,545 3893,543 3891,543 3890,544 3889,544 3888,545 3887,545 3886,546 3876,546 3875,547 3875,583 3758,583 3757,583 3757,577 3757,576 3754,576 3751,579 3751,580 3749,582 3749,583 3598,583 3597,583 3597,579 3596,578 3596,577 3596,576 3594,576 3589,581 3589,582 3587,584 3458,584 3457,584 3457,563 3456,562 3456,561 3453,557 3432,557 3431,557 3431,547 3429,544 3421,544 3420,545 3418,545 3417,546 3416,546 3415,547 3413,547 3411,549 3411,586 3400,586 3399,587 3397,587 3394,590 3268,590 3267,589 3265,589 3264,588 3260,588 3259,587 3256,587 3255,586 3161,586 3160,585 3151,585 3150,584 3117,584 3116,583 3051,583 3050,582 3049,582 3048,581 2968,581 2967,581 2967,545 2965,543 2965,542 2965,541 2836,541 2835,540 2832,540 2831,541 2830,541 2829,542 2826,542 2825,543 2824,543 2822,545 2821,545 2820,546 2745,546 2741,550 2741,582 2597,582 2596,582 2596,577 2595,576 2595,575 2595,574 2593,574 2587,580 2587,582 2585,584 2585,585 2584,585 2583,586 2529,586 2527,588 2350,588 2349,587 2136,587 2135,587 2135,552 2132,548 2128,548 2127,549 2126,549 2125,550 2124,550 2123,551 2122,551 2121,552 2119,552 2118,553 2116,553 2114,555 2114,580 2070,580 2067,583 2067,584 2065,586 1920,586 1919,585 1862,585 1861,585 1861,583 1860,582 1860,581 1859,579 1817,579 1816,578 1815,578 1812,581 1812,582 1810,584 1810,585 1808,587 1584,587 1583,587 1583,554 1581,551 1579,551 1578,552 1577,552 1576,553 1574,553 1573,554 1571,554 1570,555 1569,555 1568,556 1567,556 1565,558 1565,560 1542,560 1541,561 1518,561 1514,565 1514,590 1435,590 1432,593 1412,593 1411,594 1407,594 1406,595 1400,595 1399,596 1254,596 1253,596 1253,560 1252,559 1252,558 1252,557 1251,557 1250,556 1248,556 1247,557 1246,557 1242,561 1240,561 1239,562 1237,562 1235,564 1230,564 1229,565 1228,565 1226,567 1226,568 1225,568 1224,569 1223,569 1222,570 1222,591 1128,591 1126,593 1126,594 1124,596 1124,597 971,597 970,597 970,591 970,590 967,590 966,591 966,592 964,594 964,595 962,597 933,597 932,598 830,598 829,598 829,573 824,567 804,567 803,567 803,557 803,556 802,555 792,555 791,556 789,556 788,557 787,557 784,560 784,596 602,596 601,596 601,594 600,592 599,592 597,594 567,594 566,595 564,595 563,596 562,596 557,601 556,601 553,604 553,605 551,607 551,608 548,611 548,612 547,613 547,615 546,616 546,618 545,619 545,630 546,631 546,635 547,636 547,637 551,641 551,642 553,644 553,645 557,648 558,648 559,649 560,649 561,650 562,650 563,651 564,651 565,652 566,652 567,653 577,653 577,654 577,691 579,692 581,692 582,693 600,693 601,692 607,692 608,691 608,655 609,654 792,654 793,655 795,655 796,654 954,654 956,656 1120,656 1121,657 1169,657 1169,658 1169,694 1171,695 1172,695 1173,696 1175,696 1176,697 1184,697"/>
        <Word id="w36612">
          <Coords points="610,539 746,539 746,697 610,697"/>
          <Glyph id="w36612g0">
            <Coords points="610,539 637,539 637,697 610,697"/>
            <TextEquiv index="1" conf="1.0">
              <Unicode>q</Unicode>
            </TextEquiv>
          </Glyph>
          <Glyph id="w36612g1">
            <Coords points="664,539 678,539 678,697 664,697"/>
            <TextEquiv index="1" conf="0.9999997019767761">
              <Unicode>u</Unicode>
            </TextEquiv>
          </Glyph>
          <Glyph id="w36612g2">
            <Coords points="746,539 746,539 746,697 746,697"/>
            <TextEquiv index="1" conf="0.9999998807907104">
              <Unicode>e</Unicode>
            </TextEquiv>
          </Glyph>
          <TextEquiv index="1" conf="0.9999995827675221">
            <Unicode>que</Unicode>
          </TextEquiv>
        </Word>
        <Word id="w36613">
          <Coords points="828,539 1168,539 1168,697 828,697"/>
          <Glyph id="w36613g0">
            <Coords points="828,539 841,539 841,697 828,697"/>
            <TextEquiv index="1" conf="1.0">
              <Unicode>d</Unicode>
            </TextEquiv>
          </Glyph>
          <Glyph id="w36613g1">
            <Coords points="855,539 855,539 855,697 855,697"/>
            <TextEquiv index="1" conf="0.9997809678316116">
              <Unicode>’</Unicode>
            </TextEquiv>
          </Glyph>
          <Glyph id="w36613g2">
            <Coords points="882,539 896,539 896,697 882,697"/>
            <TextEquiv index="1" conf="0.9999987781047821">
              <Unicode>a</Unicode>
            </TextEquiv>
          </Glyph>
          <Glyph id="w36613g3">
            <Coords points="936,539 950,539 950,697 936,697"/>
            <TextEquiv index="1" conf="0.9999516904354095">
              <Unicode>u</Unicode>
            </TextEquiv>
          </Glyph>
          <Glyph id="w36613g4">
            <Coords points="1004,539 1004,539 1004,697 1004,697"/>
            <TextEquiv index="1" conf="0.9954906851053238">
              <Unicode>t</Unicode>
            </TextEquiv>
          </Glyph>
          <Glyph id="w36613g5">
            <Coords points="1045,539 1059,539 1059,697 1045,697"/>
            <TextEquiv index="1" conf="0.9999999403953552">
              <Unicode>a</Unicode>
            </TextEquiv>
          </Glyph>
          <Glyph id="w36613g6">
            <Coords points="1100,539 1100,539 1100,697 1100,697"/>
            <TextEquiv index="1" conf="0.9999999105930328">
              <Unicode>n</Unicode>
            </TextEquiv>
          </Glyph>
          <Glyph id="w36613g7">
            <Coords points="1168,539 1168,539 1168,697 1168,697"/>
            <TextEquiv index="1" conf="0.9999938905239105">
              <Unicode>t</Unicode>
            </TextEquiv>
          </Glyph>
          <TextEquiv index="1" conf="0.9952171147817643">
            <Unicode>d’autant</Unicode>
          </TextEquiv>
        </Word>
        <Word id="w36614">
          <Coords points="1222,539 1385,539 1385,697 1222,697"/>
          <Glyph id="w36614g0">
            <Coords points="1222,539 1236,539 1236,697 1222,697"/>
            <TextEquiv index="1" conf="0.9999998509883881">
              <Unicode>p</Unicode>
            </TextEquiv>
          </Glyph>
          <Glyph id="w36614g1">
            <Coords points="1276,539 1276,539 1276,697 1276,697"/>
            <TextEquiv index="1" conf="0.9999983608722687">
              <Unicode>l</Unicode>
            </TextEquiv>
          </Glyph>
          <Glyph id="w36614g2">
            <Coords points="1317,539 1317,539 1317,697 1317,697"/>
            <TextEquiv index="1" conf="0.9999967217445374">
              <Unicode>u</Unicode>
            </TextEquiv>
          </Glyph>
          <Glyph id="w36614g3">
            <Coords points="1385,539 1385,539 1385,697 1385,697"/>
            <TextEquiv index="1" conf="0.9999999701976776">
              <Unicode>s</Unicode>
            </TextEquiv>
          </Glyph>
          <TextEquiv index="1" conf="0.9999949038091289">
            <Unicode>plus</Unicode>
          </TextEquiv>
        </Word>
        <Word id="w36615">
          <Coords points="1453,539 1643,539 1643,697 1453,697"/>
          <Glyph id="w36615g0">
            <Coords points="1453,539 1467,539 1467,697 1453,697"/>
            <TextEquiv index="1" conf="1.0">
              <Unicode>q</Unicode>
            </TextEquiv>
          </Glyph>
          <Glyph id="w36615g1">
            <Coords points="1494,539 1507,539 1507,697 1494,697"/>
            <TextEquiv index="1" conf="1.0">
              <Unicode>u</Unicode>
            </TextEquiv>
          </Glyph>
          <Glyph id="w36615g2">
            <Coords points="1548,539 1548,539 1548,697 1548,697"/>
            <TextEquiv index="1" conf="0.9948087185621262">
              <Unicode>’</Unicode>
            </TextEquiv>
          </Glyph>
          <Glyph id="w36615g3">
            <Coords points="1575,539 1575,539 1575,697 1575,697"/>
            <TextEquiv index="1" conf="0.9999995529651642">
              <Unicode>i</Unicode>
            </TextEquiv>
          </Glyph>
          <Glyph id="w36615g4">
            <Coords points="1603,539 1616,539 1616,697 1603,697"/>
            <TextEquiv index="1" conf="0.9988113641738892">
              <Unicode>l</Unicode>
            </TextEquiv>
          </Glyph>
          <Glyph id="w36615g5">
            <Coords points="1643,539 1643,539 1643,697 1643,697"/>
            <TextEquiv index="1" conf="0.9999991655349731">
              <Unicode>s</Unicode>
            </TextEquiv>
          </Glyph>
          <TextEquiv index="1" conf="0.9936249799475794">
            <Unicode>qu’ils</Unicode>
          </TextEquiv>
        </Word>
        <Word id="w36616">
          <Coords points="1739,539 2106,539 2106,697 1739,697"/>
          <Glyph id="w36616g0">
            <Coords points="1739,539 1739,539 1739,697 1739,697"/>
            <TextEquiv index="1" conf="1.0">
              <Unicode>m</Unicode>
            </TextEquiv>
          </Glyph>
          <Glyph id="w36616g1">
            <Coords points="1807,539 1807,539 1807,697 1807,697"/>
            <TextEquiv index="1" conf="0.9999998211860657">
              <Unicode>e</Unicode>
            </TextEquiv>
          </Glyph>
          <Glyph id="w36616g2">
            <Coords points="1847,539 1861,539 1861,697 1847,697"/>
            <TextEquiv index="1" conf="0.9999912977218628">
              <Unicode>t</Unicode>
            </TextEquiv>
          </Glyph>
          <Glyph id="w36616g3">
            <Coords points="1902,539 1902,539 1902,697 1902,697"/>
            <TextEquiv index="1" conf="0.9999995231628418">
              <Unicode>t</Unicode>
            </TextEquiv>
          </Glyph>
          <Glyph id="w36616g4">
            <Coords points="1929,539 1943,539 1943,697 1929,697"/>
            <TextEquiv index="1" conf="0.9999997019767761">
              <Unicode>r</Unicode>
            </TextEquiv>
          </Glyph>
          <Glyph id="w36616g5">
            <Coords points="1983,539 1997,539 1997,697 1983,697"/>
            <TextEquiv index="1" conf="0.9999995529651642">
              <Unicode>o</Unicode>
            </TextEquiv>
          </Glyph>
          <Glyph id="w36616g6">
            <Coords points="2038,539 2051,539 2051,697 2038,697"/>
            <TextEquiv index="1" conf="0.9999921321868896">
              <Unicode>n</Unicode>
            </TextEquiv>
          </Glyph>
          <Glyph id="w36616g7">
            <Coords points="2106,539 2106,539 2106,697 2106,697"/>
            <TextEquiv index="1" conf="0.9999964535236359">
              <Unicode>t</Unicode>
            </TextEquiv>
          </Glyph>
          <TextEquiv index="1" conf="0.9999784828793534">
            <Unicode>mettront</Unicode>
          </TextEquiv>
        </Word>
        <Word id="w36617">
          <Coords points="2160,539 2255,539 2255,697 2160,697"/>
          <Glyph id="w36617g0">
            <Coords points="2160,539 2160,539 2160,697 2160,697"/>
            <TextEquiv index="1" conf="0.999998152256012">
              <Unicode>l</Unicode>
            </TextEquiv>
          </Glyph>
          <Glyph id="w36617g1">
            <Coords points="2201,539 2215,539 2215,697 2201,697"/>
            <TextEquiv index="1" conf="0.9999997317790985">
              <Unicode>e</Unicode>
            </TextEquiv>
          </Glyph>
          <Glyph id="w36617g2">
            <Coords points="2242,539 2255,539 2255,697 2242,697"/>
            <TextEquiv index="1" conf="0.9999361038208008">
              <Unicode>s</Unicode>
            </TextEquiv>
          </Glyph>
          <TextEquiv index="1" conf="0.9999339879916089">
            <Unicode>les</Unicode>
          </TextEquiv>
        </Word>
        <Word id="w36618">
          <Coords points="2310,539 2731,539 2731,697 2310,697"/>
          <Glyph id="w36618g0">
            <Coords points="2310,539 2323,539 2323,697 2310,697"/>
            <TextEquiv index="1" conf="1.0">
              <Unicode>p</Unicode>
            </TextEquiv>
          </Glyph>
          <Glyph id="w36618g1">
            <Coords points="2364,539 2364,539 2364,697 2364,697"/>
            <TextEquiv index="1" conf="0.9999999105930328">
              <Unicode>r</Unicode>
            </TextEquiv>
          </Glyph>
          <Glyph id="w36618g2">
            <Coords points="2418,539 2418,539 2418,697 2418,697"/>
            <TextEquiv index="1" conf="0.9999273717403412">
              <Unicode>e</Unicode>
            </TextEquiv>
          </Glyph>
          <Glyph id="w36618g3">
            <Coords points="2473,539 2473,539 2473,697 2473,697"/>
            <TextEquiv index="1" conf="0.999998539686203">
              <Unicode>c</Unicode>
            </TextEquiv>
          </Glyph>
          <Glyph id="w36618g4">
            <Coords points="2527,539 2527,539 2527,697 2527,697"/>
            <TextEquiv index="1" conf="0.9999993145465851">
              <Unicode>e</Unicode>
            </TextEquiv>
          </Glyph>
          <Glyph id="w36618g5">
            <Coords points="2568,539 2582,539 2582,697 2568,697"/>
            <TextEquiv index="1" conf="0.9999997317790985">
              <Unicode>p</Unicode>
            </TextEquiv>
          </Glyph>
          <Glyph id="w36618g6">
            <Coords points="2622,539 2636,539 2636,697 2622,697"/>
            <TextEquiv index="1" conf="0.9999811351299286">
              <Unicode>t</Unicode>
            </TextEquiv>
          </Glyph>
          <Glyph id="w36618g7">
            <Coords points="2677,539 2677,539 2677,697 2677,697"/>
            <TextEquiv index="1" conf="0.9999983310699463">
              <Unicode>e</Unicode>
            </TextEquiv>
          </Glyph>
          <Glyph id="w36618g8">
            <Coords points="2718,539 2731,539 2731,697 2718,697"/>
            <TextEquiv index="1" conf="0.9999963939189911">
              <Unicode>s</Unicode>
            </TextEquiv>
          </Glyph>
          <TextEquiv index="1" conf="0.9999007305669235">
            <Unicode>preceptes</Unicode>
          </TextEquiv>
        </Word>
        <Word id="w36619">
          <Coords points="2786,539 2786,539 2786,697 2786,697"/>
          <Glyph id="w36619g0">
            <Coords points="2786,539 2786,539 2786,697 2786,697"/>
            <TextEquiv index="1" conf="0.9999928772449493">
              <Unicode>à</Unicode>
            </TextEquiv>
          </Glyph>
          <TextEquiv index="1" conf="0.9999928772449493">
            <Unicode>à</Unicode>
          </TextEquiv>
        </Word>
        <Word id="w36620">
          <Coords points="2867,539 3343,539 3343,697 2867,697"/>
          <Glyph id="w36620g0">
            <Coords points="2867,539 2867,539 2867,697 2867,697"/>
            <TextEquiv index="1" conf="0.999995082616806">
              <Unicode>l</Unicode>
            </TextEquiv>
          </Glyph>
          <Glyph id="w36620g1">
            <Coords points="2881,539 2881,539 2881,697 2881,697"/>
            <TextEquiv index="1" conf="0.9997157007455826">
              <Unicode>’</Unicode>
            </TextEquiv>
          </Glyph>
          <Glyph id="w36620g2">
            <Coords points="2922,539 2922,539 2922,697 2922,697"/>
            <TextEquiv index="1" conf="0.999999612569809">
              <Unicode>e</Unicode>
            </TextEquiv>
          </Glyph>
          <Glyph id="w36620g3">
            <Coords points="2962,539 2962,539 2962,697 2962,697"/>
            <TextEquiv index="1" conf="0.9999977350234985">
              <Unicode>ſ</Unicode>
            </TextEquiv>
          </Glyph>
          <Glyph id="w36620g4">
            <Coords points="3003,539 3017,539 3017,697 3003,697"/>
            <TextEquiv index="1" conf="0.9999999701976776">
              <Unicode>p</Unicode>
            </TextEquiv>
          </Glyph>
          <Glyph id="w36620g5">
            <Coords points="3071,539 3071,539 3071,697 3071,697"/>
            <TextEquiv index="1" conf="0.9999995231628418">
              <Unicode>r</Unicode>
            </TextEquiv>
          </Glyph>
          <Glyph id="w36620g6">
            <Coords points="3112,539 3112,539 3112,697 3112,697"/>
            <TextEquiv index="1" conf="0.9999985694885254">
              <Unicode>e</Unicode>
            </TextEquiv>
          </Glyph>
          <Glyph id="w36620g7">
            <Coords points="3166,539 3166,539 3166,697 3166,697"/>
            <TextEquiv index="1" conf="0.9999996721744537">
              <Unicode>u</Unicode>
            </TextEquiv>
          </Glyph>
          <Glyph id="w36620g8">
            <Coords points="3234,539 3234,539 3234,697 3234,697"/>
            <TextEquiv index="1" conf="0.9999996423721313">
              <Unicode>v</Unicode>
            </TextEquiv>
          </Glyph>
          <Glyph id="w36620g9">
            <Coords points="3289,539 3289,539 3289,697 3289,697"/>
            <TextEquiv index="1" conf="0.9999987185001373">
              <Unicode>e</Unicode>
            </TextEquiv>
          </Glyph>
          <Glyph id="w36620g10">
            <Coords points="3343,539 3343,539 3343,697 3343,697"/>
            <TextEquiv index="1" conf="0.9999946355819702">
              <Unicode>,</Unicode>
            </TextEquiv>
          </Glyph>
          <TextEquiv index="1" conf="0.9996988673310906">
            <Unicode>l’eſpreuve,</Unicode>
          </TextEquiv>
        </Word>
        <Word id="w36621">
          <Coords points="3452,539 3792,539 3792,697 3452,697"/>
          <Glyph id="w36621g0">
            <Coords points="3452,539 3465,539 3465,697 3452,697"/>
            <TextEquiv index="1" conf="1.0">
              <Unicode>d</Unicode>
            </TextEquiv>
          </Glyph>
          <Glyph id="w36621g1">
            <Coords points="3479,539 3479,539 3479,697 3479,697"/>
            <TextEquiv index="1" conf="0.9998418986797333">
              <Unicode>’</Unicode>
            </TextEquiv>
          </Glyph>
          <Glyph id="w36621g2">
            <Coords points="3506,539 3520,539 3520,697 3506,697"/>
            <TextEquiv index="1" conf="0.9999993443489075">
              <Unicode>a</Unicode>
            </TextEquiv>
          </Glyph>
          <Glyph id="w36621g3">
            <Coords points="3561,539 3561,539 3561,697 3561,697"/>
            <TextEquiv index="1" conf="0.9999997913837433">
              <Unicode>u</Unicode>
            </TextEquiv>
          </Glyph>
          <Glyph id="w36621g4">
            <Coords points="3629,539 3629,539 3629,697 3629,697"/>
            <TextEquiv index="1" conf="0.9999994933605194">
              <Unicode>t</Unicode>
            </TextEquiv>
          </Glyph>
          <Glyph id="w36621g5">
            <Coords points="3669,539 3683,539 3683,697 3669,697"/>
            <TextEquiv index="1" conf="1.0">
              <Unicode>a</Unicode>
            </TextEquiv>
          </Glyph>
          <Glyph id="w36621g6">
            <Coords points="3724,539 3724,539 3724,697 3724,697"/>
            <TextEquiv index="1" conf="0.9999999105930328">
              <Unicode>n</Unicode>
            </TextEquiv>
          </Glyph>
          <Glyph id="w36621g7">
            <Coords points="3792,539 3792,539 3792,697 3792,697"/>
            <TextEquiv index="1" conf="0.9999949336051941">
              <Unicode>t</Unicode>
            </TextEquiv>
          </Glyph>
          <TextEquiv index="1" conf="0.999835373011106">
            <Unicode>d’autant</Unicode>
          </TextEquiv>
        </Word>
        <Word id="w36622">
          <Coords points="3860,539 4023,539 4023,697 3860,697"/>
          <Glyph id="w36622g0">
            <Coords points="3860,539 3873,539 3873,697 3860,697"/>
            <TextEquiv index="1" conf="1.0">
              <Unicode>p</Unicode>
            </TextEquiv>
          </Glyph>
          <Glyph id="w36622g1">
            <Coords points="3914,539 3914,539 3914,697 3914,697"/>
            <TextEquiv index="1" conf="0.9999971985816956">
              <Unicode>l</Unicode>
            </TextEquiv>
          </Glyph>
          <Glyph id="w36622g2">
            <Coords points="3955,539 3955,539 3955,697 3955,697"/>
            <TextEquiv index="1" conf="0.9999956786632538">
              <Unicode>u</Unicode>
            </TextEquiv>
          </Glyph>
          <Glyph id="w36622g3">
            <Coords points="4023,539 4023,539 4023,697 4023,697"/>
            <TextEquiv index="1" conf="0.9999999105930328">
              <Unicode>s</Unicode>
            </TextEquiv>
          </Glyph>
          <TextEquiv index="1" conf="0.9999927878507249">
            <Unicode>plus</Unicode>
          </TextEquiv>
        </Word>
        <Word id="w36623">
          <Coords points="4105,539 4118,539 4118,697 4105,697"/>
          <Glyph id="w36623g0">
            <Coords points="4105,539 4118,539 4118,697 4105,697"/>
            <TextEquiv index="1" conf="0.9999999701976776">
              <Unicode>y</Unicode>
            </TextEquiv>
          </Glyph>
          <TextEquiv index="1" conf="0.9999999701976776">
            <Unicode>y</Unicode>
          </TextEquiv>
        </Word>
        <Word id="w36624">
          <Coords points="4186,539 4689,539 4689,697 4186,697"/>
          <Glyph id="w36624g0">
            <Coords points="4186,539 4200,539 4200,697 4186,697"/>
            <TextEquiv index="1" conf="0.9999809265136719">
              <Unicode>t</Unicode>
            </TextEquiv>
          </Glyph>
          <Glyph id="w36624g1">
            <Coords points="4227,539 4240,539 4240,697 4227,697"/>
            <TextEquiv index="1" conf="0.9999992847442627">
              <Unicode>r</Unicode>
            </TextEquiv>
          </Glyph>
          <Glyph id="w36624g2">
            <Coords points="4281,539 4295,539 4295,697 4281,697"/>
            <TextEquiv index="1" conf="0.9999983608722687">
              <Unicode>o</Unicode>
            </TextEquiv>
          </Glyph>
          <Glyph id="w36624g3">
            <Coords points="4336,539 4349,539 4349,697 4336,697"/>
            <TextEquiv index="1" conf="0.9999979734420776">
              <Unicode>u</Unicode>
            </TextEquiv>
          </Glyph>
          <Glyph id="w36624g4">
            <Coords points="4404,539 4417,539 4417,697 4404,697"/>
            <TextEquiv index="1" conf="0.9999994039535522">
              <Unicode>v</Unicode>
            </TextEquiv>
          </Glyph>
          <Glyph id="w36624g5">
            <Coords points="4458,539 4472,539 4472,697 4458,697"/>
            <TextEquiv index="1" conf="0.9999867975711823">
              <Unicode>e</Unicode>
            </TextEquiv>
          </Glyph>
          <Glyph id="w36624g6">
            <Coords points="4512,539 4512,539 4512,697 4512,697"/>
            <TextEquiv index="1" conf="0.9999993443489075">
              <Unicode>r</Unicode>
            </TextEquiv>
          </Glyph>
          <Glyph id="w36624g7">
            <Coords points="4553,539 4567,539 4567,697 4553,697"/>
            <TextEquiv index="1" conf="0.999999612569809">
              <Unicode>o</Unicode>
            </TextEquiv>
          </Glyph>
          <Glyph id="w36624g8">
            <Coords points="4621,539 4621,539 4621,697 4621,697"/>
            <TextEquiv index="1" conf="0.9999999403953552">
              <Unicode>n</Unicode>
            </TextEquiv>
          </Glyph>
          <Glyph id="w36624g9">
            <Coords points="4689,539 4689,539 4689,697 4689,697"/>
            <TextEquiv index="1" conf="0.9999855160713196">
              <Unicode>t</Unicode>
            </TextEquiv>
          </Glyph>
          <TextEquiv index="1" conf="0.9999471615003402">
            <Unicode>trouveront</Unicode>
          </TextEquiv>
        </Word>
        <Word id="w36625">
          <Coords points="4757,539 4825,539 4825,697 4757,697"/>
          <Glyph id="w36625g0">
            <Coords points="4757,539 4757,539 4757,697 4757,697"/>
            <TextEquiv index="1" conf="0.9999933242797852">
              <Unicode>i</Unicode>
            </TextEquiv>
          </Glyph>
          <Glyph id="w36625g1">
            <Coords points="4784,539 4784,539 4784,697 4784,697"/>
            <TextEquiv index="1" conf="0.999999612569809">
              <Unicode>l</Unicode>
            </TextEquiv>
          </Glyph>
          <Glyph id="w36625g2">
            <Coords points="4825,539 4825,539 4825,697 4825,697"/>
            <TextEquiv index="1" conf="1.0">
              <Unicode>s</Unicode>
            </TextEquiv>
          </Glyph>
          <TextEquiv index="1" conf="0.9999929368521805">
            <Unicode>ils</Unicode>
          </TextEquiv>
        </Word>
        <Word id="w36626">
          <Coords points="4920,539 4975,539 4975,697 4920,697"/>
          <Glyph id="w36626g0">
            <Coords points="4920,539 4920,539 4920,697 4920,697"/>
            <TextEquiv index="1" conf="1.0">
              <Unicode>d</Unicode>
            </TextEquiv>
          </Glyph>
          <Glyph id="w36626g1">
            <Coords points="4975,539 4975,539 4975,697 4975,697"/>
            <TextEquiv index="1" conf="0.9999984800815582">
              <Unicode>e</Unicode>
            </TextEquiv>
          </Glyph>
          <TextEquiv index="1" conf="0.9999984800815582">
            <Unicode>de</Unicode>
          </TextEquiv>
        </Word>
        <TextEquiv conf="0.9998631064829073" index="1">
          <Unicode>que d’autant plus qu’ils mettront les preceptes à l’eſpreuve, d’autant plus y trouveront ils de</Unicode>
        </TextEquiv>
      </TextLine>
      <TextLine id="r3_l003">
        <Coords points="564,836 565,835 571,835 572,834 572,815 573,814 1648,814 1648,815 1648,826 1650,827 1651,827 1652,828 1661,828 1662,827 1676,827 1677,826 1677,824 1678,823 2211,823 2213,821 2213,797 2214,796 3380,796 3380,797 3380,816 3384,819 3385,819 3386,820 3961,820 3962,821 3966,821 3967,820 3973,820 3974,819 4882,819 4883,818 4894,818 4894,777 4895,776 4905,776 4906,775 4909,775 4919,765 4919,764 4920,763 4920,759 4921,758 4921,756 4922,755 4958,755 4959,754 4959,753 4960,752 4960,750 4959,749 4959,748 4958,747 4958,746 4957,744 4956,744 4955,743 4923,743 4922,743 4922,742 4921,741 4921,739 4920,738 4920,734 4919,733 4919,732 4918,731 4918,730 4916,728 4916,727 4915,726 4915,725 4915,724 4914,724 4913,723 4912,723 4911,722 4909,722 4907,720 4906,720 4905,719 4836,719 4835,718 4807,718 4806,718 4806,698 4801,692 4799,692 4798,691 4775,691 4774,691 4774,681 4773,679 4768,679 4767,680 4766,680 4765,681 4208,681 4207,682 2673,682 2671,680 2668,680 2667,679 2656,679 2655,680 2654,680 2653,681 2651,681 2650,682 2649,682 2646,685 2645,685 2643,687 2547,687 2546,688 2545,688 2544,689 1831,689 1830,690 1825,690 1824,691 1818,691 1817,692 1571,692 1570,693 1566,693 1565,694 1562,694 1561,695 736,695 735,696 731,696 730,697 729,697 717,709 717,710 716,711 716,714 715,715 715,718 714,719 714,723 713,724 713,726 712,727 712,735 559,735 557,737 556,737 555,738 553,738 552,739 549,739 544,744 544,831 543,832 543,834 545,835 547,835 548,836 564,836"/>
        <Word id="w36627">
          <Coords points="598,679 1097,679 1097,836 598,836"/>
          <Glyph id="w36627g0">
            <Coords points="598,679 626,679 626,836 598,836"/>
            <TextEquiv index="1" conf="1.0">
              <Unicode>p</Unicode>
            </TextEquiv>
          </Glyph>
          <Glyph id="w36627g1">
            <Coords points="669,679 683,679 683,836 669,836"/>
            <TextEquiv index="1" conf="0.9999984204769135">
              <Unicode>e</Unicode>
            </TextEquiv>
          </Glyph>
          <Glyph id="w36627g2">
            <Coords points="712,679 726,679 726,836 712,836"/>
            <TextEquiv index="1" conf="0.9999837577342987">
              <Unicode>r</Unicode>
            </TextEquiv>
          </Glyph>
          <Glyph id="w36627g3">
            <Coords points="755,679 769,679 769,836 755,836"/>
            <TextEquiv index="1" conf="0.9999937117099762">
              <Unicode>f</Unicode>
            </TextEquiv>
          </Glyph>
          <Glyph id="w36627g4">
            <Coords points="812,679 812,679 812,836 812,836"/>
            <TextEquiv index="1" conf="0.9999845325946808">
              <Unicode>e</Unicode>
            </TextEquiv>
          </Glyph>
          <Glyph id="w36627g5">
            <Coords points="911,679 911,679 911,836 911,836"/>
            <TextEquiv index="1" conf="0.8769820630550385">
              <Unicode></Unicode>
            </TextEquiv>
          </Glyph>
          <Glyph id="w36627g6">
            <Coords points="940,679 940,679 940,836 940,836"/>
            <TextEquiv index="1" conf="0.9997585117816925">
              <Unicode>i</Unicode>
            </TextEquiv>
          </Glyph>
          <Glyph id="w36627g7">
            <Coords points="983,679 997,679 997,836 983,836"/>
            <TextEquiv index="1" conf="0.9999084323644638">
              <Unicode>o</Unicode>
            </TextEquiv>
          </Glyph>
          <Glyph id="w36627g8">
            <Coords points="1040,679 1040,679 1040,836 1040,836"/>
            <TextEquiv index="1" conf="0.9999991953372955">
              <Unicode>n</Unicode>
            </TextEquiv>
          </Glyph>
          <Glyph id="w36627g9">
            <Coords points="1097,679 1097,679 1097,836 1097,836"/>
            <TextEquiv index="1" conf="0.9999761581420898">
              <Unicode>.</Unicode>
            </TextEquiv>
          </Glyph>
          <TextEquiv index="1" conf="0.8766336952145192">
            <Unicode>perfeion.</Unicode>
          </TextEquiv>
        </Word>
        <Word id="w36628">
          <Coords points="1296,679 1396,679 1396,836 1296,836"/>
          <Glyph id="w36628g0">
            <Coords points="1296,679 1296,679 1296,836 1296,836"/>
            <TextEquiv index="1" conf="0.9999969303607941">
              <Unicode>C</Unicode>
            </TextEquiv>
          </Glyph>
          <Glyph id="w36628g1">
            <Coords points="1339,679 1339,679 1339,836 1339,836"/>
            <TextEquiv index="1" conf="1.0">
              <Unicode>a</Unicode>
            </TextEquiv>
          </Glyph>
          <Glyph id="w36628g2">
            <Coords points="1396,679 1396,679 1396,836 1396,836"/>
            <TextEquiv index="1" conf="0.9999915957450867">
              <Unicode>r</Unicode>
            </TextEquiv>
          </Glyph>
          <TextEquiv index="1" conf="0.9999885261316788">
            <Unicode>Car</Unicode>
          </TextEquiv>
        </Word>
        <Word id="w36629">
          <Coords points="1439,679 1624,679 1624,836 1439,836"/>
          <Glyph id="w36629g0">
            <Coords points="1439,679 1453,679 1453,836 1439,836"/>
            <TextEquiv index="1" conf="0.9999996423721313">
              <Unicode>a</Unicode>
            </TextEquiv>
          </Glyph>
          <Glyph id="w36629g1">
            <Coords points="1496,679 1496,679 1496,836 1496,836"/>
            <TextEquiv index="1" conf="0.9999997615814209">
              <Unicode>i</Unicode>
            </TextEquiv>
          </Glyph>
          <Glyph id="w36629g2">
            <Coords points="1524,679 1538,679 1538,836 1524,836"/>
            <TextEquiv index="1" conf="0.9999999105930328">
              <Unicode>n</Unicode>
            </TextEquiv>
          </Glyph>
          <Glyph id="w36629g3">
            <Coords points="1581,679 1595,679 1595,836 1581,836"/>
            <TextEquiv index="1" conf="0.9984598010778427">
              <Unicode>ſ</Unicode>
            </TextEquiv>
          </Glyph>
          <Glyph id="w36629g4">
            <Coords points="1624,679 1624,679 1624,836 1624,836"/>
            <TextEquiv index="1" conf="0.9998889565467834">
              <Unicode>i</Unicode>
            </TextEquiv>
          </Glyph>
          <TextEquiv index="1" conf="0.998348244332089">
            <Unicode>ainſi</Unicode>
          </TextEquiv>
        </Word>
        <Word id="w36630">
          <Coords points="1681,679 1809,679 1809,836 1681,836"/>
          <Glyph id="w36630g0">
            <Coords points="1681,679 1709,679 1709,836 1681,836"/>
            <TextEquiv index="1" conf="1.0">
              <Unicode>q</Unicode>
            </TextEquiv>
          </Glyph>
          <Glyph id="w36630g1">
            <Coords points="1738,679 1752,679 1752,836 1738,836"/>
            <TextEquiv index="1" conf="1.0">
              <Unicode>u</Unicode>
            </TextEquiv>
          </Glyph>
          <Glyph id="w36630g2">
            <Coords points="1809,679 1809,679 1809,836 1809,836"/>
            <TextEquiv index="1" conf="0.9999999105930328">
              <Unicode>e</Unicode>
            </TextEquiv>
          </Glyph>
          <TextEquiv index="1" conf="0.9999999105930328">
            <Unicode>que</Unicode>
          </TextEquiv>
        </Word>
        <Word id="w36631">
          <Coords points="1866,679 1980,679 1980,836 1866,836"/>
          <Glyph id="w36631g0">
            <Coords points="1866,679 1866,679 1866,836 1866,836"/>
            <TextEquiv index="1" conf="0.9999878406524658">
              <Unicode>l</Unicode>
            </TextEquiv>
          </Glyph>
          <Glyph id="w36631g1">
            <Coords points="1880,679 1895,679 1895,836 1880,836"/>
            <TextEquiv index="1" conf="0.9971679300069809">
              <Unicode>’</Unicode>
            </TextEquiv>
          </Glyph>
          <Glyph id="w36631g2">
            <Coords points="1923,679 1937,679 1937,836 1923,836"/>
            <TextEquiv index="1" conf="0.9999585449695587">
              <Unicode>o</Unicode>
            </TextEquiv>
          </Glyph>
          <Glyph id="w36631g3">
            <Coords points="1980,679 1980,679 1980,836 1980,836"/>
            <TextEquiv index="1" conf="0.9999988973140717">
              <Unicode>r</Unicode>
            </TextEquiv>
          </Glyph>
          <TextEquiv index="1" conf="0.9971133684672223">
            <Unicode>l’or</Unicode>
          </TextEquiv>
        </Word>
        <Word id="w36632">
          <Coords points="2051,679 2294,679 2294,836 2051,836"/>
          <Glyph id="w36632g0">
            <Coords points="2051,679 2051,679 2051,836 2051,836"/>
            <TextEquiv index="1" conf="0.9999977946281433">
              <Unicode>e</Unicode>
            </TextEquiv>
          </Glyph>
          <Glyph id="w36632g1">
            <Coords points="2094,679 2094,679 2094,836 2094,836"/>
            <TextEquiv index="1" conf="0.9999783337116241">
              <Unicode>ſ</Unicode>
            </TextEquiv>
          </Glyph>
          <Glyph id="w36632g2">
            <Coords points="2123,679 2137,679 2137,836 2123,836"/>
            <TextEquiv index="1" conf="0.9988767206668854">
              <Unicode>t</Unicode>
            </TextEquiv>
          </Glyph>
          <Glyph id="w36632g3">
            <Coords points="2165,679 2180,679 2180,836 2165,836"/>
            <TextEquiv index="1" conf="0.9999996423721313">
              <Unicode>a</Unicode>
            </TextEquiv>
          </Glyph>
          <Glyph id="w36632g4">
            <Coords points="2222,679 2222,679 2222,836 2222,836"/>
            <TextEquiv index="1" conf="0.9999991357326508">
              <Unicode>n</Unicode>
            </TextEquiv>
          </Glyph>
          <Glyph id="w36632g5">
            <Coords points="2279,679 2294,679 2294,836 2279,836"/>
            <TextEquiv index="1" conf="0.999996155500412">
              <Unicode>t</Unicode>
            </TextEquiv>
          </Glyph>
          <TextEquiv index="1" conf="0.9988478152909027">
            <Unicode>eſtant</Unicode>
          </TextEquiv>
        </Word>
        <Word id="w36633">
          <Coords points="2379,679 2479,679 2479,836 2379,836"/>
          <Glyph id="w36633g0">
            <Coords points="2379,679 2379,679 2379,836 2379,836"/>
            <TextEquiv index="1" conf="1.0">
              <Unicode>m</Unicode>
            </TextEquiv>
          </Glyph>
          <Glyph id="w36633g1">
            <Coords points="2436,679 2436,679 2436,836 2436,836"/>
            <TextEquiv index="1" conf="0.9999983012676239">
              <Unicode>i</Unicode>
            </TextEquiv>
          </Glyph>
          <Glyph id="w36633g2">
            <Coords points="2465,679 2479,679 2479,836 2465,836"/>
            <TextEquiv index="1" conf="0.999970555305481">
              <Unicode>s</Unicode>
            </TextEquiv>
          </Glyph>
          <TextEquiv index="1" conf="0.9999688566231235">
            <Unicode>mis</Unicode>
          </TextEquiv>
        </Word>
        <Word id="w36634">
          <Coords points="2522,679 2522,679 2522,836 2522,836"/>
          <Glyph id="w36634g0">
            <Coords points="2522,679 2522,679 2522,836 2522,836"/>
            <TextEquiv index="1" conf="0.99938003718853">
              <Unicode>à</Unicode>
            </TextEquiv>
          </Glyph>
          <TextEquiv index="1" conf="0.99938003718853">
            <Unicode>à</Unicode>
          </TextEquiv>
        </Word>
        <Word id="w36635">
          <Coords points="2579,679 2621,679 2621,836 2579,836"/>
          <Glyph id="w36635g0">
            <Coords points="2579,679 2579,679 2579,836 2579,836"/>
            <TextEquiv index="1" conf="0.9999811947345734">
              <Unicode>l</Unicode>
            </TextEquiv>
          </Glyph>
          <Glyph id="w36635g1">
            <Coords points="2607,679 2621,679 2621,836 2607,836"/>
            <TextEquiv index="1" conf="0.9999976754188538">
              <Unicode>a</Unicode>
            </TextEquiv>
          </Glyph>
          <TextEquiv index="1" conf="0.9999788701971415">
            <Unicode>la</Unicode>
          </TextEquiv>
        </Word>
        <Word id="w36636">
          <Coords points="2678,679 3120,679 3120,836 2678,836"/>
          <Glyph id="w36636g0">
            <Coords points="2678,679 2678,679 2678,836 2678,836"/>
            <TextEquiv index="1" conf="0.9999784231185913">
              <Unicode>f</Unicode>
            </TextEquiv>
          </Glyph>
          <Glyph id="w36636g1">
            <Coords points="2721,679 2735,679 2735,836 2721,836"/>
            <TextEquiv index="1" conf="0.999992311000824">
              <Unicode>o</Unicode>
            </TextEquiv>
          </Glyph>
          <Glyph id="w36636g2">
            <Coords points="2778,679 2792,679 2792,836 2778,836"/>
            <TextEquiv index="1" conf="0.999990850687027">
              <Unicode>u</Unicode>
            </TextEquiv>
          </Glyph>
          <Glyph id="w36636g3">
            <Coords points="2835,679 2849,679 2849,836 2835,836"/>
            <TextEquiv index="1" conf="0.9999982714653015">
              <Unicode>r</Unicode>
            </TextEquiv>
          </Glyph>
          <Glyph id="w36636g4">
            <Coords points="2892,679 2892,679 2892,836 2892,836"/>
            <TextEquiv index="1" conf="0.9999979138374329">
              <Unicode>n</Unicode>
            </TextEquiv>
          </Glyph>
          <Glyph id="w36636g5">
            <Coords points="2949,679 2963,679 2963,836 2949,836"/>
            <TextEquiv index="1" conf="1.0">
              <Unicode>a</Unicode>
            </TextEquiv>
          </Glyph>
          <Glyph id="w36636g6">
            <Coords points="2992,679 2992,679 2992,836 2992,836"/>
            <TextEquiv index="1" conf="0.999857559800148">
              <Unicode>i</Unicode>
            </TextEquiv>
          </Glyph>
          <Glyph id="w36636g7">
            <Coords points="3035,679 3035,679 3035,836 3035,836"/>
            <TextEquiv index="1" conf="0.999996542930603">
              <Unicode>ſ</Unicode>
            </TextEquiv>
          </Glyph>
          <Glyph id="w36636g8">
            <Coords points="3077,679 3077,679 3077,836 3077,836"/>
            <TextEquiv index="1" conf="0.9999975562095642">
              <Unicode>e</Unicode>
            </TextEquiv>
          </Glyph>
          <Glyph id="w36636g9">
            <Coords points="3120,679 3120,679 3120,836 3120,836"/>
            <TextEquiv index="1" conf="0.9999933242797852">
              <Unicode>,</Unicode>
            </TextEquiv>
          </Glyph>
          <TextEquiv index="1" conf="0.9998027622985075">
            <Unicode>fournaiſe,</Unicode>
          </TextEquiv>
        </Word>
        <Word id="w36637">
          <Coords points="3206,679 3248,679 3248,836 3206,836"/>
          <Glyph id="w36637g0">
            <Coords points="3206,679 3206,679 3206,836 3206,836"/>
            <TextEquiv index="1" conf="0.9999994337558746">
              <Unicode>e</Unicode>
            </TextEquiv>
          </Glyph>
          <Glyph id="w36637g1">
            <Coords points="3248,679 3248,679 3248,836 3248,836"/>
            <TextEquiv index="1" conf="0.9999998509883881">
              <Unicode>n</Unicode>
            </TextEquiv>
          </Glyph>
          <TextEquiv index="1" conf="0.9999992847443471">
            <Unicode>en</Unicode>
          </TextEquiv>
        </Word>
        <Word id="w36638">
          <Coords points="3320,679 3576,679 3576,836 3320,836"/>
          <Glyph id="w36638g0">
            <Coords points="3320,679 3334,679 3334,836 3320,836"/>
            <TextEquiv index="1" conf="0.9999974071979523">
              <Unicode>r</Unicode>
            </TextEquiv>
          </Glyph>
          <Glyph id="w36638g1">
            <Coords points="3377,679 3377,679 3377,836 3377,836"/>
            <TextEquiv index="1" conf="0.9999812245368958">
              <Unicode>e</Unicode>
            </TextEquiv>
          </Glyph>
          <Glyph id="w36638g2">
            <Coords points="3434,679 3434,679 3434,836 3434,836"/>
            <TextEquiv index="1" conf="0.9999992251396179">
              <Unicode>ç</Unicode>
            </TextEquiv>
          </Glyph>
          <Glyph id="w36638g3">
            <Coords points="3491,679 3491,679 3491,836 3491,836"/>
            <TextEquiv index="1" conf="0.9999996721744537">
              <Unicode>o</Unicode>
            </TextEquiv>
          </Glyph>
          <Glyph id="w36638g4">
            <Coords points="3533,679 3533,679 3533,836 3533,836"/>
            <TextEquiv index="1" conf="0.999993622303009">
              <Unicode>i</Unicode>
            </TextEquiv>
          </Glyph>
          <Glyph id="w36638g5">
            <Coords points="3576,679 3576,679 3576,836 3576,836"/>
            <TextEquiv index="1" conf="0.9999942779541016">
              <Unicode>t</Unicode>
            </TextEquiv>
          </Glyph>
          <TextEquiv index="1" conf="0.9999654296869124">
            <Unicode>reçoit</Unicode>
          </TextEquiv>
        </Word>
        <Word id="w36639">
          <Coords points="3633,679 3704,679 3704,836 3633,836"/>
          <Glyph id="w36639g0">
            <Coords points="3633,679 3633,679 3633,836 3633,836"/>
            <TextEquiv index="1" conf="0.999999463558197">
              <Unicode>u</Unicode>
            </TextEquiv>
          </Glyph>
          <Glyph id="w36639g1">
            <Coords points="3690,679 3704,679 3704,836 3690,836"/>
            <TextEquiv index="1" conf="0.9999997615814209">
              <Unicode>n</Unicode>
            </TextEquiv>
          </Glyph>
          <TextEquiv index="1" conf="0.9999992251397458">
            <Unicode>un</Unicode>
          </TextEquiv>
        </Word>
        <Word id="w36640">
          <Coords points="3776,679 3947,679 3947,836 3776,836"/>
          <Glyph id="w36640g0">
            <Coords points="3776,679 3804,679 3804,836 3776,836"/>
            <TextEquiv index="1" conf="1.0">
              <Unicode>p</Unicode>
            </TextEquiv>
          </Glyph>
          <Glyph id="w36640g1">
            <Coords points="3833,679 3847,679 3847,836 3833,836"/>
            <TextEquiv index="1" conf="0.9999973475933075">
              <Unicode>l</Unicode>
            </TextEquiv>
          </Glyph>
          <Glyph id="w36640g2">
            <Coords points="3875,679 3875,679 3875,836 3875,836"/>
            <TextEquiv index="1" conf="0.9999986290931702">
              <Unicode>u</Unicode>
            </TextEquiv>
          </Glyph>
          <Glyph id="w36640g3">
            <Coords points="3932,679 3947,679 3947,836 3932,836"/>
            <TextEquiv index="1" conf="0.9999940991401672">
              <Unicode>s</Unicode>
            </TextEquiv>
          </Glyph>
          <TextEquiv index="1" conf="0.9999900758540221">
            <Unicode>plus</Unicode>
          </TextEquiv>
        </Word>
        <Word id="w36641">
          <Coords points="4004,679 4246,679 4246,836 4004,836"/>
          <Glyph id="w36641g0">
            <Coords points="4004,679 4018,679 4018,836 4004,836"/>
            <TextEquiv index="1" conf="1.0">
              <Unicode>g</Unicode>
            </TextEquiv>
          </Glyph>
          <Glyph id="w36641g1">
            <Coords points="4046,679 4061,679 4061,836 4046,836"/>
            <TextEquiv index="1" conf="0.9999911189079285">
              <Unicode>r</Unicode>
            </TextEquiv>
          </Glyph>
          <Glyph id="w36641g2">
            <Coords points="4089,679 4103,679 4103,836 4089,836"/>
            <TextEquiv index="1" conf="0.9999998211860657">
              <Unicode>a</Unicode>
            </TextEquiv>
          </Glyph>
          <Glyph id="w36641g3">
            <Coords points="4146,679 4160,679 4160,836 4146,836"/>
            <TextEquiv index="1" conf="0.9999997913837433">
              <Unicode>n</Unicode>
            </TextEquiv>
          </Glyph>
          <Glyph id="w36641g4">
            <Coords points="4232,679 4246,679 4246,836 4232,836"/>
            <TextEquiv index="1" conf="0.9999974370002747">
              <Unicode>d</Unicode>
            </TextEquiv>
          </Glyph>
          <TextEquiv index="1" conf="0.9999881685052454">
            <Unicode>grand</Unicode>
          </TextEquiv>
        </Word>
        <Word id="w36642">
          <Coords points="4289,679 4559,679 4559,836 4289,836"/>
          <Glyph id="w36642g0">
            <Coords points="4289,679 4289,679 4289,836 4289,836"/>
            <TextEquiv index="1" conf="0.9999915361404419">
              <Unicode>l</Unicode>
            </TextEquiv>
          </Glyph>
          <Glyph id="w36642g1">
            <Coords points="4331,679 4331,679 4331,836 4331,836"/>
            <TextEquiv index="1" conf="0.9999997615814209">
              <Unicode>u</Unicode>
            </TextEquiv>
          </Glyph>
          <Glyph id="w36642g2">
            <Coords points="4388,679 4388,679 4388,836 4388,836"/>
            <TextEquiv index="1" conf="0.9999957084655762">
              <Unicode>ſ</Unicode>
            </TextEquiv>
          </Glyph>
          <Glyph id="w36642g3">
            <Coords points="4431,679 4431,679 4431,836 4431,836"/>
            <TextEquiv index="1" conf="0.999924972653389">
              <Unicode>t</Unicode>
            </TextEquiv>
          </Glyph>
          <Glyph id="w36642g4">
            <Coords points="4474,679 4474,679 4474,836 4474,836"/>
            <TextEquiv index="1" conf="0.9999999105930328">
              <Unicode>r</Unicode>
            </TextEquiv>
          </Glyph>
          <Glyph id="w36642g5">
            <Coords points="4517,679 4531,679 4531,836 4517,836"/>
            <TextEquiv index="1" conf="0.9999968707561493">
              <Unicode>e</Unicode>
            </TextEquiv>
          </Glyph>
          <Glyph id="w36642g6">
            <Coords points="4559,679 4559,679 4559,836 4559,836"/>
            <TextEquiv index="1" conf="0.999998539686203">
              <Unicode>,</Unicode>
            </TextEquiv>
          </Glyph>
          <TextEquiv index="1" conf="0.9999073013072881">
            <Unicode>luſtre,</Unicode>
          </TextEquiv>
        </Word>
        <Word id="w36643">
          <Coords points="4616,679 4745,679 4745,836 4616,836"/>
          <Glyph id="w36643g0">
            <Coords points="4616,679 4645,679 4645,836 4616,836"/>
            <TextEquiv index="1" conf="1.0">
              <Unicode>p</Unicode>
            </TextEquiv>
          </Glyph>
          <Glyph id="w36643g1">
            <Coords points="4688,679 4688,679 4688,836 4688,836"/>
            <TextEquiv index="1" conf="1.0">
              <Unicode>a</Unicode>
            </TextEquiv>
          </Glyph>
          <Glyph id="w36643g2">
            <Coords points="4730,679 4745,679 4745,836 4730,836"/>
            <TextEquiv index="1" conf="0.999998927116394">
              <Unicode>r</Unicode>
            </TextEquiv>
          </Glyph>
          <TextEquiv index="1" conf="0.999998927116394">
            <Unicode>par</Unicode>
          </TextEquiv>
        </Word>
        <Word id="w36644">
          <Coords points="4802,679 4987,679 4987,836 4802,836"/>
          <Glyph id="w36644g0">
            <Coords points="4802,679 4802,679 4802,836 4802,836"/>
            <TextEquiv index="1" conf="0.9999932050704956">
              <Unicode>l</Unicode>
            </TextEquiv>
          </Glyph>
          <Glyph id="w36644g1">
            <Coords points="4816,679 4830,679 4830,836 4816,836"/>
            <TextEquiv index="1" conf="0.9995954632759094">
              <Unicode>’</Unicode>
            </TextEquiv>
          </Glyph>
          <Glyph id="w36644g2">
            <Coords points="4859,679 4873,679 4873,836 4859,836"/>
            <TextEquiv index="1" conf="1.0">
              <Unicode>a</Unicode>
            </TextEquiv>
          </Glyph>
          <Glyph id="w36644g3">
            <Coords points="4916,679 4930,679 4930,836 4916,836"/>
            <TextEquiv index="1" conf="0.9999999701976776">
              <Unicode>p</Unicode>
            </TextEquiv>
          </Glyph>
          <Glyph id="w36644g4">
            <Coords points="4973,679 4987,679 4987,836 4973,836"/>
            <TextEquiv index="1" conf="0.9997366219758987">
              <Unicode>-</Unicode>
            </TextEquiv>
          </Glyph>
          <TextEquiv index="1" conf="0.9993253716238787">
            <Unicode>l’ap-</Unicode>
          </TextEquiv>
        </Word>
        <TextEquiv conf="0.9977957803984078" index="1">
          <Unicode>perfeion. Car ainſi que l’or eſtant mis à la fournaiſe, en reçoit un plus grand luſtre, par l’ap-</Unicode>
        </TextEquiv>
      </TextLine>
      <TextLine id="r3_l004">
        <Coords points="568,975 569,974 571,974 573,972 573,935 574,934 718,934 719,935 720,935 722,933 907,933 909,935 912,935 913,936 914,936 915,937 917,937 917,935 918,934 946,934 947,933 1293,933 1293,934 1293,973 1295,974 1317,974 1319,972 1319,933 1320,932 1445,932 1446,931 1489,931 1490,930 1618,930 1618,931 1618,941 1621,943 1623,943 1624,942 1625,942 1628,939 1629,939 1634,934 1634,932 1636,930 1748,930 1749,929 1809,929 1810,928 2042,928 2043,929 2065,929 2066,928 2243,928 2244,927 2272,927 2273,926 2321,926 2322,925 2403,925 2404,924 2486,924 2487,923 2492,923 2493,922 2495,922 2496,921 2538,921 2539,920 2591,920 2593,918 2725,918 2726,919 2738,919 2739,918 2740,918 2741,917 2876,917 2877,918 2878,918 2879,919 2928,919 2929,920 2998,920 2999,921 3000,921 3001,922 3071,922 3071,923 3071,928 3072,928 3159,928 3159,929 3159,943 3160,944 3160,945 3161,945 3164,945 3165,944 3166,944 3167,943 3168,943 3170,941 3171,940 3171,939 3174,936 3174,935 3175,934 3175,933 3176,932 3176,931 3177,930 3177,929 3178,928 3260,928 3261,927 3262,927 3263,926 3317,926 3318,925 3321,925 3322,924 3451,924 3453,926 3456,926 3456,923 3457,922 3477,922 3478,921 3641,921 3641,922 3641,946 3642,947 3642,948 3643,949 3643,950 3644,951 3644,952 3651,958 3653,958 3654,959 3655,959 3656,960 3657,960 3658,961 3673,961 3674,960 3678,960 3680,958 3683,958 3684,957 3685,957 3687,955 3688,955 3689,954 3690,954 3692,952 3693,952 3696,949 3696,948 3697,947 3697,946 3699,944 3699,943 3700,942 3700,941 3701,940 3701,921 3702,920 4069,920 4071,922 4108,922 4108,923 4108,966 4109,966 4134,966 4134,924 4135,923 4162,923 4162,924 4162,960 4167,964 4169,964 4170,965 4185,965 4186,964 4187,964 4187,924 4188,923 4368,923 4368,924 4368,934 4370,935 4378,935 4379,934 4381,934 4383,932 4384,932 4385,931 4386,931 4387,930 4388,930 4390,928 4390,927 4391,926 4391,925 4392,924 4392,923 4393,922 4437,922 4438,921 4487,921 4488,920 4615,920 4616,919 4629,919 4630,918 4932,918 4932,919 4932,928 4936,931 4944,931 4945,930 4946,930 4947,929 4948,929 4949,928 4951,928 4952,927 4953,927 4956,924 4957,924 4958,923 4958,922 4959,921 4959,920 4960,919 4960,917 4961,916 4961,909 4960,908 4960,906 4958,904 4958,903 4955,899 4954,899 4953,898 4950,898 4949,897 4928,897 4927,897 4927,864 4926,862 4925,862 4924,861 4923,861 4922,860 4921,860 4920,859 4829,859 4828,859 4828,827 4825,823 4821,823 4819,825 4819,826 4818,827 4705,827 4703,829 4702,829 4701,830 4700,831 4700,832 4695,832 4693,834 4693,859 4626,859 4625,860 4624,860 4623,861 4529,861 4528,862 4524,862 4523,863 4451,863 4450,864 4449,864 4448,865 4257,865 4256,864 4240,864 4239,863 4237,863 4235,865 4083,865 4082,865 4082,825 4081,823 4080,823 4079,822 4070,822 4069,823 4068,823 4067,824 4064,824 4061,827 4061,862 3905,862 3904,862 3904,830 3902,827 3855,827 3854,827 3854,826 3853,825 3853,824 3851,821 3850,821 3849,820 3848,820 3847,819 3838,819 3837,820 3836,820 3833,823 3833,824 3832,825 3832,860 3767,860 3765,862 3584,862 3583,861 3470,861 3469,861 3469,859 3468,857 3467,857 3466,858 3465,858 3463,860 3463,861 3462,862 3462,863 3461,864 3461,865 3310,865 3309,865 3309,842 3308,841 3308,839 3307,838 3307,837 3305,835 3305,834 3304,833 3304,832 3302,829 3300,829 3299,828 3287,828 3286,829 3284,829 3283,830 3282,830 3281,831 3280,831 3275,836 3275,837 3272,840 3272,841 3269,844 3269,845 3268,846 3268,849 3267,850 3267,855 3266,856 3266,857 3265,858 3265,865 3226,865 3225,866 3080,866 3079,865 3018,865 3017,864 2971,864 2970,864 2970,836 2968,834 2968,833 2967,832 2967,831 2967,830 2895,830 2894,831 2893,831 2892,832 2891,832 2888,835 2887,835 2883,839 2883,840 2880,843 2880,844 2879,845 2879,846 2878,847 2878,850 2877,851 2877,858 2727,858 2726,858 2726,841 2725,840 2725,834 2724,833 2724,829 2722,827 2722,826 2722,825 2721,825 2719,823 2718,823 2717,822 2714,822 2713,821 2702,821 2701,822 2700,822 2699,823 2698,823 2696,825 2695,825 2691,829 2591,829 2590,830 2589,830 2588,831 2587,831 2585,833 2585,834 2584,835 2584,865 2537,865 2536,866 2485,866 2484,867 2483,867 2482,868 2359,868 2358,867 2352,867 2351,868 2246,868 2245,868 2245,836 2244,835 2244,833 2243,832 2243,831 2242,829 2241,829 2239,827 2233,827 2232,826 2227,826 2226,827 2224,827 2219,832 2218,832 2208,842 2208,843 2207,844 2207,845 2206,846 2206,850 2205,851 2205,852 2204,853 2204,854 2203,855 2203,864 2202,865 2202,868 1960,868 1959,868 1959,832 1958,831 1958,830 1957,828 1956,828 1955,827 1952,827 1951,828 1944,828 1943,829 1940,829 1939,830 1938,830 1936,832 1936,861 1859,861 1858,862 1858,863 1855,866 1855,867 1851,871 1693,871 1692,871 1692,866 1691,865 1691,864 1691,863 1690,863 1685,868 1685,869 1684,870 1582,870 1581,870 1581,838 1580,836 1579,836 1575,840 1575,841 1574,842 1574,843 1573,844 1573,845 1569,849 1569,850 1568,851 1568,852 1567,853 1567,854 1566,855 1566,856 1564,858 1564,859 1561,862 1561,866 1528,866 1523,871 1450,871 1449,872 1431,872 1429,874 1394,874 1393,875 1360,875 1359,876 1242,876 1241,876 1241,846 1240,845 1240,840 1238,838 1238,837 1238,836 1237,836 1236,835 1234,835 1233,834 1099,834 1098,835 1095,835 1094,836 1092,836 1091,837 1090,837 1087,840 1087,877 895,877 894,877 894,850 892,848 892,847 891,845 886,845 881,850 881,870 733,870 732,870 732,843 731,842 731,836 730,834 728,834 727,833 724,833 723,834 720,834 719,835 715,835 712,838 712,874 636,874 635,875 554,875 553,876 552,876 550,878 549,878 548,879 548,880 547,881 545,881 544,882 543,882 542,883 542,885 544,886 546,886 546,887 546,966 545,966 543,968 543,969 542,970 542,973 544,974 547,974 548,975 568,975"/>
        <Word id="w36645">
          <Coords points="606,819 1036,819 1036,975 606,975"/>
          <Glyph id="w36645g0">
            <Coords points="606,819 620,819 620,975 606,975"/>
            <TextEquiv index="1" conf="1.0">
              <Unicode>p</Unicode>
            </TextEquiv>
          </Glyph>
          <Glyph id="w36645g1">
            <Coords points="660,819 660,819 660,975 660,975"/>
            <TextEquiv index="1" conf="0.9999999105930328">
              <Unicode>r</Unicode>
            </TextEquiv>
          </Glyph>
          <Glyph id="w36645g2">
            <Coords points="714,819 727,819 727,975 714,975"/>
            <TextEquiv index="1" conf="0.9999895095825195">
              <Unicode>o</Unicode>
            </TextEquiv>
          </Glyph>
          <Glyph id="w36645g3">
            <Coords points="767,819 781,819 781,975 767,975"/>
            <TextEquiv index="1" conf="0.999999612569809">
              <Unicode>b</Unicode>
            </TextEquiv>
          </Glyph>
          <Glyph id="w36645g4">
            <Coords points="835,819 835,819 835,975 835,975"/>
            <TextEquiv index="1" conf="0.9999999701976776">
              <Unicode>a</Unicode>
            </TextEquiv>
          </Glyph>
          <Glyph id="w36645g5">
            <Coords points="888,819 888,819 888,975 888,975"/>
            <TextEquiv index="1" conf="0.9999958574771881">
              <Unicode>t</Unicode>
            </TextEquiv>
          </Glyph>
          <Glyph id="w36645g6">
            <Coords points="915,819 929,819 929,975 915,975"/>
            <TextEquiv index="1" conf="0.999976247549057">
              <Unicode>i</Unicode>
            </TextEquiv>
          </Glyph>
          <Glyph id="w36645g7">
            <Coords points="969,819 982,819 982,975 969,975"/>
            <TextEquiv index="1" conf="0.9999725818634033">
              <Unicode>o</Unicode>
            </TextEquiv>
          </Glyph>
          <Glyph id="w36645g8">
            <Coords points="1023,819 1036,819 1036,975 1023,975"/>
            <TextEquiv index="1" conf="0.9999997019767761">
              <Unicode>n</Unicode>
            </TextEquiv>
          </Glyph>
          <TextEquiv index="1" conf="0.999933393306081">
            <Unicode>probation</Unicode>
          </TextEquiv>
        </Word>
        <Word id="w36646">
          <Coords points="1130,819 1184,819 1184,975 1130,975"/>
          <Glyph id="w36646g0">
            <Coords points="1130,819 1130,819 1130,975 1130,975"/>
            <TextEquiv index="1" conf="1.0">
              <Unicode>d</Unicode>
            </TextEquiv>
          </Glyph>
          <Glyph id="w36646g1">
            <Coords points="1184,819 1184,819 1184,975 1184,975"/>
            <TextEquiv index="1" conf="0.9999989569187164">
              <Unicode>e</Unicode>
            </TextEquiv>
          </Glyph>
          <TextEquiv index="1" conf="0.9999989569187164">
            <Unicode>de</Unicode>
          </TextEquiv>
        </Word>
        <Word id="w36647">
          <Coords points="1238,819 1278,819 1278,975 1238,975"/>
          <Glyph id="w36647g0">
            <Coords points="1238,819 1238,819 1238,975 1238,975"/>
            <TextEquiv index="1" conf="0.9999958574771881">
              <Unicode>ſ</Unicode>
            </TextEquiv>
          </Glyph>
          <Glyph id="w36647g1">
            <Coords points="1278,819 1278,819 1278,975 1278,975"/>
            <TextEquiv index="1" conf="1.0">
              <Unicode>a</Unicode>
            </TextEquiv>
          </Glyph>
          <TextEquiv index="1" conf="0.9999958574771881">
            <Unicode>ſa</Unicode>
          </TextEquiv>
        </Word>
        <Word id="w36648">
          <Coords points="1345,819 1667,819 1667,975 1345,975"/>
          <Glyph id="w36648g0">
            <Coords points="1345,819 1358,819 1358,975 1345,975"/>
            <TextEquiv index="1" conf="1.0">
              <Unicode>p</Unicode>
            </TextEquiv>
          </Glyph>
          <Glyph id="w36648g1">
            <Coords points="1412,819 1412,819 1412,975 1412,975"/>
            <TextEquiv index="1" conf="0.9999999403953552">
              <Unicode>u</Unicode>
            </TextEquiv>
          </Glyph>
          <Glyph id="w36648g2">
            <Coords points="1466,819 1479,819 1479,975 1466,975"/>
            <TextEquiv index="1" conf="0.9999946057796478">
              <Unicode>r</Unicode>
            </TextEquiv>
          </Glyph>
          <Glyph id="w36648g3">
            <Coords points="1520,819 1520,819 1520,975 1520,975"/>
            <TextEquiv index="1" conf="0.999992698431015">
              <Unicode>e</Unicode>
            </TextEquiv>
          </Glyph>
          <Glyph id="w36648g4">
            <Coords points="1560,819 1573,819 1573,975 1560,975"/>
            <TextEquiv index="1" conf="0.9999953806400299">
              <Unicode>t</Unicode>
            </TextEquiv>
          </Glyph>
          <Glyph id="w36648g5">
            <Coords points="1614,819 1614,819 1614,975 1614,975"/>
            <TextEquiv index="1" conf="0.9778966158628464">
              <Unicode>é</Unicode>
            </TextEquiv>
          </Glyph>
          <Glyph id="w36648g6">
            <Coords points="1654,819 1667,819 1667,975 1654,975"/>
            <TextEquiv index="1" conf="0.9997834265232086">
              <Unicode>;</Unicode>
            </TextEquiv>
          </Glyph>
          <TextEquiv index="1" conf="0.977667842456307">
            <Unicode>pureté;</Unicode>
          </TextEquiv>
        </Word>
        <Word id="w36649">
          <Coords points="1721,819 1896,819 1896,975 1721,975"/>
          <Glyph id="w36649g0">
            <Coords points="1721,819 1735,819 1735,975 1721,975"/>
            <TextEquiv index="1" conf="0.999945342540741">
              <Unicode>t</Unicode>
            </TextEquiv>
          </Glyph>
          <Glyph id="w36649g1">
            <Coords points="1775,819 1788,819 1788,975 1775,975"/>
            <TextEquiv index="1" conf="0.9999914169311523">
              <Unicode>o</Unicode>
            </TextEquiv>
          </Glyph>
          <Glyph id="w36649g2">
            <Coords points="1829,819 1842,819 1842,975 1829,975"/>
            <TextEquiv index="1" conf="0.9999942183494568">
              <Unicode>u</Unicode>
            </TextEquiv>
          </Glyph>
          <Glyph id="w36649g3">
            <Coords points="1896,819 1896,819 1896,975 1896,975"/>
            <TextEquiv index="1" conf="0.9999957382678986">
              <Unicode>t</Unicode>
            </TextEquiv>
          </Glyph>
          <TextEquiv index="1" conf="0.9999267172181598">
            <Unicode>tout</Unicode>
          </TextEquiv>
        </Word>
        <Word id="w36650">
          <Coords points="1976,819 2030,819 2030,975 1976,975"/>
          <Glyph id="w36650g0">
            <Coords points="1976,819 1990,819 1990,975 1976,975"/>
            <TextEquiv index="1" conf="0.9999824464321136">
              <Unicode>d</Unicode>
            </TextEquiv>
          </Glyph>
          <Glyph id="w36650g1">
            <Coords points="2030,819 2030,819 2030,975 2030,975"/>
            <TextEquiv index="1" conf="0.9999987185001373">
              <Unicode>e</Unicode>
            </TextEquiv>
          </Glyph>
          <TextEquiv index="1" conf="0.9999811649547459">
            <Unicode>de</Unicode>
          </TextEquiv>
        </Word>
        <Word id="w36651">
          <Coords points="2124,819 2393,819 2393,975 2124,975"/>
          <Glyph id="w36651g0">
            <Coords points="2124,819 2138,819 2138,975 2124,975"/>
            <TextEquiv index="1" conf="1.0">
              <Unicode>m</Unicode>
            </TextEquiv>
          </Glyph>
          <Glyph id="w36651g1">
            <Coords points="2205,819 2205,819 2205,975 2205,975"/>
            <TextEquiv index="1" conf="0.9999996423721313">
              <Unicode>e</Unicode>
            </TextEquiv>
          </Glyph>
          <Glyph id="w36651g2">
            <Coords points="2245,819 2245,819 2245,975 2245,975"/>
            <TextEquiv index="1" conf="0.9999985992908478">
              <Unicode>ſ</Unicode>
            </TextEquiv>
          </Glyph>
          <Glyph id="w36651g3">
            <Coords points="2312,819 2326,819 2326,975 2312,975"/>
            <TextEquiv index="1" conf="1.0">
              <Unicode>m</Unicode>
            </TextEquiv>
          </Glyph>
          <Glyph id="w36651g4">
            <Coords points="2393,819 2393,819 2393,975 2393,975"/>
            <TextEquiv index="1" conf="0.9999991357326508">
              <Unicode>e</Unicode>
            </TextEquiv>
          </Glyph>
          <TextEquiv index="1" conf="0.9999973773976505">
            <Unicode>meſme</Unicode>
          </TextEquiv>
        </Word>
        <Word id="w36652">
          <Coords points="2447,819 2581,819 2581,975 2447,975"/>
          <Glyph id="w36652g0">
            <Coords points="2447,819 2447,819 2447,975 2447,975"/>
            <TextEquiv index="1" conf="0.9999977648258209">
              <Unicode>n</Unicode>
            </TextEquiv>
          </Glyph>
          <Glyph id="w36652g1">
            <Coords points="2527,819 2527,819 2527,975 2527,975"/>
            <TextEquiv index="1" conf="0.9999694526195526">
              <Unicode>o</Unicode>
            </TextEquiv>
          </Glyph>
          <Glyph id="w36652g2">
            <Coords points="2568,819 2581,819 2581,975 2568,975"/>
            <TextEquiv index="1" conf="0.9995114356279373">
              <Unicode>s</Unicode>
            </TextEquiv>
          </Glyph>
          <TextEquiv index="1" conf="0.9994786691579445">
            <Unicode>nos</Unicode>
          </TextEquiv>
        </Word>
        <Word id="w36653">
          <Coords points="2621,819 3199,819 3199,975 2621,975"/>
          <Glyph id="w36653g0">
            <Coords points="2621,819 2621,819 2621,975 2621,975"/>
            <TextEquiv index="1" conf="0.9999960362911224">
              <Unicode>i</Unicode>
            </TextEquiv>
          </Glyph>
          <Glyph id="w36653g1">
            <Coords points="2662,819 2662,819 2662,975 2662,975"/>
            <TextEquiv index="1" conf="0.9999991953372955">
              <Unicode>n</Unicode>
            </TextEquiv>
          </Glyph>
          <Glyph id="w36653g2">
            <Coords points="2715,819 2729,819 2729,975 2715,975"/>
            <TextEquiv index="1" conf="0.9996110200881958">
              <Unicode>ſ</Unicode>
            </TextEquiv>
          </Glyph>
          <Glyph id="w36653g3">
            <Coords points="2756,819 2769,819 2769,975 2756,975"/>
            <TextEquiv index="1" conf="0.999635323882103">
              <Unicode>t</Unicode>
            </TextEquiv>
          </Glyph>
          <Glyph id="w36653g4">
            <Coords points="2796,819 2809,819 2809,975 2796,975"/>
            <TextEquiv index="1" conf="0.9999991655349731">
              <Unicode>r</Unicode>
            </TextEquiv>
          </Glyph>
          <Glyph id="w36653g5">
            <Coords points="2850,819 2850,819 2850,975 2850,975"/>
            <TextEquiv index="1" conf="0.9999998509883881">
              <Unicode>u</Unicode>
            </TextEquiv>
          </Glyph>
          <Glyph id="w36653g6">
            <Coords points="2957,819 2971,819 2971,975 2957,975"/>
            <TextEquiv index="1" conf="0.8247957974672318">
              <Unicode></Unicode>
            </TextEquiv>
          </Glyph>
          <Glyph id="w36653g7">
            <Coords points="2998,819 2998,819 2998,975 2998,975"/>
            <TextEquiv index="1" conf="0.9999980032444">
              <Unicode>i</Unicode>
            </TextEquiv>
          </Glyph>
          <Glyph id="w36653g8">
            <Coords points="3038,819 3051,819 3051,975 3038,975"/>
            <TextEquiv index="1" conf="0.9999982714653015">
              <Unicode>o</Unicode>
            </TextEquiv>
          </Glyph>
          <Glyph id="w36653g9">
            <Coords points="3092,819 3105,819 3105,975 3092,975"/>
            <TextEquiv index="1" conf="1.0">
              <Unicode>n</Unicode>
            </TextEquiv>
          </Glyph>
          <Glyph id="w36653g10">
            <Coords points="3159,819 3159,819 3159,975 3159,975"/>
            <TextEquiv index="1" conf="0.9999985694885254">
              <Unicode>s</Unicode>
            </TextEquiv>
          </Glyph>
          <Glyph id="w36653g11">
            <Coords points="3199,819 3199,819 3199,975 3199,975"/>
            <TextEquiv index="1" conf="0.999997615814209">
              <Unicode>,</Unicode>
            </TextEquiv>
          </Glyph>
          <TextEquiv index="1" conf="0.8241633474100964">
            <Unicode>inſtruions,</Unicode>
          </TextEquiv>
        </Word>
        <Word id="w36654">
          <Coords points="3266,819 3548,819 3548,975 3266,975"/>
          <Glyph id="w36654g0">
            <Coords points="3266,819 3266,819 3266,975 3266,975"/>
            <TextEquiv index="1" conf="0.9999931454658508">
              <Unicode>e</Unicode>
            </TextEquiv>
          </Glyph>
          <Glyph id="w36654g1">
            <Coords points="3307,819 3307,819 3307,975 3307,975"/>
            <TextEquiv index="1" conf="0.9999960660934448">
              <Unicode>ſ</Unicode>
            </TextEquiv>
          </Glyph>
          <Glyph id="w36654g2">
            <Coords points="3347,819 3347,819 3347,975 3347,975"/>
            <TextEquiv index="1" conf="0.9999301731586456">
              <Unicode>t</Unicode>
            </TextEquiv>
          </Glyph>
          <Glyph id="w36654g3">
            <Coords points="3387,819 3387,819 3387,975 3387,975"/>
            <TextEquiv index="1" conf="1.0">
              <Unicode>a</Unicode>
            </TextEquiv>
          </Glyph>
          <Glyph id="w36654g4">
            <Coords points="3441,819 3441,819 3441,975 3441,975"/>
            <TextEquiv index="1" conf="0.9999999701976776">
              <Unicode>n</Unicode>
            </TextEquiv>
          </Glyph>
          <Glyph id="w36654g5">
            <Coords points="3508,819 3508,819 3508,975 3508,975"/>
            <TextEquiv index="1" conf="0.9999986588954926">
              <Unicode>t</Unicode>
            </TextEquiv>
          </Glyph>
          <Glyph id="w36654g6">
            <Coords points="3548,819 3548,819 3548,975 3548,975"/>
            <TextEquiv index="1" conf="0.9999999701976776">
              <Unicode>s</Unicode>
            </TextEquiv>
          </Glyph>
          <TextEquiv index="1" conf="0.9999179849020734">
            <Unicode>eſtants</Unicode>
          </TextEquiv>
        </Word>
        <Word id="w36655">
          <Coords points="3602,819 4032,819 4032,975 3602,975"/>
          <Glyph id="w36655g0">
            <Coords points="3602,819 3602,819 3602,975 3602,975"/>
            <TextEquiv index="1" conf="0.9999992847442627">
              <Unicode>r</Unicode>
            </TextEquiv>
          </Glyph>
          <Glyph id="w36655g1">
            <Coords points="3656,819 3656,819 3656,975 3656,975"/>
            <TextEquiv index="1" conf="0.999992311000824">
              <Unicode>e</Unicode>
            </TextEquiv>
          </Glyph>
          <Glyph id="w36655g2">
            <Coords points="3710,819 3723,819 3723,975 3710,975"/>
            <TextEquiv index="1" conf="1.0">
              <Unicode>g</Unicode>
            </TextEquiv>
          </Glyph>
          <Glyph id="w36655g3">
            <Coords points="3750,819 3763,819 3763,975 3750,975"/>
            <TextEquiv index="1" conf="0.9999997615814209">
              <Unicode>a</Unicode>
            </TextEquiv>
          </Glyph>
          <Glyph id="w36655g4">
            <Coords points="3804,819 3804,819 3804,975 3804,975"/>
            <TextEquiv index="1" conf="0.9999996721744537">
              <Unicode>r</Unicode>
            </TextEquiv>
          </Glyph>
          <Glyph id="w36655g5">
            <Coords points="3871,819 3884,819 3884,975 3871,975"/>
            <TextEquiv index="1" conf="0.9999997913837433">
              <Unicode>d</Unicode>
            </TextEquiv>
          </Glyph>
          <Glyph id="w36655g6">
            <Coords points="3925,819 3925,819 3925,975 3925,975"/>
            <TextEquiv index="1" conf="0.999994695186615">
              <Unicode>é</Unicode>
            </TextEquiv>
          </Glyph>
          <Glyph id="w36655g7">
            <Coords points="3978,819 3978,819 3978,975 3978,975"/>
            <TextEquiv index="1" conf="0.999988317489624">
              <Unicode>e</Unicode>
            </TextEquiv>
          </Glyph>
          <Glyph id="w36655g8">
            <Coords points="4019,819 4032,819 4032,975 4019,975"/>
            <TextEquiv index="1" conf="0.9999998211860657">
              <Unicode>s</Unicode>
            </TextEquiv>
          </Glyph>
          <TextEquiv index="1" conf="0.9999736549817976">
            <Unicode>regardées</Unicode>
          </TextEquiv>
        </Word>
        <Word id="w36656">
          <Coords points="4099,819 4153,819 4153,975 4099,975"/>
          <Glyph id="w36656g0">
            <Coords points="4099,819 4113,819 4113,975 4099,975"/>
            <TextEquiv index="1" conf="0.9999972879886627">
              <Unicode>d</Unicode>
            </TextEquiv>
          </Glyph>
          <Glyph id="w36656g1">
            <Coords points="4153,819 4153,819 4153,975 4153,975"/>
            <TextEquiv index="1" conf="0.9999993443489075">
              <Unicode>e</Unicode>
            </TextEquiv>
          </Glyph>
          <TextEquiv index="1" conf="0.9999966323393483">
            <Unicode>de</Unicode>
          </TextEquiv>
        </Word>
        <Word id="w36657">
          <Coords points="4207,819 4422,819 4422,975 4207,975"/>
          <Glyph id="w36657g0">
            <Coords points="4207,819 4234,819 4234,975 4207,975"/>
            <TextEquiv index="1" conf="1.0">
              <Unicode>p</Unicode>
            </TextEquiv>
          </Glyph>
          <Glyph id="w36657g1">
            <Coords points="4274,819 4274,819 4274,975 4274,975"/>
            <TextEquiv index="1" conf="0.9999998807907104">
              <Unicode>r</Unicode>
            </TextEquiv>
          </Glyph>
          <Glyph id="w36657g2">
            <Coords points="4328,819 4328,819 4328,975 4328,975"/>
            <TextEquiv index="1" conf="0.9999946355819702">
              <Unicode>e</Unicode>
            </TextEquiv>
          </Glyph>
          <Glyph id="w36657g3">
            <Coords points="4368,819 4368,819 4368,975 4368,975"/>
            <TextEquiv index="1" conf="0.9999999403953552">
              <Unicode>s</Unicode>
            </TextEquiv>
          </Glyph>
          <Glyph id="w36657g4">
            <Coords points="4408,819 4422,819 4422,975 4408,975"/>
            <TextEquiv index="1" conf="0.9997840970754623">
              <Unicode>,</Unicode>
            </TextEquiv>
          </Glyph>
          <TextEquiv index="1" conf="0.9997785550412643">
            <Unicode>pres,</Unicode>
          </TextEquiv>
        </Word>
        <Word id="w36658">
          <Coords points="4489,819 4986,819 4986,975 4489,975"/>
          <Glyph id="w36658g0">
            <Coords points="4489,819 4489,819 4489,975 4489,975"/>
            <TextEquiv index="1" conf="0.999999076128006">
              <Unicode>e</Unicode>
            </TextEquiv>
          </Glyph>
          <Glyph id="w36658g1">
            <Coords points="4543,819 4556,819 4556,975 4543,975"/>
            <TextEquiv index="1" conf="1.0">
              <Unicode>x</Unicode>
            </TextEquiv>
          </Glyph>
          <Glyph id="w36658g2">
            <Coords points="4583,819 4596,819 4596,975 4583,975"/>
            <TextEquiv index="1" conf="0.9999999403953552">
              <Unicode>a</Unicode>
            </TextEquiv>
          </Glyph>
          <Glyph id="w36658g3">
            <Coords points="4677,819 4677,819 4677,975 4677,975"/>
            <TextEquiv index="1" conf="1.0">
              <Unicode>m</Unicode>
            </TextEquiv>
          </Glyph>
          <Glyph id="w36658g4">
            <Coords points="4771,819 4784,819 4784,975 4771,975"/>
            <TextEquiv index="1" conf="0.9999559223651886">
              <Unicode>n</Unicode>
            </TextEquiv>
          </Glyph>
          <Glyph id="w36658g5">
            <Coords points="4852,819 4852,819 4852,975 4852,975"/>
            <TextEquiv index="1" conf="0.9999694526195526">
              <Unicode>é</Unicode>
            </TextEquiv>
          </Glyph>
          <Glyph id="w36658g6">
            <Coords points="4905,819 4905,819 4905,975 4905,975"/>
            <TextEquiv index="1" conf="0.9999942481517792">
              <Unicode>e</Unicode>
            </TextEquiv>
          </Glyph>
          <Glyph id="w36658g7">
            <Coords points="4946,819 4946,819 4946,975 4946,975"/>
            <TextEquiv index="1" conf="0.9999996423721313">
              <Unicode>s</Unicode>
            </TextEquiv>
          </Glyph>
          <Glyph id="w36658g8">
            <Coords points="4986,819 4986,819 4986,975 4986,975"/>
            <TextEquiv index="1" conf="0.9998113960027695">
              <Unicode>,</Unicode>
            </TextEquiv>
          </Glyph>
          <TextEquiv index="1" conf="0.9997296953306409">
            <Unicode>examnées,</Unicode>
          </TextEquiv>
        </Word>
        <TextEquiv conf="0.9977842723275279" index="1">
          <Unicode>probation de ſa pureté; tout de meſme nos inſtruions, eſtants regardées de pres, examnées,</Unicode>
        </TextEquiv>
      </TextLine>
      <TextLine id="r3_l005">
        <Coords points="1276,1112 1277,1111 1279,1111 1280,1110 1280,1072 1281,1071 1517,1071 1517,1072 1517,1107 1518,1107 1527,1107 1528,1108 1537,1108 1538,1109 1541,1109 1542,1108 1543,1108 1544,1107 1544,1071 1545,1070 1686,1070 1687,1071 1722,1071 1723,1072 1729,1072 1731,1074 1774,1074 1774,1075 1774,1082 1775,1082 1779,1082 1780,1081 1785,1081 1786,1080 1787,1080 1788,1079 1790,1079 1791,1078 1792,1078 1795,1075 1795,1074 1797,1072 1870,1072 1871,1071 1872,1071 1873,1070 1874,1070 1875,1069 2057,1069 2057,1070 2057,1106 2062,1110 2073,1110 2074,1109 2078,1109 2079,1108 2079,1069 2080,1068 2140,1068 2141,1067 2290,1067 2291,1066 2335,1066 2336,1065 2398,1065 2399,1064 2401,1064 2402,1063 2508,1063 2508,1064 2508,1097 2512,1101 2512,1102 2513,1102 2525,1102 2526,1101 2528,1101 2529,1100 2529,1060 2530,1059 2604,1059 2605,1058 2640,1058 2641,1057 2694,1057 2695,1056 2798,1056 2801,1059 2806,1059 2807,1060 2894,1060 2895,1061 2966,1061 2967,1062 3019,1062 3020,1063 3023,1063 3024,1064 3053,1064 3053,1065 3053,1068 3055,1069 3057,1069 3057,1066 3058,1065 3125,1065 3126,1064 3131,1064 3132,1063 3204,1063 3205,1062 3307,1062 3309,1064 3316,1064 3317,1063 3319,1063 3320,1062 3514,1062 3514,1063 3514,1101 3515,1101 3516,1101 3518,1103 3520,1103 3521,1104 3527,1104 3528,1103 3536,1103 3537,1102 3539,1102 3540,1101 3541,1101 3541,1063 3542,1062 3586,1062 3587,1061 3601,1061 3602,1060 3692,1060 3693,1059 3967,1059 3968,1060 3972,1060 3973,1059 3976,1059 3977,1058 4094,1058 4095,1059 4097,1059 4098,1060 4101,1060 4102,1061 4105,1061 4106,1062 4110,1062 4111,1063 4113,1063 4114,1064 4137,1064 4137,1065 4137,1105 4138,1105 4143,1105 4143,1065 4144,1064 4208,1064 4209,1063 4310,1063 4310,1064 4310,1101 4313,1103 4314,1103 4315,1102 4331,1102 4332,1101 4336,1101 4337,1100 4339,1100 4339,1064 4340,1063 4393,1063 4394,1062 4638,1062 4639,1061 4645,1061 4646,1060 4792,1060 4793,1059 4831,1059 4832,1058 4949,1058 4950,1059 4953,1059 4954,1058 4956,1058 4957,1057 4958,1057 4960,1055 4961,1055 4965,1051 4965,1050 4966,1049 4966,1046 4965,1045 4965,1041 4964,1039 4955,1039 4954,1039 4954,1010 4953,1009 4953,1008 4949,1003 4948,1003 4947,1002 4946,1002 4945,1001 4940,1001 4939,1000 4938,1000 4937,999 4907,999 4906,998 4902,998 4901,999 4885,999 4884,1000 4883,1000 4882,1001 4842,1001 4841,1002 4772,1002 4771,1003 4711,1003 4710,1004 4585,1004 4584,1004 4584,1003 4583,1002 4583,964 4582,962 4581,962 4580,961 4579,961 4578,960 4572,960 4571,961 4569,961 4568,962 4567,962 4566,963 4563,963 4561,965 4561,998 4560,998 4558,1000 4558,1003 4557,1004 4475,1004 4474,1005 4334,1005 4333,1005 4333,1004 4333,1003 4331,1003 4329,1005 4233,1005 4232,1006 4163,1006 4162,1006 4162,993 4161,992 4161,988 4160,987 4160,981 4159,980 4159,979 4155,974 4154,974 4152,972 4151,972 4150,971 4148,971 4147,970 4145,970 4144,969 4141,969 4140,968 4138,968 4136,966 4106,966 4105,967 4104,967 4103,968 4102,968 4100,970 4096,970 4095,971 4094,971 4092,973 4091,973 4088,976 4087,976 4085,978 4084,978 4082,980 4081,980 4079,982 4079,983 4077,985 4077,986 4076,986 4073,989 4073,990 4072,991 4072,992 4071,993 4071,994 4070,995 4070,996 4069,997 4069,1002 3896,1002 3895,1002 3895,964 3894,963 3894,962 3894,961 3861,961 3860,962 3858,962 3857,963 3856,963 3855,964 3852,964 3851,965 3850,965 3849,966 3848,966 3846,968 3846,1000 3746,1000 3745,1000 3745,961 3745,960 3744,960 3743,959 3730,959 3728,961 3727,961 3725,963 3725,1004 3600,1004 3599,1004 3599,967 3598,966 3598,965 3597,963 3593,963 3592,964 3591,964 3590,965 3589,965 3588,966 3587,966 3586,967 3584,967 3583,968 3582,968 3581,969 3580,969 3579,970 3579,971 3578,972 3578,1003 3485,1003 3483,1002 3483,997 3482,996 3482,995 3481,994 3481,989 3480,987 3479,987 3478,986 3477,986 3476,986 3476,983 3475,982 3475,978 3470,972 3468,972 3467,971 3466,971 3465,970 3457,970 3456,969 3453,969 3452,968 3438,968 3437,967 3436,967 3434,965 3433,965 3432,966 3431,966 3430,967 3429,967 3428,968 3427,968 3425,970 3423,970 3422,971 3421,971 3416,976 3415,976 3409,982 3409,986 3408,986 3407,987 3406,987 3405,988 3405,989 3404,990 3404,991 3403,992 3403,993 3402,993 3400,995 3400,1005 3396,1005 3395,1006 3279,1006 3276,1004 3276,975 3275,974 3275,973 3272,969 3271,969 3269,967 3259,967 3258,968 3253,968 3252,969 3250,969 3241,978 3240,978 3236,982 3236,983 3235,984 3235,986 3233,988 3233,996 3232,997 3232,1002 3231,1003 3231,1004 3230,1005 3195,1005 3194,1006 3072,1006 3071,1006 3071,999 3071,998 3017,998 3016,997 3013,997 3009,1001 3008,1001 3006,1003 2907,1003 2906,1002 2865,1002 2864,1001 2863,1001 2862,1000 2861,1000 2860,999 2805,999 2804,999 2804,979 2803,978 2803,974 2802,973 2802,970 2801,969 2801,968 2800,967 2800,966 2797,962 2796,962 2794,960 2782,960 2781,961 2779,961 2778,962 2777,962 2776,963 2775,963 2772,966 2731,966 2727,970 2727,1000 2649,1000 2648,999 2646,999 2645,1000 2628,1000 2627,1001 2626,1001 2625,1002 2623,1002 2622,1003 2517,1003 2516,1004 2515,1004 2513,1006 2458,1006 2457,1007 2400,1007 2399,1008 2396,1008 2395,1009 2252,1009 2251,1009 2251,977 2250,975 2249,975 2247,973 2245,973 2241,977 2241,978 2239,980 2239,981 2238,982 2238,984 2237,985 2237,989 2236,990 2236,992 2235,993 2235,996 2234,997 2234,1001 2182,1001 2180,1003 2180,1004 2179,1005 2179,1006 2178,1007 2178,1008 2177,1009 2177,1010 2139,1010 2138,1011 2030,1011 2029,1010 1993,1010 1992,1009 1885,1009 1884,1009 1884,1003 1883,1002 1883,1001 1882,1000 1882,998 1879,994 1878,994 1877,993 1876,993 1875,992 1873,992 1872,991 1866,991 1865,992 1862,992 1860,994 1859,994 1858,995 1857,995 1856,996 1855,996 1852,999 1852,1000 1851,1001 1851,1002 1850,1003 1850,1005 1849,1006 1849,1027 1752,1027 1751,1027 1751,1015 1749,1012 1748,1012 1746,1010 1743,1010 1742,1009 1728,1009 1725,1012 1654,1012 1653,1012 1653,980 1650,976 1646,976 1643,979 1643,981 1642,982 1642,983 1641,984 1641,985 1640,986 1640,988 1639,989 1639,990 1638,991 1638,994 1637,995 1637,997 1636,998 1636,999 1635,1000 1635,1013 1538,1013 1537,1013 1537,1010 1537,1009 1536,1009 1534,1011 1474,1011 1473,1011 1473,986 1471,984 1471,983 1470,981 1467,981 1466,982 1465,982 1463,984 1462,985 1462,986 1461,987 1461,1006 1426,1006 1422,1010 1421,1010 1418,1013 1329,1013 1328,1014 1268,1014 1266,1016 1161,1016 1160,1015 1069,1015 1068,1015 1068,982 1067,980 1066,980 1065,979 1020,979 1019,979 1019,978 1018,976 986,976 985,977 984,977 983,978 982,978 981,979 980,979 979,980 976,980 975,981 974,981 973,982 973,1015 750,1015 749,1015 749,1011 748,1009 746,1009 744,1011 744,1012 743,1013 743,1014 741,1016 583,1016 582,1015 579,1015 578,1016 573,1016 572,1017 569,1017 568,1018 565,1018 564,1019 562,1019 561,1020 560,1020 551,1029 551,1031 549,1033 549,1034 548,1035 548,1036 547,1037 547,1038 546,1039 546,1048 547,1049 547,1053 548,1054 548,1055 549,1056 549,1057 550,1058 550,1059 555,1064 555,1065 556,1066 557,1066 558,1066 562,1070 564,1070 565,1071 567,1071 568,1072 625,1072 626,1073 795,1073 796,1072 848,1072 849,1071 941,1071 942,1070 1105,1070 1106,1071 1190,1071 1190,1072 1190,1083 1192,1084 1247,1084 1247,1085 1247,1101 1248,1101 1254,1101 1254,1102 1254,1109 1256,1110 1257,1110 1258,1111 1260,1111 1261,1112 1276,1112"/>
        <Word id="w36659">
          <Coords points="611,959 1233,959 1233,1112 611,1112"/>
          <Glyph id="w36659g0">
            <Coords points="611,959 611,959 611,1112 611,1112"/>
            <TextEquiv index="1" conf="0.9999976456165314">
              <Unicode>c</Unicode>
            </TextEquiv>
          </Glyph>
          <Glyph id="w36659g1">
            <Coords points="665,959 678,959 678,1112 665,1112"/>
            <TextEquiv index="1" conf="0.9999995231628418">
              <Unicode>o</Unicode>
            </TextEquiv>
          </Glyph>
          <Glyph id="w36659g2">
            <Coords points="719,959 719,959 719,1112 719,1112"/>
            <TextEquiv index="1" conf="0.9999998807907104">
              <Unicode>n</Unicode>
            </TextEquiv>
          </Glyph>
          <Glyph id="w36659g3">
            <Coords points="786,959 786,959 786,1112 786,1112"/>
            <TextEquiv index="1" conf="0.9999983012676239">
              <Unicode>t</Unicode>
            </TextEquiv>
          </Glyph>
          <Glyph id="w36659g4">
            <Coords points="827,959 827,959 827,1112 827,1112"/>
            <TextEquiv index="1" conf="0.9999999701976776">
              <Unicode>r</Unicode>
            </TextEquiv>
          </Glyph>
          <Glyph id="w36659g5">
            <Coords points="881,959 881,959 881,1112 881,1112"/>
            <TextEquiv index="1" conf="0.9999880790710449">
              <Unicode>e</Unicode>
            </TextEquiv>
          </Glyph>
          <Glyph id="w36659g6">
            <Coords points="922,959 922,959 922,1112 922,1112"/>
            <TextEquiv index="1" conf="0.9999991655349731">
              <Unicode>r</Unicode>
            </TextEquiv>
          </Glyph>
          <Glyph id="w36659g7">
            <Coords points="976,959 976,959 976,1112 976,1112"/>
            <TextEquiv index="1" conf="0.9999907314777374">
              <Unicode>o</Unicode>
            </TextEquiv>
          </Glyph>
          <Glyph id="w36659g8">
            <Coords points="1016,959 1016,959 1016,1112 1016,1112"/>
            <TextEquiv index="1" conf="0.9999980926513672">
              <Unicode>l</Unicode>
            </TextEquiv>
          </Glyph>
          <Glyph id="w36659g9">
            <Coords points="1043,959 1043,959 1043,1112 1043,1112"/>
            <TextEquiv index="1" conf="0.9999982118606567">
              <Unicode>l</Unicode>
            </TextEquiv>
          </Glyph>
          <Glyph id="w36659g10">
            <Coords points="1097,959 1097,959 1097,1112 1097,1112"/>
            <TextEquiv index="1" conf="0.9999062269926071">
              <Unicode>é</Unicode>
            </TextEquiv>
          </Glyph>
          <Glyph id="w36659g11">
            <Coords points="1138,959 1151,959 1151,1112 1138,1112"/>
            <TextEquiv index="1" conf="0.9999879002571106">
              <Unicode>e</Unicode>
            </TextEquiv>
          </Glyph>
          <Glyph id="w36659g12">
            <Coords points="1192,959 1192,959 1192,1112 1192,1112"/>
            <TextEquiv index="1" conf="0.9999995827674866">
              <Unicode>s</Unicode>
            </TextEquiv>
          </Glyph>
          <Glyph id="w36659g13">
            <Coords points="1233,959 1233,959 1233,1112 1233,1112"/>
            <TextEquiv index="1" conf="0.9999698102474213">
              <Unicode>,</Unicode>
            </TextEquiv>
          </Glyph>
          <TextEquiv index="1" conf="0.9998331307719267">
            <Unicode>contrerollées,</Unicode>
          </TextEquiv>
        </Word>
        <Word id="w36660">
          <Coords points="1300,959 1828,959 1828,1112 1300,1112"/>
          <Glyph id="w36660g0">
            <Coords points="1300,959 1327,959 1327,1112 1300,1112"/>
            <TextEquiv index="1" conf="1.0">
              <Unicode>p</Unicode>
            </TextEquiv>
          </Glyph>
          <Glyph id="w36660g1">
            <Coords points="1368,959 1368,959 1368,1112 1368,1112"/>
            <TextEquiv index="1" conf="0.9999999701976776">
              <Unicode>r</Unicode>
            </TextEquiv>
          </Glyph>
          <Glyph id="w36660g2">
            <Coords points="1408,959 1422,959 1422,1112 1408,1112"/>
            <TextEquiv index="1" conf="0.9999996423721313">
              <Unicode>a</Unicode>
            </TextEquiv>
          </Glyph>
          <Glyph id="w36660g3">
            <Coords points="1462,959 1462,959 1462,1112 1462,1112"/>
            <TextEquiv index="1" conf="0.9999988377094269">
              <Unicode>t</Unicode>
            </TextEquiv>
          </Glyph>
          <Glyph id="w36660g4">
            <Coords points="1503,959 1503,959 1503,1112 1503,1112"/>
            <TextEquiv index="1" conf="0.9999999403953552">
              <Unicode>i</Unicode>
            </TextEquiv>
          </Glyph>
          <Glyph id="w36660g5">
            <Coords points="1557,959 1571,959 1571,1112 1557,1112"/>
            <TextEquiv index="1" conf="1.0">
              <Unicode>q</Unicode>
            </TextEquiv>
          </Glyph>
          <Glyph id="w36660g6">
            <Coords points="1598,959 1611,959 1611,1112 1598,1112"/>
            <TextEquiv index="1" conf="0.999997079372406">
              <Unicode>u</Unicode>
            </TextEquiv>
          </Glyph>
          <Glyph id="w36660g7">
            <Coords points="1679,959 1679,959 1679,1112 1679,1112"/>
            <TextEquiv index="1" conf="0.9999836981296539">
              <Unicode>é</Unicode>
            </TextEquiv>
          </Glyph>
          <Glyph id="w36660g8">
            <Coords points="1719,959 1719,959 1719,1112 1719,1112"/>
            <TextEquiv index="1" conf="0.9998302310705185">
              <Unicode>e</Unicode>
            </TextEquiv>
          </Glyph>
          <Glyph id="w36660g9">
            <Coords points="1773,959 1773,959 1773,1112 1773,1112"/>
            <TextEquiv index="1" conf="0.9999963045120239">
              <Unicode>s</Unicode>
            </TextEquiv>
          </Glyph>
          <Glyph id="w36660g10">
            <Coords points="1814,959 1828,959 1828,1112 1814,1112"/>
            <TextEquiv index="1" conf="0.9996386915445328">
              <Unicode>,</Unicode>
            </TextEquiv>
          </Glyph>
          <TextEquiv index="1" conf="0.9994444698230726">
            <Unicode>pratiquées,</Unicode>
          </TextEquiv>
        </Word>
        <Word id="w36661">
          <Coords points="1936,959 1949,959 1949,1112 1936,1112"/>
          <Glyph id="w36661g0">
            <Coords points="1936,959 1949,959 1949,1112 1936,1112"/>
            <TextEquiv index="1" conf="0.9999475628137589">
              <Unicode>&amp;</Unicode>
            </TextEquiv>
          </Glyph>
          <TextEquiv index="1" conf="0.9999475628137589">
            <Unicode>&amp;</Unicode>
          </TextEquiv>
        </Word>
        <Word id="w36662">
          <Coords points="2003,959 2368,959 2368,1112 2003,1112"/>
          <Glyph id="w36662g0">
            <Coords points="2003,959 2017,959 2017,1112 2003,1112"/>
            <TextEquiv index="1" conf="0.9999967515468597">
              <Unicode>r</Unicode>
            </TextEquiv>
          </Glyph>
          <Glyph id="w36662g1">
            <Coords points="2057,959 2057,959 2057,1112 2057,1112"/>
            <TextEquiv index="1" conf="0.9999994039535522">
              <Unicode>e</Unicode>
            </TextEquiv>
          </Glyph>
          <Glyph id="w36662g2">
            <Coords points="2098,959 2111,959 2111,1112 2098,1112"/>
            <TextEquiv index="1" conf="1.0">
              <Unicode>p</Unicode>
            </TextEquiv>
          </Glyph>
          <Glyph id="w36662g3">
            <Coords points="2179,959 2179,959 2179,1112 2179,1112"/>
            <TextEquiv index="1" conf="0.9999557435512543">
              <Unicode>e</Unicode>
            </TextEquiv>
          </Glyph>
          <Glyph id="w36662g4">
            <Coords points="2220,959 2220,959 2220,1112 2220,1112"/>
            <TextEquiv index="1" conf="0.9999978840351105">
              <Unicode>t</Unicode>
            </TextEquiv>
          </Glyph>
          <Glyph id="w36662g5">
            <Coords points="2274,959 2274,959 2274,1112 2274,1112"/>
            <TextEquiv index="1" conf="0.9999890923500061">
              <Unicode>é</Unicode>
            </TextEquiv>
          </Glyph>
          <Glyph id="w36662g6">
            <Coords points="2328,959 2328,959 2328,1112 2328,1112"/>
            <TextEquiv index="1" conf="0.9999984800815582">
              <Unicode>e</Unicode>
            </TextEquiv>
          </Glyph>
          <Glyph id="w36662g7">
            <Coords points="2368,959 2368,959 2368,1112 2368,1112"/>
            <TextEquiv index="1" conf="0.9999999701976776">
              <Unicode>s</Unicode>
            </TextEquiv>
          </Glyph>
          <TextEquiv index="1" conf="0.9999373266323939">
            <Unicode>repetées</Unicode>
          </TextEquiv>
        </Word>
        <Word id="w36663">
          <Coords points="2422,959 2477,959 2477,1112 2422,1112"/>
          <Glyph id="w36663g0">
            <Coords points="2422,959 2436,959 2436,1112 2422,1112"/>
            <TextEquiv index="1" conf="0.9999796152114868">
              <Unicode>e</Unicode>
            </TextEquiv>
          </Glyph>
          <Glyph id="w36663g1">
            <Coords points="2477,959 2477,959 2477,1112 2477,1112"/>
            <TextEquiv index="1" conf="0.9999999701976776">
              <Unicode>n</Unicode>
            </TextEquiv>
          </Glyph>
          <TextEquiv index="1" conf="0.9999795854097719">
            <Unicode>en</Unicode>
          </TextEquiv>
        </Word>
        <Word id="w36664">
          <Coords points="2558,959 3044,959 3044,1112 2558,1112"/>
          <Glyph id="w36664g0">
            <Coords points="2558,959 2571,959 2571,1112 2558,1112"/>
            <TextEquiv index="1" conf="1.0">
              <Unicode>p</Unicode>
            </TextEquiv>
          </Glyph>
          <Glyph id="w36664g1">
            <Coords points="2612,959 2625,959 2625,1112 2612,1112"/>
            <TextEquiv index="1" conf="0.9999999105930328">
              <Unicode>a</Unicode>
            </TextEquiv>
          </Glyph>
          <Glyph id="w36664g2">
            <Coords points="2666,959 2666,959 2666,1112 2666,1112"/>
            <TextEquiv index="1" conf="1.0">
              <Unicode>r</Unicode>
            </TextEquiv>
          </Glyph>
          <Glyph id="w36664g3">
            <Coords points="2720,959 2733,959 2733,1112 2720,1112"/>
            <TextEquiv index="1" conf="0.9999961853027344">
              <Unicode>o</Unicode>
            </TextEquiv>
          </Glyph>
          <Glyph id="w36664g4">
            <Coords points="2760,959 2760,959 2760,1112 2760,1112"/>
            <TextEquiv index="1" conf="0.9999904036521912">
              <Unicode>i</Unicode>
            </TextEquiv>
          </Glyph>
          <Glyph id="w36664g5">
            <Coords points="2801,959 2801,959 2801,1112 2801,1112"/>
            <TextEquiv index="1" conf="0.9999946355819702">
              <Unicode>ſ</Unicode>
            </TextEquiv>
          </Glyph>
          <Glyph id="w36664g6">
            <Coords points="2842,959 2842,959 2842,1112 2842,1112"/>
            <TextEquiv index="1" conf="0.9999316483736038">
              <Unicode>t</Unicode>
            </TextEquiv>
          </Glyph>
          <Glyph id="w36664g7">
            <Coords points="2869,959 2882,959 2882,1112 2869,1112"/>
            <TextEquiv index="1" conf="0.9999992251396179">
              <Unicode>r</Unicode>
            </TextEquiv>
          </Glyph>
          <Glyph id="w36664g8">
            <Coords points="2923,959 2936,959 2936,1112 2923,1112"/>
            <TextEquiv index="1" conf="0.9999975860118866">
              <Unicode>o</Unicode>
            </TextEquiv>
          </Glyph>
          <Glyph id="w36664g9">
            <Coords points="2977,959 2990,959 2990,1112 2977,1112"/>
            <TextEquiv index="1" conf="0.999963104724884">
              <Unicode>n</Unicode>
            </TextEquiv>
          </Glyph>
          <Glyph id="w36664g10">
            <Coords points="3044,959 3044,959 3044,1112 3044,1112"/>
            <TextEquiv index="1" conf="0.9999953806400299">
              <Unicode>t</Unicode>
            </TextEquiv>
          </Glyph>
          <TextEquiv index="1" conf="0.9998680856230943">
            <Unicode>paroiſtront</Unicode>
          </TextEquiv>
        </Word>
        <Word id="w36665">
          <Coords points="3098,959 3504,959 3504,1112 3098,1112"/>
          <Glyph id="w36665g0">
            <Coords points="3098,959 3112,959 3112,1112 3098,1112"/>
            <TextEquiv index="1" conf="0.9999261200428009">
              <Unicode>t</Unicode>
            </TextEquiv>
          </Glyph>
          <Glyph id="w36665g1">
            <Coords points="3153,959 3166,959 3166,1112 3153,1112"/>
            <TextEquiv index="1" conf="0.9999990463256836">
              <Unicode>o</Unicode>
            </TextEquiv>
          </Glyph>
          <Glyph id="w36665g2">
            <Coords points="3207,959 3220,959 3220,1112 3207,1112"/>
            <TextEquiv index="1" conf="0.9999994039535522">
              <Unicode>u</Unicode>
            </TextEquiv>
          </Glyph>
          <Glyph id="w36665g3">
            <Coords points="3274,959 3274,959 3274,1112 3274,1112"/>
            <TextEquiv index="1" conf="0.9999798834323883">
              <Unicode>ſ</Unicode>
            </TextEquiv>
          </Glyph>
          <Glyph id="w36665g4">
            <Coords points="3301,959 3301,959 3301,1112 3301,1112"/>
            <TextEquiv index="1" conf="0.9998743087053299">
              <Unicode>i</Unicode>
            </TextEquiv>
          </Glyph>
          <Glyph id="w36665g5">
            <Coords points="3342,959 3355,959 3355,1112 3342,1112"/>
            <TextEquiv index="1" conf="0.9999739229679108">
              <Unicode>o</Unicode>
            </TextEquiv>
          </Glyph>
          <Glyph id="w36665g6">
            <Coords points="3396,959 3396,959 3396,1112 3396,1112"/>
            <TextEquiv index="1" conf="0.9286716133356094">
              <Unicode>u</Unicode>
            </TextEquiv>
          </Glyph>
          <Glyph id="w36665g7">
            <Coords points="3504,959 3504,959 3504,1112 3504,1112"/>
            <TextEquiv index="1" conf="0.6196943670511246">
              <Unicode>s</Unicode>
            </TextEquiv>
          </Glyph>
          <TextEquiv index="1" conf="0.5753502510966744">
            <Unicode>touſious</Unicode>
          </TextEquiv>
        </Word>
        <Word id="w36666">
          <Coords points="3558,959 3720,959 3720,1112 3558,1112"/>
          <Glyph id="w36666g0">
            <Coords points="3558,959 3585,959 3585,1112 3558,1112"/>
            <TextEquiv index="1" conf="1.0">
              <Unicode>p</Unicode>
            </TextEquiv>
          </Glyph>
          <Glyph id="w36666g1">
            <Coords points="3612,959 3626,959 3626,1112 3612,1112"/>
            <TextEquiv index="1" conf="0.9999868273735046">
              <Unicode>l</Unicode>
            </TextEquiv>
          </Glyph>
          <Glyph id="w36666g2">
            <Coords points="3653,959 3666,959 3666,1112 3653,1112"/>
            <TextEquiv index="1" conf="0.999991774559021">
              <Unicode>u</Unicode>
            </TextEquiv>
          </Glyph>
          <Glyph id="w36666g3">
            <Coords points="3720,959 3720,959 3720,1112 3720,1112"/>
            <TextEquiv index="1" conf="1.0">
              <Unicode>s</Unicode>
            </TextEquiv>
          </Glyph>
          <TextEquiv index="1" conf="0.9999786020408763">
            <Unicode>plus</Unicode>
          </TextEquiv>
        </Word>
        <Word id="w36667">
          <Coords points="3775,959 4031,959 4031,1112 3775,1112"/>
          <Glyph id="w36667g0">
            <Coords points="3775,959 3788,959 3788,1112 3775,1112"/>
            <TextEquiv index="1" conf="0.999999463558197">
              <Unicode>b</Unicode>
            </TextEquiv>
          </Glyph>
          <Glyph id="w36667g1">
            <Coords points="3842,959 3856,959 3856,1112 3842,1112"/>
            <TextEquiv index="1" conf="0.999989926815033">
              <Unicode>e</Unicode>
            </TextEquiv>
          </Glyph>
          <Glyph id="w36667g2">
            <Coords points="3883,959 3883,959 3883,1112 3883,1112"/>
            <TextEquiv index="1" conf="0.9999993741512299">
              <Unicode>l</Unicode>
            </TextEquiv>
          </Glyph>
          <Glyph id="w36667g3">
            <Coords points="3910,959 3923,959 3923,1112 3910,1112"/>
            <TextEquiv index="1" conf="0.9999533295631409">
              <Unicode>l</Unicode>
            </TextEquiv>
          </Glyph>
          <Glyph id="w36667g4">
            <Coords points="3964,959 3964,959 3964,1112 3964,1112"/>
            <TextEquiv index="1" conf="0.9999962449073792">
              <Unicode>e</Unicode>
            </TextEquiv>
          </Glyph>
          <Glyph id="w36667g5">
            <Coords points="4004,959 4004,959 4004,1112 4004,1112"/>
            <TextEquiv index="1" conf="0.9999885559082031">
              <Unicode>s</Unicode>
            </TextEquiv>
          </Glyph>
          <Glyph id="w36667g6">
            <Coords points="4031,959 4031,959 4031,1112 4031,1112"/>
            <TextEquiv index="1" conf="0.9999989867210388">
              <Unicode>.</Unicode>
            </TextEquiv>
          </Glyph>
          <TextEquiv index="1" conf="0.9999258831577895">
            <Unicode>belles.</Unicode>
          </TextEquiv>
        </Word>
        <Word id="w36668">
          <Coords points="4167,959 4275,959 4275,1112 4167,1112"/>
          <Glyph id="w36668g0">
            <Coords points="4167,959 4180,959 4180,1112 4167,1112"/>
            <TextEquiv index="1" conf="0.9999513030052185">
              <Unicode>C</Unicode>
            </TextEquiv>
          </Glyph>
          <Glyph id="w36668g1">
            <Coords points="4207,959 4221,959 4221,1112 4207,1112"/>
            <TextEquiv index="1" conf="0.9999997317790985">
              <Unicode>a</Unicode>
            </TextEquiv>
          </Glyph>
          <Glyph id="w36668g2">
            <Coords points="4261,959 4275,959 4275,1112 4261,1112"/>
            <TextEquiv index="1" conf="0.9995875805616379">
              <Unicode>r</Unicode>
            </TextEquiv>
          </Glyph>
          <TextEquiv index="1" conf="0.9995386355532178">
            <Unicode>Car</Unicode>
          </TextEquiv>
        </Word>
        <Word id="w36669">
          <Coords points="4342,959 4599,959 4599,1112 4342,1112"/>
          <Glyph id="w36669g0">
            <Coords points="4342,959 4356,959 4356,1112 4342,1112"/>
            <TextEquiv index="1" conf="0.9999999701976776">
              <Unicode>q</Unicode>
            </TextEquiv>
          </Glyph>
          <Glyph id="w36669g1">
            <Coords points="4383,959 4396,959 4396,1112 4383,1112"/>
            <TextEquiv index="1" conf="0.9999999701976776">
              <Unicode>u</Unicode>
            </TextEquiv>
          </Glyph>
          <Glyph id="w36669g2">
            <Coords points="4451,959 4464,959 4464,1112 4451,1112"/>
            <TextEquiv index="1" conf="0.9999998509883881">
              <Unicode>a</Unicode>
            </TextEquiv>
          </Glyph>
          <Glyph id="w36669g3">
            <Coords points="4505,959 4505,959 4505,1112 4505,1112"/>
            <TextEquiv index="1" conf="0.9999999701976776">
              <Unicode>n</Unicode>
            </TextEquiv>
          </Glyph>
          <Glyph id="w36669g4">
            <Coords points="4586,959 4599,959 4599,1112 4586,1112"/>
            <TextEquiv index="1" conf="0.9999991953372955">
              <Unicode>d</Unicode>
            </TextEquiv>
          </Glyph>
          <TextEquiv index="1" conf="0.9999989569189243">
            <Unicode>quand</Unicode>
          </TextEquiv>
        </Word>
        <Word id="w36670">
          <Coords points="4667,959 4721,959 4721,1112 4667,1112"/>
          <Glyph id="w36670g0">
            <Coords points="4667,959 4667,959 4667,1112 4667,1112"/>
            <TextEquiv index="1" conf="0.999986857175827">
              <Unicode>o</Unicode>
            </TextEquiv>
          </Glyph>
          <Glyph id="w36670g1">
            <Coords points="4721,959 4721,959 4721,1112 4721,1112"/>
            <TextEquiv index="1" conf="0.9999999701976776">
              <Unicode>n</Unicode>
            </TextEquiv>
          </Glyph>
          <TextEquiv index="1" conf="0.9999868273738963">
            <Unicode>on</Unicode>
          </TextEquiv>
        </Word>
        <Word id="w36671">
          <Coords points="4802,959 4964,959 4964,1112 4802,1112"/>
          <Glyph id="w36671g0">
            <Coords points="4802,959 4802,959 4802,1112 4802,1112"/>
            <TextEquiv index="1" conf="1.0">
              <Unicode>a</Unicode>
            </TextEquiv>
          </Glyph>
          <Glyph id="w36671g1">
            <Coords points="4856,959 4856,959 4856,1112 4856,1112"/>
            <TextEquiv index="1" conf="0.9999999701976776">
              <Unicode>u</Unicode>
            </TextEquiv>
          </Glyph>
          <Glyph id="w36671g2">
            <Coords points="4910,959 4924,959 4924,1112 4910,1112"/>
            <TextEquiv index="1" conf="0.9999998509883881">
              <Unicode>r</Unicode>
            </TextEquiv>
          </Glyph>
          <Glyph id="w36671g3">
            <Coords points="4964,959 4964,959 4964,1112 4964,1112"/>
            <TextEquiv index="1" conf="0.9999981820583344">
              <Unicode>a</Unicode>
            </TextEquiv>
          </Glyph>
          <TextEquiv index="1" conf="0.9999980032447295">
            <Unicode>aura</Unicode>
          </TextEquiv>
        </Word>
        <TextEquiv conf="0.9949748323339483" index="1">
          <Unicode>contrerollées, pratiquées, &amp; repetées en paroiſtront touſious plus belles. Car quand on aura</Unicode>
        </TextEquiv>
      </TextLine>
      <TextLine id="r3_l006">
        <Coords points="1052,1246 1053,1245 1058,1245 1059,1244 1060,1244 1061,1243 1062,1243 1063,1242 1064,1242 1066,1240 1067,1240 1070,1237 1071,1237 1074,1234 1074,1233 1075,1232 1075,1231 1076,1230 1076,1229 1077,1228 1077,1227 1078,1226 1078,1210 1079,1209 1178,1209 1179,1208 1333,1208 1334,1209 1597,1209 1598,1210 1735,1210 1736,1211 1742,1211 1743,1210 1879,1210 1880,1209 2034,1209 2035,1210 2037,1210 2037,1209 2038,1208 2114,1208 2115,1207 2158,1207 2159,1206 2160,1206 2161,1205 2303,1205 2303,1206 2303,1224 2306,1226 2307,1226 2308,1225 2309,1225 2312,1222 2313,1222 2317,1218 2317,1214 2318,1213 2318,1208 2319,1207 2389,1207 2390,1206 2391,1206 2392,1205 2393,1205 2394,1204 2396,1204 2397,1203 2438,1203 2439,1202 2442,1202 2443,1201 2509,1201 2510,1200 2617,1200 2619,1198 2655,1198 2656,1197 2817,1197 2818,1198 2846,1198 2847,1199 2894,1199 2895,1200 2943,1200 2943,1201 2943,1241 2945,1242 2946,1242 2947,1243 2948,1243 2949,1244 2956,1244 2957,1245 2962,1245 2963,1244 2968,1244 2968,1206 2969,1205 3127,1205 3128,1206 3132,1206 3133,1205 3136,1205 3137,1204 3372,1204 3372,1205 3372,1216 3374,1217 3377,1217 3378,1216 3381,1216 3382,1215 3384,1215 3385,1214 3386,1214 3387,1213 3388,1213 3393,1208 3393,1207 3395,1205 3395,1204 3396,1203 3552,1203 3553,1204 3558,1204 3559,1203 3638,1203 3640,1201 3909,1201 3909,1202 3909,1241 3910,1241 3913,1241 3913,1202 3914,1201 3914,1202 3914,1237 3916,1238 3940,1238 3941,1237 3942,1237 3943,1236 3943,1202 3944,1201 4036,1201 4037,1200 4197,1200 4198,1201 4262,1201 4263,1202 4265,1202 4266,1203 4415,1203 4416,1204 4419,1204 4420,1203 4421,1203 4422,1202 4628,1202 4629,1201 4678,1201 4679,1200 4680,1200 4681,1199 4780,1199 4781,1198 4924,1198 4925,1199 4928,1199 4929,1198 4957,1198 4958,1197 4960,1197 4961,1196 4962,1196 4963,1195 4964,1195 4965,1194 4965,1192 4966,1191 4966,1181 4965,1179 4955,1179 4954,1179 4954,1153 4953,1152 4953,1148 4951,1146 4951,1145 4948,1141 4946,1141 4945,1140 4944,1140 4943,1139 4908,1139 4907,1139 4907,1104 4906,1103 4906,1102 4905,1100 4782,1100 4781,1099 4777,1099 4776,1100 4774,1100 4773,1101 4772,1101 4771,1102 4768,1102 4767,1103 4766,1103 4763,1106 4763,1143 4762,1143 4761,1144 4634,1144 4633,1144 4633,1111 4632,1110 4632,1105 4632,1104 4631,1104 4630,1103 4618,1103 4617,1104 4616,1104 4615,1105 4614,1105 4612,1107 4612,1145 4486,1145 4485,1145 4485,1140 4484,1138 4456,1138 4455,1138 4455,1118 4454,1117 4454,1116 4453,1114 4449,1114 4444,1119 4444,1138 4409,1138 4405,1142 4405,1143 4404,1144 4381,1144 4380,1145 4170,1145 4169,1145 4169,1117 4168,1116 4168,1115 4167,1113 4166,1113 4165,1112 4146,1112 4145,1112 4145,1107 4144,1105 4114,1105 4113,1106 4111,1106 4110,1107 4109,1107 4107,1109 4106,1109 4105,1110 4105,1141 3936,1141 3935,1141 3935,1140 3935,1139 3934,1139 3933,1140 3825,1140 3824,1141 3730,1141 3729,1142 3689,1142 3688,1143 3686,1143 3684,1145 3520,1145 3519,1146 3343,1146 3342,1147 3128,1147 3127,1147 3127,1142 3125,1139 3124,1139 3120,1143 3120,1145 2958,1145 2957,1144 2921,1144 2920,1143 2918,1143 2917,1142 2915,1142 2914,1141 2859,1141 2858,1140 2828,1140 2827,1140 2827,1121 2826,1120 2826,1110 2825,1108 2822,1108 2817,1113 2817,1114 2816,1115 2816,1138 2755,1138 2754,1139 2615,1139 2614,1139 2614,1104 2613,1102 2510,1102 2509,1103 2503,1103 2502,1104 2501,1104 2500,1105 2499,1105 2498,1106 2497,1106 2496,1107 2496,1128 2291,1128 2290,1128 2290,1116 2290,1115 2289,1115 2287,1113 2283,1113 2279,1117 2084,1117 2083,1117 2083,1115 2081,1112 2079,1112 2078,1113 2055,1113 2054,1114 1986,1114 1983,1117 1983,1150 1939,1150 1938,1151 1800,1151 1799,1151 1799,1115 1797,1112 1698,1112 1697,1111 1694,1111 1693,1110 1688,1110 1687,1111 1685,1111 1684,1112 1682,1112 1681,1113 1680,1113 1677,1116 1677,1153 1530,1153 1529,1153 1529,1118 1528,1117 1528,1116 1528,1115 1525,1115 1524,1116 1519,1116 1518,1117 1517,1117 1516,1118 1515,1118 1514,1119 1514,1151 1428,1151 1427,1152 1426,1152 1425,1153 1287,1153 1286,1152 1233,1152 1232,1152 1232,1151 1232,1150 1229,1150 1228,1151 1178,1151 1177,1152 1048,1152 1047,1151 1012,1151 1011,1151 1011,1124 1009,1121 981,1121 980,1121 980,1113 978,1110 977,1110 976,1109 974,1109 973,1110 970,1110 969,1111 967,1111 966,1112 964,1112 963,1113 961,1113 959,1115 959,1151 957,1151 956,1152 947,1152 946,1153 875,1153 874,1154 685,1154 684,1154 684,1150 683,1149 683,1148 683,1147 655,1147 654,1147 654,1126 652,1123 597,1123 596,1123 596,1119 595,1118 595,1117 593,1114 590,1114 589,1113 585,1113 584,1112 581,1112 580,1113 575,1113 574,1114 568,1114 567,1115 565,1115 564,1116 563,1116 560,1119 560,1120 559,1121 559,1122 558,1123 558,1124 557,1125 557,1126 555,1128 555,1134 554,1135 554,1137 553,1138 553,1145 552,1146 552,1158 548,1158 547,1159 546,1159 544,1161 544,1162 543,1163 543,1165 544,1165 546,1165 546,1166 546,1208 547,1208 553,1208 554,1209 594,1209 596,1211 622,1211 623,1210 771,1210 772,1209 800,1209 801,1208 1021,1208 1021,1209 1021,1235 1023,1237 1023,1238 1028,1242 1029,1242 1031,1244 1033,1244 1034,1245 1037,1245 1038,1246 1052,1246"/>
        <Word id="w36672">
          <Coords points="593,1099 727,1099 727,1246 593,1246"/>
          <Glyph id="w36672g0">
            <Coords points="593,1099 607,1099 607,1246 593,1246"/>
            <TextEquiv index="1" conf="0.9999928772449493">
              <Unicode>f</Unicode>
            </TextEquiv>
          </Glyph>
          <Glyph id="w36672g1">
            <Coords points="633,1099 647,1099 647,1246 633,1246"/>
            <TextEquiv index="1" conf="0.9999999105930328">
              <Unicode>a</Unicode>
            </TextEquiv>
          </Glyph>
          <Glyph id="w36672g2">
            <Coords points="687,1099 687,1099 687,1246 687,1246"/>
            <TextEquiv index="1" conf="0.9999991655349731">
              <Unicode>i</Unicode>
            </TextEquiv>
          </Glyph>
          <Glyph id="w36672g3">
            <Coords points="714,1099 727,1099 727,1246 714,1246"/>
            <TextEquiv index="1" conf="0.9999774694442749">
              <Unicode>t</Unicode>
            </TextEquiv>
          </Glyph>
          <TextEquiv index="1" conf="0.9999694230051802">
            <Unicode>fait</Unicode>
          </TextEquiv>
        </Word>
        <Word id="w36673">
          <Coords points="780,1099 914,1099 914,1246 780,1246"/>
          <Glyph id="w36673g0">
            <Coords points="780,1099 780,1099 780,1246 780,1246"/>
            <TextEquiv index="1" conf="0.9999976754188538">
              <Unicode>u</Unicode>
            </TextEquiv>
          </Glyph>
          <Glyph id="w36673g1">
            <Coords points="847,1099 847,1099 847,1246 847,1246"/>
            <TextEquiv index="1" conf="1.0">
              <Unicode>n</Unicode>
            </TextEquiv>
          </Glyph>
          <Glyph id="w36673g2">
            <Coords points="914,1099 914,1099 914,1246 914,1246"/>
            <TextEquiv index="1" conf="0.9999962449073792">
              <Unicode>e</Unicode>
            </TextEquiv>
          </Glyph>
          <TextEquiv index="1" conf="0.9999939203349619">
            <Unicode>une</Unicode>
          </TextEquiv>
        </Word>
        <Word id="w36674">
          <Coords points="994,1099 1208,1099 1208,1246 994,1246"/>
          <Glyph id="w36674g0">
            <Coords points="994,1099 1008,1099 1008,1246 994,1246"/>
            <TextEquiv index="1" conf="0.9999995827674866">
              <Unicode>d</Unicode>
            </TextEquiv>
          </Glyph>
          <Glyph id="w36674g1">
            <Coords points="1034,1099 1048,1099 1048,1246 1034,1246"/>
            <TextEquiv index="1" conf="0.999998927116394">
              <Unicode>i</Unicode>
            </TextEquiv>
          </Glyph>
          <Glyph id="w36674g2">
            <Coords points="1088,1099 1101,1099 1101,1246 1088,1246"/>
            <TextEquiv index="1" conf="1.0">
              <Unicode>g</Unicode>
            </TextEquiv>
          </Glyph>
          <Glyph id="w36674g3">
            <Coords points="1141,1099 1141,1099 1141,1246 1141,1246"/>
            <TextEquiv index="1" conf="0.9999997913837433">
              <Unicode>n</Unicode>
            </TextEquiv>
          </Glyph>
          <Glyph id="w36674g4">
            <Coords points="1208,1099 1208,1099 1208,1246 1208,1246"/>
            <TextEquiv index="1" conf="0.9999985694885254">
              <Unicode>e</Unicode>
            </TextEquiv>
          </Glyph>
          <TextEquiv index="1" conf="0.9999968707593379">
            <Unicode>digne</Unicode>
          </TextEquiv>
        </Word>
        <Word id="w36675">
          <Coords points="1262,1099 1649,1099 1649,1246 1262,1246"/>
          <Glyph id="w36675g0">
            <Coords points="1262,1099 1275,1099 1275,1246 1262,1246"/>
            <TextEquiv index="1" conf="0.9999972581863403">
              <Unicode>r</Unicode>
            </TextEquiv>
          </Glyph>
          <Glyph id="w36675g1">
            <Coords points="1315,1099 1328,1099 1328,1246 1315,1246"/>
            <TextEquiv index="1" conf="0.9999734163284302">
              <Unicode>e</Unicode>
            </TextEquiv>
          </Glyph>
          <Glyph id="w36675g2">
            <Coords points="1368,1099 1382,1099 1382,1246 1368,1246"/>
            <TextEquiv index="1" conf="0.999839723110199">
              <Unicode>c</Unicode>
            </TextEquiv>
          </Glyph>
          <Glyph id="w36675g3">
            <Coords points="1422,1099 1422,1099 1422,1246 1422,1246"/>
            <TextEquiv index="1" conf="0.9999922513961792">
              <Unicode>e</Unicode>
            </TextEquiv>
          </Glyph>
          <Glyph id="w36675g4">
            <Coords points="1462,1099 1475,1099 1475,1246 1462,1246"/>
            <TextEquiv index="1" conf="0.9999989569187164">
              <Unicode>r</Unicode>
            </TextEquiv>
          </Glyph>
          <Glyph id="w36675g5">
            <Coords points="1515,1099 1529,1099 1529,1246 1515,1246"/>
            <TextEquiv index="1" conf="0.9999801218509674">
              <Unicode>c</Unicode>
            </TextEquiv>
          </Glyph>
          <Glyph id="w36675g6">
            <Coords points="1556,1099 1569,1099 1569,1246 1556,1246"/>
            <TextEquiv index="1" conf="1.0">
              <Unicode>h</Unicode>
            </TextEquiv>
          </Glyph>
          <Glyph id="w36675g7">
            <Coords points="1636,1099 1649,1099 1649,1246 1636,1246"/>
            <TextEquiv index="1" conf="0.9999987483024597">
              <Unicode>e</Unicode>
            </TextEquiv>
          </Glyph>
          <TextEquiv index="1" conf="0.9997804867581053">
            <Unicode>recerche</Unicode>
          </TextEquiv>
        </Word>
        <Word id="w36676">
          <Coords points="1716,1099 1769,1099 1769,1246 1716,1246"/>
          <Glyph id="w36676g0">
            <Coords points="1716,1099 1729,1099 1729,1246 1716,1246"/>
            <TextEquiv index="1" conf="0.9999999403953552">
              <Unicode>d</Unicode>
            </TextEquiv>
          </Glyph>
          <Glyph id="w36676g1">
            <Coords points="1769,1099 1769,1099 1769,1246 1769,1246"/>
            <TextEquiv index="1" conf="0.9999983310699463">
              <Unicode>e</Unicode>
            </TextEquiv>
          </Glyph>
          <TextEquiv index="1" conf="0.999998271465401">
            <Unicode>de</Unicode>
          </TextEquiv>
        </Word>
        <Word id="w36677">
          <Coords points="1823,1099 1983,1099 1983,1246 1823,1246"/>
          <Glyph id="w36677g0">
            <Coords points="1823,1099 1823,1099 1823,1246 1823,1246"/>
            <TextEquiv index="1" conf="0.999999463558197">
              <Unicode>l</Unicode>
            </TextEquiv>
          </Glyph>
          <Glyph id="w36677g1">
            <Coords points="1863,1099 1876,1099 1876,1246 1863,1246"/>
            <TextEquiv index="1" conf="0.9999956488609314">
              <Unicode>e</Unicode>
            </TextEquiv>
          </Glyph>
          <Glyph id="w36677g2">
            <Coords points="1916,1099 1916,1099 1916,1246 1916,1246"/>
            <TextEquiv index="1" conf="0.9999998807907104">
              <Unicode>u</Unicode>
            </TextEquiv>
          </Glyph>
          <Glyph id="w36677g3">
            <Coords points="1983,1099 1983,1099 1983,1246 1983,1246"/>
            <TextEquiv index="1" conf="0.9999999701976776">
              <Unicode>r</Unicode>
            </TextEquiv>
          </Glyph>
          <TextEquiv index="1" conf="0.9999949634105825">
            <Unicode>leur</Unicode>
          </TextEquiv>
        </Word>
        <Word id="w36678">
          <Coords points="2090,1099 2344,1099 2344,1246 2090,1246"/>
          <Glyph id="w36678g0">
            <Coords points="2090,1099 2090,1099 2090,1246 2090,1246"/>
            <TextEquiv index="1" conf="0.9993097931146622">
              <Unicode>V</Unicode>
            </TextEquiv>
          </Glyph>
          <Glyph id="w36678g1">
            <Coords points="2144,1099 2157,1099 2157,1246 2144,1246"/>
            <TextEquiv index="1" conf="0.9999421536922455">
              <Unicode>e</Unicode>
            </TextEquiv>
          </Glyph>
          <Glyph id="w36678g2">
            <Coords points="2184,1099 2197,1099 2197,1246 2184,1246"/>
            <TextEquiv index="1" conf="0.9999999701976776">
              <Unicode>r</Unicode>
            </TextEquiv>
          </Glyph>
          <Glyph id="w36678g3">
            <Coords points="2224,1099 2224,1099 2224,1246 2224,1246"/>
            <TextEquiv index="1" conf="0.9999988675117493">
              <Unicode>i</Unicode>
            </TextEquiv>
          </Glyph>
          <Glyph id="w36678g4">
            <Coords points="2264,1099 2264,1099 2264,1246 2264,1246"/>
            <TextEquiv index="1" conf="0.9999988675117493">
              <Unicode>t</Unicode>
            </TextEquiv>
          </Glyph>
          <Glyph id="w36678g5">
            <Coords points="2317,1099 2317,1099 2317,1246 2317,1246"/>
            <TextEquiv index="1" conf="0.9999792277812958">
              <Unicode>é</Unicode>
            </TextEquiv>
          </Glyph>
          <Glyph id="w36678g6">
            <Coords points="2344,1099 2344,1099 2344,1246 2344,1246"/>
            <TextEquiv index="1" conf="0.9999994039535522">
              <Unicode>,</Unicode>
            </TextEquiv>
          </Glyph>
          <TextEquiv index="1" conf="0.9992283414518423">
            <Unicode>Verité,</Unicode>
          </TextEquiv>
        </Word>
        <Word id="w36679">
          <Coords points="2464,1099 2464,1099 2464,1246 2464,1246"/>
          <Glyph id="w36679g0">
            <Coords points="2464,1099 2464,1099 2464,1246 2464,1246"/>
            <TextEquiv index="1" conf="0.9999997615814209">
              <Unicode>&amp;</Unicode>
            </TextEquiv>
          </Glyph>
          <TextEquiv index="1" conf="0.9999997615814209">
            <Unicode>&amp;</Unicode>
          </TextEquiv>
        </Word>
        <Word id="w36680">
          <Coords points="2531,1099 2598,1099 2598,1246 2531,1246"/>
          <Glyph id="w36680g0">
            <Coords points="2531,1099 2544,1099 2544,1246 2531,1246"/>
            <TextEquiv index="1" conf="1.0">
              <Unicode>d</Unicode>
            </TextEquiv>
          </Glyph>
          <Glyph id="w36680g1">
            <Coords points="2585,1099 2598,1099 2598,1246 2585,1246"/>
            <TextEquiv index="1" conf="0.9999841153621674">
              <Unicode>e</Unicode>
            </TextEquiv>
          </Glyph>
          <TextEquiv index="1" conf="0.9999841153621674">
            <Unicode>de</Unicode>
          </TextEquiv>
        </Word>
        <Word id="w36681">
          <Coords points="2638,1099 2798,1099 2798,1246 2638,1246"/>
          <Glyph id="w36681g0">
            <Coords points="2638,1099 2638,1099 2638,1246 2638,1246"/>
            <TextEquiv index="1" conf="0.9999977648258209">
              <Unicode>l</Unicode>
            </TextEquiv>
          </Glyph>
          <Glyph id="w36681g1">
            <Coords points="2678,1099 2692,1099 2692,1246 2678,1246"/>
            <TextEquiv index="1" conf="0.9999936819076538">
              <Unicode>e</Unicode>
            </TextEquiv>
          </Glyph>
          <Glyph id="w36681g2">
            <Coords points="2732,1099 2745,1099 2745,1246 2732,1246"/>
            <TextEquiv index="1" conf="0.9999998509883881">
              <Unicode>u</Unicode>
            </TextEquiv>
          </Glyph>
          <Glyph id="w36681g3">
            <Coords points="2798,1099 2798,1099 2798,1246 2798,1246"/>
            <TextEquiv index="1" conf="0.9999999105930328">
              <Unicode>r</Unicode>
            </TextEquiv>
          </Glyph>
          <TextEquiv index="1" conf="0.9999912083310702">
            <Unicode>leur</Unicode>
          </TextEquiv>
        </Word>
        <Word id="w36682">
          <Coords points="2852,1099 3427,1099 3427,1246 2852,1246"/>
          <Glyph id="w36682g0">
            <Coords points="2852,1099 2865,1099 2865,1246 2852,1246"/>
            <TextEquiv index="1" conf="0.9999972581863403">
              <Unicode>i</Unicode>
            </TextEquiv>
          </Glyph>
          <Glyph id="w36682g1">
            <Coords points="2932,1099 2932,1099 2932,1246 2932,1246"/>
            <TextEquiv index="1" conf="1.0">
              <Unicode>m</Unicode>
            </TextEquiv>
          </Glyph>
          <Glyph id="w36682g2">
            <Coords points="2999,1099 3012,1099 3012,1246 2999,1246"/>
            <TextEquiv index="1" conf="1.0">
              <Unicode>p</Unicode>
            </TextEquiv>
          </Glyph>
          <Glyph id="w36682g3">
            <Coords points="3066,1099 3079,1099 3079,1246 3066,1246"/>
            <TextEquiv index="1" conf="0.9999957084655762">
              <Unicode>o</Unicode>
            </TextEquiv>
          </Glyph>
          <Glyph id="w36682g4">
            <Coords points="3119,1099 3119,1099 3119,1246 3119,1246"/>
            <TextEquiv index="1" conf="0.9999998509883881">
              <Unicode>r</Unicode>
            </TextEquiv>
          </Glyph>
          <Glyph id="w36682g5">
            <Coords points="3159,1099 3159,1099 3159,1246 3159,1246"/>
            <TextEquiv index="1" conf="0.9999994337558746">
              <Unicode>t</Unicode>
            </TextEquiv>
          </Glyph>
          <Glyph id="w36682g6">
            <Coords points="3199,1099 3213,1099 3213,1246 3199,1246"/>
            <TextEquiv index="1" conf="0.9999967813491821">
              <Unicode>a</Unicode>
            </TextEquiv>
          </Glyph>
          <Glyph id="w36682g7">
            <Coords points="3253,1099 3266,1099 3266,1246 3253,1246"/>
            <TextEquiv index="1" conf="1.0">
              <Unicode>n</Unicode>
            </TextEquiv>
          </Glyph>
          <Glyph id="w36682g8">
            <Coords points="3333,1099 3333,1099 3333,1246 3333,1246"/>
            <TextEquiv index="1" conf="0.9999997615814209">
              <Unicode>c</Unicode>
            </TextEquiv>
          </Glyph>
          <Glyph id="w36682g9">
            <Coords points="3386,1099 3386,1099 3386,1246 3386,1246"/>
            <TextEquiv index="1" conf="0.9999997615814209">
              <Unicode>e</Unicode>
            </TextEquiv>
          </Glyph>
          <Glyph id="w36682g10">
            <Coords points="3413,1099 3427,1099 3427,1246 3413,1246"/>
            <TextEquiv index="1" conf="0.9999602735042572">
              <Unicode>,</Unicode>
            </TextEquiv>
          </Glyph>
          <TextEquiv index="1" conf="0.9999488299142002">
            <Unicode>importance,</Unicode>
          </TextEquiv>
        </Word>
        <Word id="w36683">
          <Coords points="3507,1099 3560,1099 3560,1246 3507,1246"/>
          <Glyph id="w36683g0">
            <Coords points="3507,1099 3507,1099 3507,1246 3507,1246"/>
            <TextEquiv index="1" conf="0.9999935328960419">
              <Unicode>o</Unicode>
            </TextEquiv>
          </Glyph>
          <Glyph id="w36683g1">
            <Coords points="3560,1099 3560,1099 3560,1246 3560,1246"/>
            <TextEquiv index="1" conf="1.0">
              <Unicode>n</Unicode>
            </TextEquiv>
          </Glyph>
          <TextEquiv index="1" conf="0.9999935328960419">
            <Unicode>on</Unicode>
          </TextEquiv>
        </Word>
        <Word id="w36684">
          <Coords points="3667,1099 3854,1099 3854,1246 3667,1246"/>
          <Glyph id="w36684g0">
            <Coords points="3667,1099 3680,1099 3680,1246 3667,1246"/>
            <TextEquiv index="1" conf="0.9999951124191284">
              <Unicode>v</Unicode>
            </TextEquiv>
          </Glyph>
          <Glyph id="w36684g1">
            <Coords points="3721,1099 3734,1099 3734,1246 3721,1246"/>
            <TextEquiv index="1" conf="0.9999993145465851">
              <Unicode>e</Unicode>
            </TextEquiv>
          </Glyph>
          <Glyph id="w36684g2">
            <Coords points="3774,1099 3774,1099 3774,1246 3774,1246"/>
            <TextEquiv index="1" conf="0.9999997913837433">
              <Unicode>r</Unicode>
            </TextEquiv>
          </Glyph>
          <Glyph id="w36684g3">
            <Coords points="3814,1099 3814,1099 3814,1246 3814,1246"/>
            <TextEquiv index="1" conf="0.9999999701976776">
              <Unicode>r</Unicode>
            </TextEquiv>
          </Glyph>
          <Glyph id="w36684g4">
            <Coords points="3854,1099 3854,1099 3854,1246 3854,1246"/>
            <TextEquiv index="1" conf="1.0">
              <Unicode>a</Unicode>
            </TextEquiv>
          </Glyph>
          <TextEquiv index="1" conf="0.9999941885518195">
            <Unicode>verra</Unicode>
          </TextEquiv>
        </Word>
        <Word id="w36685">
          <Coords points="3948,1099 4081,1099 4081,1246 3948,1246"/>
          <Glyph id="w36685g0">
            <Coords points="3948,1099 3974,1099 3974,1246 3948,1246"/>
            <TextEquiv index="1" conf="1.0">
              <Unicode>q</Unicode>
            </TextEquiv>
          </Glyph>
          <Glyph id="w36685g1">
            <Coords points="4001,1099 4001,1099 4001,1246 4001,1246"/>
            <TextEquiv index="1" conf="1.0">
              <Unicode>u</Unicode>
            </TextEquiv>
          </Glyph>
          <Glyph id="w36685g2">
            <Coords points="4068,1099 4081,1099 4081,1246 4068,1246"/>
            <TextEquiv index="1" conf="0.9999995827674866">
              <Unicode>e</Unicode>
            </TextEquiv>
          </Glyph>
          <TextEquiv index="1" conf="0.9999995827674866">
            <Unicode>que</Unicode>
          </TextEquiv>
        </Word>
        <Word id="w36686">
          <Coords points="4148,1099 4709,1099 4709,1246 4148,1246"/>
          <Glyph id="w36686g0">
            <Coords points="4148,1099 4148,1099 4148,1246 4148,1246"/>
            <TextEquiv index="1" conf="0.9999339580535889">
              <Unicode>l</Unicode>
            </TextEquiv>
          </Glyph>
          <Glyph id="w36686g1">
            <Coords points="4162,1099 4175,1099 4175,1246 4162,1246"/>
            <TextEquiv index="1" conf="0.9998654425144196">
              <Unicode>’</Unicode>
            </TextEquiv>
          </Glyph>
          <Glyph id="w36686g2">
            <Coords points="4188,1099 4202,1099 4202,1246 4188,1246"/>
            <TextEquiv index="1" conf="0.9999982118606567">
              <Unicode>i</Unicode>
            </TextEquiv>
          </Glyph>
          <Glyph id="w36686g3">
            <Coords points="4228,1099 4242,1099 4242,1246 4228,1246"/>
            <TextEquiv index="1" conf="0.999999463558197">
              <Unicode>n</Unicode>
            </TextEquiv>
          </Glyph>
          <Glyph id="w36686g4">
            <Coords points="4309,1099 4309,1099 4309,1246 4309,1246"/>
            <TextEquiv index="1" conf="0.9999997615814209">
              <Unicode>c</Unicode>
            </TextEquiv>
          </Glyph>
          <Glyph id="w36686g5">
            <Coords points="4362,1099 4362,1099 4362,1246 4362,1246"/>
            <TextEquiv index="1" conf="0.9999984204769135">
              <Unicode>e</Unicode>
            </TextEquiv>
          </Glyph>
          <Glyph id="w36686g6">
            <Coords points="4402,1099 4402,1099 4402,1246 4402,1246"/>
            <TextEquiv index="1" conf="0.9999994933605194">
              <Unicode>r</Unicode>
            </TextEquiv>
          </Glyph>
          <Glyph id="w36686g7">
            <Coords points="4442,1099 4456,1099 4456,1246 4442,1246"/>
            <TextEquiv index="1" conf="0.9999798238277435">
              <Unicode>t</Unicode>
            </TextEquiv>
          </Glyph>
          <Glyph id="w36686g8">
            <Coords points="4482,1099 4482,1099 4482,1246 4482,1246"/>
            <TextEquiv index="1" conf="0.9999997019767761">
              <Unicode>i</Unicode>
            </TextEquiv>
          </Glyph>
          <Glyph id="w36686g9">
            <Coords points="4522,1099 4522,1099 4522,1246 4522,1246"/>
            <TextEquiv index="1" conf="0.9999991059303284">
              <Unicode>t</Unicode>
            </TextEquiv>
          </Glyph>
          <Glyph id="w36686g10">
            <Coords points="4562,1099 4576,1099 4576,1246 4562,1246"/>
            <TextEquiv index="1" conf="0.999999612569809">
              <Unicode>u</Unicode>
            </TextEquiv>
          </Glyph>
          <Glyph id="w36686g11">
            <Coords points="4656,1099 4656,1099 4656,1246 4656,1246"/>
            <TextEquiv index="1" conf="1.0">
              <Unicode>d</Unicode>
            </TextEquiv>
          </Glyph>
          <Glyph id="w36686g12">
            <Coords points="4709,1099 4709,1099 4709,1246 4709,1246"/>
            <TextEquiv index="1" conf="0.9999989867210388">
              <Unicode>e</Unicode>
            </TextEquiv>
          </Glyph>
          <TextEquiv index="1" conf="0.9997719969857936">
            <Unicode>l’incertitude</Unicode>
          </TextEquiv>
        </Word>
        <Word id="w36687">
          <Coords points="4803,1099 4870,1099 4870,1246 4803,1246"/>
          <Glyph id="w36687g0">
            <Coords points="4803,1099 4816,1099 4816,1246 4803,1246"/>
            <TextEquiv index="1" conf="0.9999999403953552">
              <Unicode>d</Unicode>
            </TextEquiv>
          </Glyph>
          <Glyph id="w36687g1">
            <Coords points="4857,1099 4870,1099 4870,1246 4857,1246"/>
            <TextEquiv index="1" conf="0.9998995065689087">
              <Unicode>e</Unicode>
            </TextEquiv>
          </Glyph>
          <TextEquiv index="1" conf="0.9998994469702538">
            <Unicode>de</Unicode>
          </TextEquiv>
        </Word>
        <Word id="w36688">
          <Coords points="4937,1099 4977,1099 4977,1246 4937,1246"/>
          <Glyph id="w36688g0">
            <Coords points="4937,1099 4937,1099 4937,1246 4937,1246"/>
            <TextEquiv index="1" conf="0.9999980926513672">
              <Unicode>l</Unicode>
            </TextEquiv>
          </Glyph>
          <Glyph id="w36688g1">
            <Coords points="4963,1099 4977,1099 4977,1246 4963,1246"/>
            <TextEquiv index="1" conf="0.9999981820583344">
              <Unicode>a</Unicode>
            </TextEquiv>
          </Glyph>
          <TextEquiv index="1" conf="0.999996274713169">
            <Unicode>la</Unicode>
          </TextEquiv>
        </Word>
        <TextEquiv conf="0.9999354503890301" index="1">
          <Unicode>fait une digne recerche de leur Verité, &amp; de leur importance, on verra que l’incertitude de la</Unicode>
        </TextEquiv>
      </TextLine>
      <TextLine id="r3_l007">
        <Coords points="1481,1388 1482,1387 1492,1387 1493,1386 1888,1386 1889,1385 1891,1385 1891,1380 1892,1379 3377,1379 3377,1380 3377,1383 3378,1383 3380,1383 3381,1382 4433,1382 4434,1381 4435,1381 4437,1379 4437,1352 4438,1351 4946,1351 4947,1350 4949,1350 4950,1349 4951,1349 4952,1348 4953,1348 4958,1343 4958,1342 4959,1341 4959,1340 4960,1339 4960,1337 4961,1336 4961,1324 4962,1323 4963,1323 4963,1322 4963,1321 4957,1321 4954,1318 4911,1318 4910,1318 4910,1313 4909,1312 4909,1308 4908,1307 4908,1292 4906,1290 4906,1289 4902,1284 4901,1284 4900,1283 4899,1283 4898,1282 4873,1282 4872,1281 4780,1281 4779,1281 4779,1254 4776,1250 4623,1250 4621,1249 4621,1248 4618,1244 4617,1244 4616,1243 4615,1243 4614,1242 3914,1242 3913,1241 2809,1241 2808,1241 2808,1240 2806,1237 2797,1237 2796,1238 2795,1238 2793,1240 2792,1240 2791,1241 2789,1241 2788,1242 2788,1244 2628,1244 2627,1245 2214,1245 2213,1246 2211,1246 2210,1247 2209,1247 2208,1248 2207,1248 2206,1249 2205,1249 2204,1250 2055,1250 2053,1252 590,1252 589,1251 587,1251 586,1250 581,1250 580,1251 574,1251 573,1252 568,1252 562,1258 561,1258 559,1260 559,1261 556,1264 556,1265 555,1266 555,1267 554,1268 554,1277 553,1278 553,1295 552,1296 549,1296 548,1297 547,1297 546,1298 545,1298 543,1300 543,1303 544,1304 544,1345 546,1346 554,1346 555,1347 610,1347 611,1348 1009,1348 1009,1349 1009,1379 1012,1381 1015,1381 1016,1382 1474,1382 1474,1383 1474,1386 1477,1388 1481,1388"/>
        <Word id="w36689">
          <Coords points="595,1237 937,1237 937,1388 595,1388"/>
          <Glyph id="w36689g0">
            <Coords points="595,1237 609,1237 609,1388 595,1388"/>
            <TextEquiv index="1" conf="0.9999969899654388">
              <Unicode>f</Unicode>
            </TextEquiv>
          </Glyph>
          <Glyph id="w36689g1">
            <Coords points="650,1237 663,1237 663,1388 650,1388"/>
            <TextEquiv index="1" conf="0.9999980628490448">
              <Unicode>o</Unicode>
            </TextEquiv>
          </Glyph>
          <Glyph id="w36689g2">
            <Coords points="704,1237 704,1237 704,1388 704,1388"/>
            <TextEquiv index="1" conf="0.9999999403953552">
              <Unicode>r</Unicode>
            </TextEquiv>
          </Glyph>
          <Glyph id="w36689g3">
            <Coords points="745,1237 745,1237 745,1388 745,1388"/>
            <TextEquiv index="1" conf="0.9999993741512299">
              <Unicode>t</Unicode>
            </TextEquiv>
          </Glyph>
          <Glyph id="w36689g4">
            <Coords points="787,1237 787,1237 787,1388 787,1388"/>
            <TextEquiv index="1" conf="1.0">
              <Unicode>u</Unicode>
            </TextEquiv>
          </Glyph>
          <Glyph id="w36689g5">
            <Coords points="855,1237 855,1237 855,1388 855,1388"/>
            <TextEquiv index="1" conf="0.9999998211860657">
              <Unicode>n</Unicode>
            </TextEquiv>
          </Glyph>
          <Glyph id="w36689g6">
            <Coords points="923,1237 937,1237 937,1388 923,1388"/>
            <TextEquiv index="1" conf="0.9999996721744537">
              <Unicode>e</Unicode>
            </TextEquiv>
          </Glyph>
          <TextEquiv index="1" conf="0.9999938607337597">
            <Unicode>fortune</Unicode>
          </TextEquiv>
        </Word>
        <Word id="w36690">
          <Coords points="992,1237 1088,1237 1088,1388 992,1388"/>
          <Glyph id="w36690g0">
            <Coords points="992,1237 992,1237 992,1388 992,1388"/>
            <TextEquiv index="1" conf="0.9999996423721313">
              <Unicode>n</Unicode>
            </TextEquiv>
          </Glyph>
          <Glyph id="w36690g1">
            <Coords points="1033,1237 1047,1237 1047,1388 1033,1388"/>
            <TextEquiv index="1" conf="0.9765459150075912">
              <Unicode>’</Unicode>
            </TextEquiv>
          </Glyph>
          <Glyph id="w36690g2">
            <Coords points="1074,1237 1088,1237 1088,1388 1074,1388"/>
            <TextEquiv index="1" conf="0.9999910891056061">
              <Unicode>y</Unicode>
            </TextEquiv>
          </Glyph>
          <TextEquiv index="1" conf="0.9765368638731496">
            <Unicode>n’y</Unicode>
          </TextEquiv>
        </Word>
        <Word id="w36691">
          <Coords points="1156,1237 1170,1237 1170,1388 1156,1388"/>
          <Glyph id="w36691g0">
            <Coords points="1156,1237 1170,1237 1170,1388 1156,1388"/>
            <TextEquiv index="1" conf="0.9999999105930328">
              <Unicode>a</Unicode>
            </TextEquiv>
          </Glyph>
          <TextEquiv index="1" conf="0.9999999105930328">
            <Unicode>a</Unicode>
          </TextEquiv>
        </Word>
        <Word id="w36692">
          <Coords points="1252,1237 1444,1237 1444,1388 1252,1388"/>
          <Glyph id="w36692g0">
            <Coords points="1252,1237 1252,1237 1252,1388 1252,1388"/>
            <TextEquiv index="1" conf="0.9999982118606567">
              <Unicode>n</Unicode>
            </TextEquiv>
          </Glyph>
          <Glyph id="w36692g1">
            <Coords points="1307,1237 1320,1237 1320,1388 1307,1388"/>
            <TextEquiv index="1" conf="0.9999999403953552">
              <Unicode>u</Unicode>
            </TextEquiv>
          </Glyph>
          <Glyph id="w36692g2">
            <Coords points="1375,1237 1375,1237 1375,1388 1375,1388"/>
            <TextEquiv index="1" conf="0.999999076128006">
              <Unicode>l</Unicode>
            </TextEquiv>
          </Glyph>
          <Glyph id="w36692g3">
            <Coords points="1402,1237 1402,1237 1402,1388 1402,1388"/>
            <TextEquiv index="1" conf="0.9999978840351105">
              <Unicode>l</Unicode>
            </TextEquiv>
          </Glyph>
          <Glyph id="w36692g4">
            <Coords points="1444,1237 1444,1237 1444,1388 1444,1388"/>
            <TextEquiv index="1" conf="0.9999997615814209">
              <Unicode>e</Unicode>
            </TextEquiv>
          </Glyph>
          <TextEquiv index="1" conf="0.9999948740093929">
            <Unicode>nulle</Unicode>
          </TextEquiv>
        </Word>
        <Word id="w36693">
          <Coords points="1526,1237 1731,1237 1731,1388 1526,1388"/>
          <Glyph id="w36693g0">
            <Coords points="1526,1237 1539,1237 1539,1388 1526,1388"/>
            <TextEquiv index="1" conf="1.0">
              <Unicode>p</Unicode>
            </TextEquiv>
          </Glyph>
          <Glyph id="w36693g1">
            <Coords points="1580,1237 1594,1237 1594,1388 1580,1388"/>
            <TextEquiv index="1" conf="1.0">
              <Unicode>a</Unicode>
            </TextEquiv>
          </Glyph>
          <Glyph id="w36693g2">
            <Coords points="1635,1237 1635,1237 1635,1388 1635,1388"/>
            <TextEquiv index="1" conf="0.9999997615814209">
              <Unicode>r</Unicode>
            </TextEquiv>
          </Glyph>
          <Glyph id="w36693g3">
            <Coords points="1676,1237 1676,1237 1676,1388 1676,1388"/>
            <TextEquiv index="1" conf="0.9999938011169434">
              <Unicode>t</Unicode>
            </TextEquiv>
          </Glyph>
          <Glyph id="w36693g4">
            <Coords points="1717,1237 1731,1237 1731,1388 1717,1388"/>
            <TextEquiv index="1" conf="0.999945193529129">
              <Unicode>,</Unicode>
            </TextEquiv>
          </Glyph>
          <TextEquiv index="1" conf="0.9999387565817769">
            <Unicode>part,</Unicode>
          </TextEquiv>
        </Word>
        <Word id="w36694">
          <Coords points="1827,1237 1840,1237 1840,1388 1827,1388"/>
          <Glyph id="w36694g0">
            <Coords points="1827,1237 1840,1237 1840,1388 1827,1388"/>
            <TextEquiv index="1" conf="0.9999996423721313">
              <Unicode>&amp;</Unicode>
            </TextEquiv>
          </Glyph>
          <TextEquiv index="1" conf="0.9999996423721313">
            <Unicode>&amp;</Unicode>
          </TextEquiv>
        </Word>
        <Word id="w36695">
          <Coords points="1895,1237 2032,1237 2032,1388 1895,1388"/>
          <Glyph id="w36695g0">
            <Coords points="1895,1237 1923,1237 1923,1388 1895,1388"/>
            <TextEquiv index="1" conf="1.0">
              <Unicode>q</Unicode>
            </TextEquiv>
          </Glyph>
          <Glyph id="w36695g1">
            <Coords points="1950,1237 1964,1237 1964,1388 1950,1388"/>
            <TextEquiv index="1" conf="1.0">
              <Unicode>u</Unicode>
            </TextEquiv>
          </Glyph>
          <Glyph id="w36695g2">
            <Coords points="2018,1237 2032,1237 2032,1388 2018,1388"/>
            <TextEquiv index="1" conf="0.9999999403953552">
              <Unicode>e</Unicode>
            </TextEquiv>
          </Glyph>
          <TextEquiv index="1" conf="0.9999999403953552">
            <Unicode>que</Unicode>
          </TextEquiv>
        </Word>
        <Word id="w36696">
          <Coords points="2087,1237 2183,1237 2183,1388 2087,1388"/>
          <Glyph id="w36696g0">
            <Coords points="2087,1237 2087,1237 2087,1388 2087,1388"/>
            <TextEquiv index="1" conf="0.9999977350234985">
              <Unicode>l</Unicode>
            </TextEquiv>
          </Glyph>
          <Glyph id="w36696g1">
            <Coords points="2128,1237 2128,1237 2128,1388 2128,1388"/>
            <TextEquiv index="1" conf="0.9999959766864777">
              <Unicode>e</Unicode>
            </TextEquiv>
          </Glyph>
          <Glyph id="w36696g2">
            <Coords points="2169,1237 2183,1237 2183,1388 2169,1388"/>
            <TextEquiv index="1" conf="0.999996542930603">
              <Unicode>s</Unicode>
            </TextEquiv>
          </Glyph>
          <TextEquiv index="1" conf="0.999990254671431">
            <Unicode>les</Unicode>
          </TextEquiv>
        </Word>
        <Word id="w36697">
          <Coords points="2224,1237 2456,1237 2456,1388 2224,1388"/>
          <Glyph id="w36697g0">
            <Coords points="2224,1237 2224,1237 2224,1388 2224,1388"/>
            <TextEquiv index="1" conf="0.9999869167804718">
              <Unicode>ſ</Unicode>
            </TextEquiv>
          </Glyph>
          <Glyph id="w36697g1">
            <Coords points="2265,1237 2278,1237 2278,1388 2265,1388"/>
            <TextEquiv index="1" conf="0.9998934864997864">
              <Unicode>e</Unicode>
            </TextEquiv>
          </Glyph>
          <Glyph id="w36697g2">
            <Coords points="2320,1237 2320,1237 2320,1388 2320,1388"/>
            <TextEquiv index="1" conf="0.9999999105930328">
              <Unicode>u</Unicode>
            </TextEquiv>
          </Glyph>
          <Glyph id="w36697g3">
            <Coords points="2374,1237 2374,1237 2374,1388 2374,1388"/>
            <TextEquiv index="1" conf="0.999999463558197">
              <Unicode>l</Unicode>
            </TextEquiv>
          </Glyph>
          <Glyph id="w36697g4">
            <Coords points="2415,1237 2415,1237 2415,1388 2415,1388"/>
            <TextEquiv index="1" conf="0.9999979436397552">
              <Unicode>e</Unicode>
            </TextEquiv>
          </Glyph>
          <Glyph id="w36697g5">
            <Coords points="2456,1237 2456,1237 2456,1388 2456,1388"/>
            <TextEquiv index="1" conf="0.9999982118606567">
              <Unicode>s</Unicode>
            </TextEquiv>
          </Glyph>
          <TextEquiv index="1" conf="0.9998759348662026">
            <Unicode>ſeules</Unicode>
          </TextEquiv>
        </Word>
        <Word id="w36698">
          <Coords points="2511,1237 2744,1237 2744,1388 2511,1388"/>
          <Glyph id="w36698g0">
            <Coords points="2511,1237 2511,1237 2511,1388 2511,1388"/>
            <TextEquiv index="1" conf="0.9999996423721313">
              <Unicode>r</Unicode>
            </TextEquiv>
          </Glyph>
          <Glyph id="w36698g1">
            <Coords points="2566,1237 2566,1237 2566,1388 2566,1388"/>
            <TextEquiv index="1" conf="0.9999969601631165">
              <Unicode>e</Unicode>
            </TextEquiv>
          </Glyph>
          <Glyph id="w36698g2">
            <Coords points="2621,1237 2621,1237 2621,1388 2621,1388"/>
            <TextEquiv index="1" conf="0.9999994933605194">
              <Unicode>g</Unicode>
            </TextEquiv>
          </Glyph>
          <Glyph id="w36698g3">
            <Coords points="2662,1237 2662,1237 2662,1388 2662,1388"/>
            <TextEquiv index="1" conf="0.998208150267601">
              <Unicode>l</Unicode>
            </TextEquiv>
          </Glyph>
          <Glyph id="w36698g4">
            <Coords points="2703,1237 2703,1237 2703,1388 2703,1388"/>
            <TextEquiv index="1" conf="0.9999918639659882">
              <Unicode>e</Unicode>
            </TextEquiv>
          </Glyph>
          <Glyph id="w36698g5">
            <Coords points="2744,1237 2744,1237 2744,1388 2744,1388"/>
            <TextEquiv index="1" conf="0.9999996423721313">
              <Unicode>s</Unicode>
            </TextEquiv>
          </Glyph>
          <TextEquiv index="1" conf="0.9981957747552301">
            <Unicode>regles</Unicode>
          </TextEquiv>
        </Word>
        <Word id="w36699">
          <Coords points="2826,1237 2881,1237 2881,1388 2826,1388"/>
          <Glyph id="w36699g0">
            <Coords points="2826,1237 2826,1237 2826,1388 2826,1388"/>
            <TextEquiv index="1" conf="1.0">
              <Unicode>d</Unicode>
            </TextEquiv>
          </Glyph>
          <Glyph id="w36699g1">
            <Coords points="2881,1237 2881,1237 2881,1388 2881,1388"/>
            <TextEquiv index="1" conf="0.9999995529651642">
              <Unicode>e</Unicode>
            </TextEquiv>
          </Glyph>
          <TextEquiv index="1" conf="0.9999995529651642">
            <Unicode>de</Unicode>
          </TextEquiv>
        </Word>
        <Word id="w36700">
          <Coords points="2949,1237 2990,1237 2990,1388 2949,1388"/>
          <Glyph id="w36700g0">
            <Coords points="2949,1237 2949,1237 2949,1388 2949,1388"/>
            <TextEquiv index="1" conf="0.9999984502792358">
              <Unicode>l</Unicode>
            </TextEquiv>
          </Glyph>
          <Glyph id="w36700g1">
            <Coords points="2976,1237 2990,1237 2990,1388 2976,1388"/>
            <TextEquiv index="1" conf="0.9999972283840179">
              <Unicode>a</Unicode>
            </TextEquiv>
          </Glyph>
          <TextEquiv index="1" conf="0.999995678667549">
            <Unicode>la</Unicode>
          </TextEquiv>
        </Word>
        <Word id="w36701">
          <Coords points="3072,1237 3373,1237 3373,1388 3072,1388"/>
          <Glyph id="w36701g0">
            <Coords points="3072,1237 3072,1237 3072,1388 3072,1388"/>
            <TextEquiv index="1" conf="0.999968558549881">
              <Unicode>ſ</Unicode>
            </TextEquiv>
          </Glyph>
          <Glyph id="w36701g1">
            <Coords points="3113,1237 3127,1237 3127,1388 3113,1388"/>
            <TextEquiv index="1" conf="0.9999851286411285">
              <Unicode>c</Unicode>
            </TextEquiv>
          </Glyph>
          <Glyph id="w36701g2">
            <Coords points="3154,1237 3154,1237 3154,1388 3154,1388"/>
            <TextEquiv index="1" conf="0.9999995827674866">
              <Unicode>i</Unicode>
            </TextEquiv>
          </Glyph>
          <Glyph id="w36701g3">
            <Coords points="3195,1237 3195,1237 3195,1388 3195,1388"/>
            <TextEquiv index="1" conf="0.9999993443489075">
              <Unicode>e</Unicode>
            </TextEquiv>
          </Glyph>
          <Glyph id="w36701g4">
            <Coords points="3237,1237 3250,1237 3250,1388 3237,1388"/>
            <TextEquiv index="1" conf="0.9999986886978149">
              <Unicode>n</Unicode>
            </TextEquiv>
          </Glyph>
          <Glyph id="w36701g5">
            <Coords points="3319,1237 3319,1237 3319,1388 3319,1388"/>
            <TextEquiv index="1" conf="0.9999994337558746">
              <Unicode>c</Unicode>
            </TextEquiv>
          </Glyph>
          <Glyph id="w36701g6">
            <Coords points="3373,1237 3373,1237 3373,1388 3373,1388"/>
            <TextEquiv index="1" conf="0.999999463558197">
              <Unicode>e</Unicode>
            </TextEquiv>
          </Glyph>
          <TextEquiv index="1" conf="0.9999502009529654">
            <Unicode>ſcience</Unicode>
          </TextEquiv>
        </Word>
        <Word id="w36702">
          <Coords points="3456,1237 3469,1237 3469,1388 3456,1388"/>
          <Glyph id="w36702g0">
            <Coords points="3456,1237 3469,1237 3469,1388 3456,1388"/>
            <TextEquiv index="1" conf="0.9999975860118866">
              <Unicode>y</Unicode>
            </TextEquiv>
          </Glyph>
          <TextEquiv index="1" conf="0.9999975860118866">
            <Unicode>y</Unicode>
          </TextEquiv>
        </Word>
        <Word id="w36703">
          <Coords points="3565,1237 3989,1237 3989,1388 3565,1388"/>
          <Glyph id="w36703g0">
            <Coords points="3565,1237 3565,1237 3565,1388 3565,1388"/>
            <TextEquiv index="1" conf="1.0">
              <Unicode>d</Unicode>
            </TextEquiv>
          </Glyph>
          <Glyph id="w36703g1">
            <Coords points="3606,1237 3620,1237 3620,1388 3606,1388"/>
            <TextEquiv index="1" conf="0.9999986290931702">
              <Unicode>o</Unicode>
            </TextEquiv>
          </Glyph>
          <Glyph id="w36703g2">
            <Coords points="3702,1237 3716,1237 3716,1388 3702,1388"/>
            <TextEquiv index="1" conf="0.9999997019767761">
              <Unicode>m</Unicode>
            </TextEquiv>
          </Glyph>
          <Glyph id="w36703g3">
            <Coords points="3770,1237 3770,1237 3770,1388 3770,1388"/>
            <TextEquiv index="1" conf="0.9999991953372955">
              <Unicode>i</Unicode>
            </TextEquiv>
          </Glyph>
          <Glyph id="w36703g4">
            <Coords points="3811,1237 3811,1237 3811,1388 3811,1388"/>
            <TextEquiv index="1" conf="0.9999998509883881">
              <Unicode>n</Unicode>
            </TextEquiv>
          </Glyph>
          <Glyph id="w36703g5">
            <Coords points="3880,1237 3880,1237 3880,1388 3880,1388"/>
            <TextEquiv index="1" conf="0.9999999105930328">
              <Unicode>e</Unicode>
            </TextEquiv>
          </Glyph>
          <Glyph id="w36703g6">
            <Coords points="3921,1237 3935,1237 3935,1388 3921,1388"/>
            <TextEquiv index="1" conf="0.999996542930603">
              <Unicode>n</Unicode>
            </TextEquiv>
          </Glyph>
          <Glyph id="w36703g7">
            <Coords points="3989,1237 3989,1237 3989,1388 3989,1388"/>
            <TextEquiv index="1" conf="0.9999674558639526">
              <Unicode>t</Unicode>
            </TextEquiv>
          </Glyph>
          <TextEquiv index="1" conf="0.9999612869957156">
            <Unicode>dominent</Unicode>
          </TextEquiv>
        </Word>
        <Word id="w36704">
          <Coords points="4071,1237 4126,1237 4126,1388 4071,1388"/>
          <Glyph id="w36704g0">
            <Coords points="4071,1237 4085,1237 4085,1388 4071,1388"/>
            <TextEquiv index="1" conf="0.9999996423721313">
              <Unicode>e</Unicode>
            </TextEquiv>
          </Glyph>
          <Glyph id="w36704g1">
            <Coords points="4126,1237 4126,1237 4126,1388 4126,1388"/>
            <TextEquiv index="1" conf="0.9999999403953552">
              <Unicode>n</Unicode>
            </TextEquiv>
          </Glyph>
          <TextEquiv index="1" conf="0.9999995827675079">
            <Unicode>en</Unicode>
          </TextEquiv>
        </Word>
        <Word id="w36705">
          <Coords points="4222,1237 4386,1237 4386,1388 4222,1388"/>
          <Glyph id="w36705g0">
            <Coords points="4222,1237 4222,1237 4222,1388 4222,1388"/>
            <TextEquiv index="1" conf="0.9999812245368958">
              <Unicode>t</Unicode>
            </TextEquiv>
          </Glyph>
          <Glyph id="w36705g1">
            <Coords points="4263,1237 4277,1237 4277,1388 4263,1388"/>
            <TextEquiv index="1" conf="0.9999999105930328">
              <Unicode>e</Unicode>
            </TextEquiv>
          </Glyph>
          <Glyph id="w36705g2">
            <Coords points="4304,1237 4304,1237 4304,1388 4304,1388"/>
            <TextEquiv index="1" conf="0.9999986290931702">
              <Unicode>l</Unicode>
            </TextEquiv>
          </Glyph>
          <Glyph id="w36705g3">
            <Coords points="4331,1237 4345,1237 4345,1388 4331,1388"/>
            <TextEquiv index="1" conf="0.9990681558847427">
              <Unicode>l</Unicode>
            </TextEquiv>
          </Glyph>
          <Glyph id="w36705g4">
            <Coords points="4386,1237 4386,1237 4386,1388 4386,1388"/>
            <TextEquiv index="1" conf="0.9999987185001373">
              <Unicode>e</Unicode>
            </TextEquiv>
          </Glyph>
          <TextEquiv index="1" conf="0.9990466587121495">
            <Unicode>telle</Unicode>
          </TextEquiv>
        </Word>
        <Word id="w36706">
          <Coords points="4455,1237 4975,1237 4975,1388 4455,1388"/>
          <Glyph id="w36706g0">
            <Coords points="4455,1237 4468,1237 4468,1388 4455,1388"/>
            <TextEquiv index="1" conf="1.0">
              <Unicode>p</Unicode>
            </TextEquiv>
          </Glyph>
          <Glyph id="w36706g1">
            <Coords points="4537,1237 4537,1237 4537,1388 4537,1388"/>
            <TextEquiv index="1" conf="0.9999997913837433">
              <Unicode>e</Unicode>
            </TextEquiv>
          </Glyph>
          <Glyph id="w36706g2">
            <Coords points="4578,1237 4578,1237 4578,1388 4578,1388"/>
            <TextEquiv index="1" conf="0.9999997317790985">
              <Unicode>r</Unicode>
            </TextEquiv>
          </Glyph>
          <Glyph id="w36706g3">
            <Coords points="4619,1237 4619,1237 4619,1388 4619,1388"/>
            <TextEquiv index="1" conf="0.9998136013746262">
              <Unicode>f</Unicode>
            </TextEquiv>
          </Glyph>
          <Glyph id="w36706g4">
            <Coords points="4660,1237 4674,1237 4674,1388 4660,1388"/>
            <TextEquiv index="1" conf="0.9999921321868896">
              <Unicode>e</Unicode>
            </TextEquiv>
          </Glyph>
          <Glyph id="w36706g5">
            <Coords points="4769,1237 4769,1237 4769,1388 4769,1388"/>
            <TextEquiv index="1" conf="0.9115952998399734">
              <Unicode></Unicode>
            </TextEquiv>
          </Glyph>
          <Glyph id="w36706g6">
            <Coords points="4797,1237 4797,1237 4797,1388 4797,1388"/>
            <TextEquiv index="1" conf="0.9999867081642151">
              <Unicode>i</Unicode>
            </TextEquiv>
          </Glyph>
          <Glyph id="w36706g7">
            <Coords points="4838,1237 4852,1237 4852,1388 4838,1388"/>
            <TextEquiv index="1" conf="0.9999997019767761">
              <Unicode>o</Unicode>
            </TextEquiv>
          </Glyph>
          <Glyph id="w36706g8">
            <Coords points="4893,1237 4906,1237 4906,1388 4893,1388"/>
            <TextEquiv index="1" conf="0.9999995827674866">
              <Unicode>n</Unicode>
            </TextEquiv>
          </Glyph>
          <Glyph id="w36706g9">
            <Coords points="4975,1237 4975,1237 4975,1388 4975,1388"/>
            <TextEquiv index="1" conf="0.9994196444749832">
              <Unicode>,</Unicode>
            </TextEquiv>
          </Glyph>
          <TextEquiv index="1" conf="0.9108760689713521">
            <Unicode>perfeion,</Unicode>
          </TextEquiv>
        </Word>
        <TextEquiv conf="0.9987595965887638" index="1">
          <Unicode>fortune n’y a nulle part, &amp; que les ſeules regles de la ſcience y dominent en telle perfeion,</Unicode>
        </TextEquiv>
      </TextLine>
      <TextLine id="r3_l008">
        <Coords points="2317,1524 2318,1523 2318,1522 2319,1521 2805,1521 2806,1520 2806,1486 2807,1485 3967,1485 3967,1486 3967,1507 3969,1509 3969,1510 3971,1512 3971,1513 3974,1515 3975,1515 3976,1516 3977,1516 3979,1518 3980,1518 3981,1519 3983,1519 3984,1520 4003,1520 4003,1521 4003,1523 4004,1523 4016,1523 4016,1520 4017,1519 4927,1519 4928,1518 4929,1518 4929,1482 4930,1481 4939,1481 4940,1480 4946,1480 4950,1476 4951,1476 4953,1474 4954,1474 4957,1471 4957,1469 4958,1468 4958,1457 4957,1456 4957,1426 4956,1425 4956,1424 4954,1421 4953,1421 4952,1420 4951,1420 4950,1419 4948,1419 4947,1418 4859,1418 4858,1418 4858,1382 4857,1381 4857,1380 4857,1379 4852,1379 4851,1380 4256,1380 4254,1382 4235,1382 4234,1383 3423,1383 3422,1384 2425,1384 2422,1381 2416,1381 2415,1382 2413,1382 2412,1383 2411,1383 2410,1384 2409,1384 2408,1385 2407,1385 2405,1387 2079,1387 2078,1388 765,1388 764,1387 756,1387 754,1389 751,1389 750,1390 748,1390 745,1393 745,1424 698,1424 697,1425 596,1425 595,1426 572,1426 571,1427 566,1427 565,1428 560,1428 557,1431 556,1431 555,1432 555,1433 553,1435 553,1436 552,1437 552,1438 551,1439 551,1440 549,1442 549,1443 547,1445 547,1446 545,1448 545,1449 544,1450 544,1451 543,1452 543,1460 544,1461 544,1467 551,1474 551,1475 552,1476 552,1477 556,1481 557,1481 558,1481 559,1482 574,1482 574,1483 574,1520 576,1521 599,1521 600,1522 1356,1522 1358,1524 2317,1524"/>
        <Word id="w36707">
          <Coords points="608,1379 743,1379 743,1524 608,1524"/>
          <Glyph id="w36707g0">
            <Coords points="608,1379 635,1379 635,1524 608,1524"/>
            <TextEquiv index="1" conf="1.0">
              <Unicode>q</Unicode>
            </TextEquiv>
          </Glyph>
          <Glyph id="w36707g1">
            <Coords points="662,1379 675,1379 675,1524 662,1524"/>
            <TextEquiv index="1" conf="0.9999999701976776">
              <Unicode>u</Unicode>
            </TextEquiv>
          </Glyph>
          <Glyph id="w36707g2">
            <Coords points="743,1379 743,1379 743,1524 743,1524"/>
            <TextEquiv index="1" conf="0.9999996721744537">
              <Unicode>e</Unicode>
            </TextEquiv>
          </Glyph>
          <TextEquiv index="1" conf="0.9999996423721411">
            <Unicode>que</Unicode>
          </TextEquiv>
        </Word>
        <Word id="w36708">
          <Coords points="797,1379 1310,1379 1310,1524 797,1524"/>
          <Glyph id="w36708g0">
            <Coords points="797,1379 797,1379 797,1524 797,1524"/>
            <TextEquiv index="1" conf="0.999996691942215">
              <Unicode>l</Unicode>
            </TextEquiv>
          </Glyph>
          <Glyph id="w36708g1">
            <Coords points="810,1379 810,1379 810,1524 810,1524"/>
            <TextEquiv index="1" conf="0.9977146536111832">
              <Unicode>’</Unicode>
            </TextEquiv>
          </Glyph>
          <Glyph id="w36708g2">
            <Coords points="878,1379 905,1379 905,1524 878,1524"/>
            <TextEquiv index="1" conf="0.9999995231628418">
              <Unicode>A</Unicode>
            </TextEquiv>
          </Glyph>
          <Glyph id="w36708g3">
            <Coords points="986,1379 986,1379 986,1524 986,1524"/>
            <TextEquiv index="1" conf="1.0">
              <Unicode>m</Unicode>
            </TextEquiv>
          </Glyph>
          <Glyph id="w36708g4">
            <Coords points="1040,1379 1053,1379 1053,1524 1040,1524"/>
            <TextEquiv index="1" conf="0.9999981224536896">
              <Unicode>a</Unicode>
            </TextEquiv>
          </Glyph>
          <Glyph id="w36708g5">
            <Coords points="1094,1379 1094,1379 1094,1524 1094,1524"/>
            <TextEquiv index="1" conf="0.9999974966049194">
              <Unicode>t</Unicode>
            </TextEquiv>
          </Glyph>
          <Glyph id="w36708g6">
            <Coords points="1148,1379 1148,1379 1148,1524 1148,1524"/>
            <TextEquiv index="1" conf="0.9999999105930328">
              <Unicode>e</Unicode>
            </TextEquiv>
          </Glyph>
          <Glyph id="w36708g7">
            <Coords points="1188,1379 1202,1379 1202,1524 1188,1524"/>
            <TextEquiv index="1" conf="0.9999996423721313">
              <Unicode>u</Unicode>
            </TextEquiv>
          </Glyph>
          <Glyph id="w36708g8">
            <Coords points="1256,1379 1256,1379 1256,1524 1256,1524"/>
            <TextEquiv index="1" conf="0.9999969601631165">
              <Unicode>r</Unicode>
            </TextEquiv>
          </Glyph>
          <Glyph id="w36708g9">
            <Coords points="1310,1379 1310,1379 1310,1524 1310,1524"/>
            <TextEquiv index="1" conf="0.9999079555273056">
              <Unicode>,</Unicode>
            </TextEquiv>
          </Glyph>
          <TextEquiv index="1" conf="0.9976111945371267">
            <Unicode>l’Amateur,</Unicode>
          </TextEquiv>
        </Word>
        <Word id="w36709">
          <Coords points="1391,1379 1499,1379 1499,1524 1391,1524"/>
          <Glyph id="w36709g0">
            <Coords points="1391,1379 1404,1379 1404,1524 1391,1524"/>
            <TextEquiv index="1" conf="1.0">
              <Unicode>q</Unicode>
            </TextEquiv>
          </Glyph>
          <Glyph id="w36709g1">
            <Coords points="1445,1379 1445,1379 1445,1524 1445,1524"/>
            <TextEquiv index="1" conf="1.0">
              <Unicode>u</Unicode>
            </TextEquiv>
          </Glyph>
          <Glyph id="w36709g2">
            <Coords points="1499,1379 1499,1379 1499,1524 1499,1524"/>
            <TextEquiv index="1" conf="0.9999987483024597">
              <Unicode>i</Unicode>
            </TextEquiv>
          </Glyph>
          <TextEquiv index="1" conf="0.9999987483024597">
            <Unicode>qui</Unicode>
          </TextEquiv>
        </Word>
        <Word id="w36710">
          <Coords points="1553,1379 1661,1379 1661,1524 1553,1524"/>
          <Glyph id="w36710g0">
            <Coords points="1553,1379 1553,1379 1553,1524 1553,1524"/>
            <TextEquiv index="1" conf="0.9999995827674866">
              <Unicode>s</Unicode>
            </TextEquiv>
          </Glyph>
          <Glyph id="w36710g1">
            <Coords points="1580,1379 1580,1379 1580,1524 1580,1524"/>
            <TextEquiv index="1" conf="0.9988772571086884">
              <Unicode>’</Unicode>
            </TextEquiv>
          </Glyph>
          <Glyph id="w36710g2">
            <Coords points="1621,1379 1621,1379 1621,1524 1621,1524"/>
            <TextEquiv index="1" conf="0.9999998807907104">
              <Unicode>e</Unicode>
            </TextEquiv>
          </Glyph>
          <Glyph id="w36710g3">
            <Coords points="1661,1379 1661,1379 1661,1524 1661,1524"/>
            <TextEquiv index="1" conf="0.9999998211860657">
              <Unicode>n</Unicode>
            </TextEquiv>
          </Glyph>
          <TextEquiv index="1" conf="0.9988765426561448">
            <Unicode>s’en</Unicode>
          </TextEquiv>
        </Word>
        <Word id="w36711">
          <Coords points="1742,1379 1877,1379 1877,1524 1742,1524"/>
          <Glyph id="w36711g0">
            <Coords points="1742,1379 1742,1379 1742,1524 1742,1524"/>
            <TextEquiv index="1" conf="0.9999927878379822">
              <Unicode>ſ</Unicode>
            </TextEquiv>
          </Glyph>
          <Glyph id="w36711g1">
            <Coords points="1783,1379 1783,1379 1783,1524 1783,1524"/>
            <TextEquiv index="1" conf="0.9999988377094269">
              <Unicode>e</Unicode>
            </TextEquiv>
          </Glyph>
          <Glyph id="w36711g2">
            <Coords points="1823,1379 1837,1379 1837,1524 1823,1524"/>
            <TextEquiv index="1" conf="0.9999982416629791">
              <Unicode>r</Unicode>
            </TextEquiv>
          </Glyph>
          <Glyph id="w36711g3">
            <Coords points="1864,1379 1877,1379 1877,1524 1864,1524"/>
            <TextEquiv index="1" conf="0.9999879896640778">
              <Unicode>a</Unicode>
            </TextEquiv>
          </Glyph>
          <TextEquiv index="1" conf="0.9999778570192717">
            <Unicode>ſera</Unicode>
          </TextEquiv>
        </Word>
        <Word id="w36712">
          <Coords points="1931,1379 2161,1379 2161,1524 1931,1524"/>
          <Glyph id="w36712g0">
            <Coords points="1931,1379 1931,1379 1931,1524 1931,1524"/>
            <TextEquiv index="1" conf="0.9999991059303284">
              <Unicode>r</Unicode>
            </TextEquiv>
          </Glyph>
          <Glyph id="w36712g1">
            <Coords points="1985,1379 1985,1379 1985,1524 1985,1524"/>
            <TextEquiv index="1" conf="0.9999997615814209">
              <Unicode>e</Unicode>
            </TextEquiv>
          </Glyph>
          <Glyph id="w36712g2">
            <Coords points="2026,1379 2026,1379 2026,1524 2026,1524"/>
            <TextEquiv index="1" conf="0.9999999105930328">
              <Unicode>n</Unicode>
            </TextEquiv>
          </Glyph>
          <Glyph id="w36712g3">
            <Coords points="2107,1379 2120,1379 2120,1524 2107,1524"/>
            <TextEquiv index="1" conf="0.9999999701976776">
              <Unicode>d</Unicode>
            </TextEquiv>
          </Glyph>
          <Glyph id="w36712g4">
            <Coords points="2161,1379 2161,1379 2161,1524 2161,1524"/>
            <TextEquiv index="1" conf="0.999988466501236">
              <Unicode>u</Unicode>
            </TextEquiv>
          </Glyph>
          <TextEquiv index="1" conf="0.999987214818483">
            <Unicode>rendu</Unicode>
          </TextEquiv>
        </Word>
        <Word id="w36713">
          <Coords points="2255,1379 2620,1379 2620,1524 2255,1524"/>
          <Glyph id="w36713g0">
            <Coords points="2255,1379 2255,1379 2255,1524 2255,1524"/>
            <TextEquiv index="1" conf="0.9999969005584717">
              <Unicode>c</Unicode>
            </TextEquiv>
          </Glyph>
          <Glyph id="w36713g1">
            <Coords points="2296,1379 2296,1379 2296,1524 2296,1524"/>
            <TextEquiv index="1" conf="1.0">
              <Unicode>a</Unicode>
            </TextEquiv>
          </Glyph>
          <Glyph id="w36713g2">
            <Coords points="2350,1379 2363,1379 2363,1524 2350,1524"/>
            <TextEquiv index="1" conf="1.0">
              <Unicode>p</Unicode>
            </TextEquiv>
          </Glyph>
          <Glyph id="w36713g3">
            <Coords points="2404,1379 2417,1379 2417,1524 2404,1524"/>
            <TextEquiv index="1" conf="0.9999997019767761">
              <Unicode>a</Unicode>
            </TextEquiv>
          </Glyph>
          <Glyph id="w36713g4">
            <Coords points="2458,1379 2471,1379 2471,1524 2458,1524"/>
            <TextEquiv index="1" conf="0.9999991655349731">
              <Unicode>b</Unicode>
            </TextEquiv>
          </Glyph>
          <Glyph id="w36713g5">
            <Coords points="2512,1379 2512,1379 2512,1524 2512,1524"/>
            <TextEquiv index="1" conf="0.9999986886978149">
              <Unicode>l</Unicode>
            </TextEquiv>
          </Glyph>
          <Glyph id="w36713g6">
            <Coords points="2566,1379 2566,1379 2566,1524 2566,1524"/>
            <TextEquiv index="1" conf="0.9999911487102509">
              <Unicode>e</Unicode>
            </TextEquiv>
          </Glyph>
          <Glyph id="w36713g7">
            <Coords points="2606,1379 2620,1379 2620,1524 2606,1524"/>
            <TextEquiv index="1" conf="0.999854102730751">
              <Unicode>,</Unicode>
            </TextEquiv>
          </Glyph>
          <TextEquiv index="1" conf="0.9998397103675234">
            <Unicode>capable,</Unicode>
          </TextEquiv>
        </Word>
        <Word id="w36714">
          <Coords points="2688,1379 3201,1379 3201,1524 2688,1524"/>
          <Glyph id="w36714g0">
            <Coords points="2688,1379 2688,1379 2688,1524 2688,1524"/>
            <TextEquiv index="1" conf="0.9999997615814209">
              <Unicode>e</Unicode>
            </TextEquiv>
          </Glyph>
          <Glyph id="w36714g1">
            <Coords points="2769,1379 2769,1379 2769,1524 2769,1524"/>
            <TextEquiv index="1" conf="1.0">
              <Unicode>m</Unicode>
            </TextEquiv>
          </Glyph>
          <Glyph id="w36714g2">
            <Coords points="2836,1379 2850,1379 2850,1524 2836,1524"/>
            <TextEquiv index="1" conf="0.9999998509883881">
              <Unicode>p</Unicode>
            </TextEquiv>
          </Glyph>
          <Glyph id="w36714g3">
            <Coords points="2890,1379 2904,1379 2904,1524 2890,1524"/>
            <TextEquiv index="1" conf="0.9999993145465851">
              <Unicode>r</Unicode>
            </TextEquiv>
          </Glyph>
          <Glyph id="w36714g4">
            <Coords points="2944,1379 2944,1379 2944,1524 2944,1524"/>
            <TextEquiv index="1" conf="1.0">
              <Unicode>u</Unicode>
            </TextEquiv>
          </Glyph>
          <Glyph id="w36714g5">
            <Coords points="2998,1379 3012,1379 3012,1524 2998,1524"/>
            <TextEquiv index="1" conf="0.9999999105930328">
              <Unicode>n</Unicode>
            </TextEquiv>
          </Glyph>
          <Glyph id="w36714g6">
            <Coords points="3066,1379 3066,1379 3066,1524 3066,1524"/>
            <TextEquiv index="1" conf="0.9999987781047821">
              <Unicode>t</Unicode>
            </TextEquiv>
          </Glyph>
          <Glyph id="w36714g7">
            <Coords points="3120,1379 3120,1379 3120,1524 3120,1524"/>
            <TextEquiv index="1" conf="0.9999977350234985">
              <Unicode>e</Unicode>
            </TextEquiv>
          </Glyph>
          <Glyph id="w36714g8">
            <Coords points="3160,1379 3160,1379 3160,1524 3160,1524"/>
            <TextEquiv index="1" conf="0.9999992847442627">
              <Unicode>r</Unicode>
            </TextEquiv>
          </Glyph>
          <Glyph id="w36714g9">
            <Coords points="3201,1379 3201,1379 3201,1524 3201,1524"/>
            <TextEquiv index="1" conf="0.9999999403953552">
              <Unicode>a</Unicode>
            </TextEquiv>
          </Glyph>
          <TextEquiv index="1" conf="0.9999945759881879">
            <Unicode>empruntera</Unicode>
          </TextEquiv>
        </Word>
        <Word id="w36715">
          <Coords points="3322,1379 3592,1379 3592,1524 3322,1524"/>
          <Glyph id="w36715g0">
            <Coords points="3322,1379 3322,1379 3322,1524 3322,1524"/>
            <TextEquiv index="1" conf="1.0">
              <Unicode>m</Unicode>
            </TextEquiv>
          </Glyph>
          <Glyph id="w36715g1">
            <Coords points="3390,1379 3403,1379 3403,1524 3390,1524"/>
            <TextEquiv index="1" conf="0.9999989867210388">
              <Unicode>e</Unicode>
            </TextEquiv>
          </Glyph>
          <Glyph id="w36715g2">
            <Coords points="3430,1379 3444,1379 3444,1524 3430,1524"/>
            <TextEquiv index="1" conf="0.9997528344392776">
              <Unicode>ſ</Unicode>
            </TextEquiv>
          </Glyph>
          <Glyph id="w36715g3">
            <Coords points="3511,1379 3511,1379 3511,1524 3511,1524"/>
            <TextEquiv index="1" conf="1.0">
              <Unicode>m</Unicode>
            </TextEquiv>
          </Glyph>
          <Glyph id="w36715g4">
            <Coords points="3579,1379 3592,1379 3592,1524 3579,1524"/>
            <TextEquiv index="1" conf="0.9998481720685959">
              <Unicode>e</Unicode>
            </TextEquiv>
          </Glyph>
          <TextEquiv index="1" conf="0.9996000311598019">
            <Unicode>meſme</Unicode>
          </TextEquiv>
        </Word>
        <Word id="w36716">
          <Coords points="3633,1379 3687,1379 3687,1524 3633,1524"/>
          <Glyph id="w36716g0">
            <Coords points="3633,1379 3646,1379 3646,1524 3633,1524"/>
            <TextEquiv index="1" conf="0.9999963343143463">
              <Unicode>l</Unicode>
            </TextEquiv>
          </Glyph>
          <Glyph id="w36716g1">
            <Coords points="3687,1379 3687,1379 3687,1524 3687,1524"/>
            <TextEquiv index="1" conf="0.9999987185001373">
              <Unicode>e</Unicode>
            </TextEquiv>
          </Glyph>
          <TextEquiv index="1" conf="0.9999950528191812">
            <Unicode>le</Unicode>
          </TextEquiv>
        </Word>
        <Word id="w36717">
          <Coords points="3755,1379 4092,1379 4092,1524 3755,1524"/>
          <Glyph id="w36717g0">
            <Coords points="3755,1379 3755,1379 3755,1524 3755,1524"/>
            <TextEquiv index="1" conf="0.9999997913837433">
              <Unicode>c</Unicode>
            </TextEquiv>
          </Glyph>
          <Glyph id="w36717g1">
            <Coords points="3809,1379 3822,1379 3822,1524 3809,1524"/>
            <TextEquiv index="1" conf="0.9999949038028717">
              <Unicode>o</Unicode>
            </TextEquiv>
          </Glyph>
          <Glyph id="w36717g2">
            <Coords points="3863,1379 3876,1379 3876,1524 3863,1524"/>
            <TextEquiv index="1" conf="0.9999986290931702">
              <Unicode>u</Unicode>
            </TextEquiv>
          </Glyph>
          <Glyph id="w36717g3">
            <Coords points="3930,1379 3930,1379 3930,1524 3930,1524"/>
            <TextEquiv index="1" conf="1.0">
              <Unicode>r</Unicode>
            </TextEquiv>
          </Glyph>
          <Glyph id="w36717g4">
            <Coords points="3971,1379 3971,1379 3971,1524 3971,1524"/>
            <TextEquiv index="1" conf="1.0">
              <Unicode>a</Unicode>
            </TextEquiv>
          </Glyph>
          <Glyph id="w36717g5">
            <Coords points="4038,1379 4052,1379 4052,1524 4038,1524"/>
            <TextEquiv index="1" conf="1.0">
              <Unicode>g</Unicode>
            </TextEquiv>
          </Glyph>
          <Glyph id="w36717g6">
            <Coords points="4092,1379 4092,1379 4092,1524 4092,1524"/>
            <TextEquiv index="1" conf="0.9999996721744537">
              <Unicode>e</Unicode>
            </TextEquiv>
          </Glyph>
          <TextEquiv index="1" conf="0.9999929964647629">
            <Unicode>courage</Unicode>
          </TextEquiv>
        </Word>
        <Word id="w36718">
          <Coords points="4200,1379 4200,1379 4200,1524 4200,1524"/>
          <Glyph id="w36718g0">
            <Coords points="4200,1379 4200,1379 4200,1524 4200,1524"/>
            <TextEquiv index="1" conf="0.9999998211860657">
              <Unicode>&amp;</Unicode>
            </TextEquiv>
          </Glyph>
          <TextEquiv index="1" conf="0.9999998211860657">
            <Unicode>&amp;</Unicode>
          </TextEquiv>
        </Word>
        <Word id="w36719">
          <Coords points="4268,1379 4781,1379 4781,1524 4268,1524"/>
          <Glyph id="w36719g0">
            <Coords points="4268,1379 4268,1379 4268,1524 4268,1524"/>
            <TextEquiv index="1" conf="0.9999955594539642">
              <Unicode>l</Unicode>
            </TextEquiv>
          </Glyph>
          <Glyph id="w36719g1">
            <Coords points="4281,1379 4295,1379 4295,1524 4281,1524"/>
            <TextEquiv index="1" conf="0.9942860901355743">
              <Unicode>’</Unicode>
            </TextEquiv>
          </Glyph>
          <Glyph id="w36719g2">
            <Coords points="4322,1379 4322,1379 4322,1524 4322,1524"/>
            <TextEquiv index="1" conf="1.0">
              <Unicode>a</Unicode>
            </TextEquiv>
          </Glyph>
          <Glyph id="w36719g3">
            <Coords points="4362,1379 4362,1379 4362,1524 4362,1524"/>
            <TextEquiv index="1" conf="0.9999727308750153">
              <Unicode>ſ</Unicode>
            </TextEquiv>
          </Glyph>
          <Glyph id="w36719g4">
            <Coords points="4403,1379 4403,1379 4403,1524 4403,1524"/>
            <TextEquiv index="1" conf="0.9999968707561493">
              <Unicode>ſ</Unicode>
            </TextEquiv>
          </Glyph>
          <Glyph id="w36719g5">
            <Coords points="4443,1379 4443,1379 4443,1524 4443,1524"/>
            <TextEquiv index="1" conf="0.9999908208847046">
              <Unicode>e</Unicode>
            </TextEquiv>
          </Glyph>
          <Glyph id="w36719g6">
            <Coords points="4484,1379 4497,1379 4497,1524 4484,1524"/>
            <TextEquiv index="1" conf="0.9999999701976776">
              <Unicode>u</Unicode>
            </TextEquiv>
          </Glyph>
          <Glyph id="w36719g7">
            <Coords points="4551,1379 4551,1379 4551,1524 4551,1524"/>
            <TextEquiv index="1" conf="0.9999997317790985">
              <Unicode>r</Unicode>
            </TextEquiv>
          </Glyph>
          <Glyph id="w36719g8">
            <Coords points="4592,1379 4605,1379 4605,1524 4592,1524"/>
            <TextEquiv index="1" conf="0.9999984502792358">
              <Unicode>a</Unicode>
            </TextEquiv>
          </Glyph>
          <Glyph id="w36719g9">
            <Coords points="4646,1379 4659,1379 4659,1524 4646,1524"/>
            <TextEquiv index="1" conf="0.9999999105930328">
              <Unicode>n</Unicode>
            </TextEquiv>
          </Glyph>
          <Glyph id="w36719g10">
            <Coords points="4727,1379 4727,1379 4727,1524 4727,1524"/>
            <TextEquiv index="1" conf="0.9999994933605194">
              <Unicode>c</Unicode>
            </TextEquiv>
          </Glyph>
          <Glyph id="w36719g11">
            <Coords points="4781,1379 4781,1379 4781,1524 4781,1524"/>
            <TextEquiv index="1" conf="0.9999987781047821">
              <Unicode>e</Unicode>
            </TextEquiv>
          </Glyph>
          <TextEquiv index="1" conf="0.9942386795822356">
            <Unicode>l’aſſeurance</Unicode>
          </TextEquiv>
        </Word>
        <Word id="w36720">
          <Coords points="4876,1379 4984,1379 4984,1524 4876,1524"/>
          <Glyph id="w36720g0">
            <Coords points="4876,1379 4889,1379 4889,1524 4876,1524"/>
            <TextEquiv index="1" conf="0.9999989569187164">
              <Unicode>d</Unicode>
            </TextEquiv>
          </Glyph>
          <Glyph id="w36720g1">
            <Coords points="4930,1379 4930,1379 4930,1524 4930,1524"/>
            <TextEquiv index="1" conf="0.9999910593032837">
              <Unicode>e</Unicode>
            </TextEquiv>
          </Glyph>
          <Glyph id="w36720g2">
            <Coords points="4970,1379 4984,1379 4984,1524 4970,1524"/>
            <TextEquiv index="1" conf="0.9997873306274414">
              <Unicode>s</Unicode>
            </TextEquiv>
          </Glyph>
          <TextEquiv index="1" conf="0.9997773489820092">
            <Unicode>des</Unicode>
          </TextEquiv>
        </Word>
        <TextEquiv conf="0.9998508070906004" index="1">
          <Unicode>que l’Amateur, qui s’en ſera rendu capable, empruntera meſme le courage &amp; l’aſſeurance des</Unicode>
        </TextEquiv>
      </TextLine>
      <TextLine id="r3_l009">
        <Coords points="1368,1671 1368,1670 1371,1667 1372,1667 1373,1666 1375,1666 1376,1665 1377,1665 1379,1663 1387,1663 1389,1661 1389,1626 1390,1625 1479,1625 1480,1626 1552,1626 1552,1627 1552,1628 1553,1628 1555,1628 1556,1627 1652,1627 1653,1628 1750,1628 1751,1629 1755,1629 1756,1628 1759,1628 1760,1627 1764,1627 1765,1626 1927,1626 1927,1627 1927,1630 1928,1630 1933,1630 1933,1631 1933,1632 1934,1632 1935,1632 1935,1630 1936,1629 1975,1629 1975,1628 1976,1627 2008,1627 2009,1626 2010,1626 2011,1625 2120,1625 2121,1626 2123,1626 2124,1627 2136,1627 2136,1628 2136,1630 2137,1630 2228,1630 2229,1631 2232,1631 2234,1629 2243,1629 2244,1628 2244,1627 2245,1626 2289,1626 2290,1625 2294,1625 2295,1624 2300,1624 2301,1623 2335,1623 2336,1622 2341,1622 2342,1621 2438,1621 2439,1622 2444,1622 2445,1623 2449,1623 2450,1622 2451,1622 2452,1621 2552,1621 2553,1620 2727,1620 2729,1622 2730,1622 2731,1621 2861,1621 2862,1622 2882,1622 2883,1623 2934,1623 2935,1624 2936,1624 2937,1625 2943,1625 2944,1626 2990,1626 2991,1627 3083,1627 3084,1628 3164,1628 3166,1626 3287,1626 3288,1627 3289,1627 3290,1626 3442,1626 3443,1627 3444,1627 3444,1626 3445,1625 3452,1625 3453,1624 3535,1624 3536,1623 3738,1623 3739,1622 3903,1622 3904,1621 4002,1621 4002,1622 4002,1625 4003,1626 4004,1626 4007,1626 4008,1625 4009,1625 4010,1624 4147,1624 4148,1623 4150,1623 4151,1622 4155,1622 4156,1621 4248,1621 4249,1622 4250,1622 4251,1623 4254,1623 4255,1622 4256,1622 4257,1621 4267,1621 4268,1620 4407,1620 4408,1621 4449,1621 4449,1622 4449,1643 4450,1644 4450,1654 4454,1657 4455,1657 4456,1658 4457,1658 4458,1659 4461,1659 4462,1660 4463,1660 4464,1661 4479,1661 4480,1660 4485,1660 4486,1659 4488,1659 4489,1658 4491,1658 4492,1657 4493,1657 4494,1656 4496,1656 4499,1653 4554,1653 4555,1652 4555,1646 4556,1645 4556,1621 4557,1620 4577,1620 4578,1619 4579,1619 4580,1618 4581,1618 4583,1616 4583,1609 4581,1607 4581,1606 4580,1604 4579,1604 4578,1603 4559,1603 4558,1603 4558,1576 4557,1575 4557,1574 4554,1571 4554,1570 4553,1568 4552,1568 4551,1567 4550,1567 4547,1564 4546,1564 4545,1563 4416,1563 4415,1563 4415,1526 4414,1525 4414,1524 4413,1522 4412,1522 4411,1521 4409,1521 4408,1520 4403,1520 4402,1519 4399,1519 4398,1520 4397,1520 4396,1521 4395,1521 4394,1522 4393,1522 4391,1524 4390,1524 4382,1532 4382,1533 4380,1535 4380,1536 4379,1537 4379,1538 4378,1539 4378,1540 4377,1541 4377,1544 4376,1545 4376,1546 4375,1547 4375,1558 4374,1559 4374,1562 4279,1562 4278,1561 4256,1561 4255,1562 4114,1562 4113,1562 4113,1523 4113,1522 4108,1522 4107,1523 4002,1523 4001,1524 4000,1524 3999,1525 3998,1526 3998,1527 3907,1527 3904,1530 3813,1530 3808,1535 3808,1562 3684,1562 3683,1562 3683,1557 3682,1556 3682,1555 3682,1554 3680,1554 3678,1556 3678,1557 3677,1558 3677,1559 3674,1562 3546,1562 3545,1562 3545,1533 3544,1532 3544,1525 3543,1524 3543,1523 3542,1521 3532,1521 3531,1522 3530,1522 3529,1523 3528,1523 3527,1524 3525,1524 3523,1526 3523,1561 3427,1561 3426,1561 3426,1553 3425,1552 3425,1550 3423,1547 3421,1547 3420,1546 3419,1546 3418,1545 3414,1545 3413,1544 3406,1544 3405,1545 3404,1545 3403,1546 3402,1546 3401,1547 3400,1547 3395,1552 3395,1553 3393,1555 3393,1557 3392,1558 3392,1566 3300,1566 3299,1566 3299,1528 3298,1527 3298,1526 3298,1525 3297,1525 3296,1524 3290,1524 3289,1525 3288,1525 3287,1526 3285,1526 3284,1527 3281,1527 3278,1530 3278,1567 3273,1567 3272,1568 3173,1568 3172,1567 3156,1567 3155,1567 3155,1561 3154,1559 3125,1559 3124,1559 3124,1539 3123,1538 3123,1537 3122,1535 3116,1535 3112,1539 3112,1560 3078,1560 3075,1563 3075,1564 3073,1566 2880,1566 2879,1565 2878,1565 2877,1564 2874,1564 2873,1563 2840,1563 2839,1563 2839,1524 2838,1522 2836,1522 2835,1523 2834,1523 2833,1524 2741,1524 2740,1524 2740,1522 2739,1520 2738,1520 2737,1519 2734,1519 2733,1518 2731,1518 2730,1519 2729,1519 2728,1520 2727,1520 2726,1521 2720,1521 2718,1523 2718,1562 2613,1562 2612,1561 2519,1561 2518,1560 2497,1560 2496,1561 2434,1561 2433,1561 2433,1529 2432,1528 2432,1527 2429,1523 2428,1523 2427,1522 2423,1522 2422,1521 2419,1521 2418,1522 2414,1522 2413,1523 2411,1523 2410,1524 2409,1524 2407,1526 2406,1526 2405,1527 2404,1527 2399,1532 2399,1533 2398,1534 2398,1535 2396,1537 2396,1538 2395,1539 2395,1541 2394,1542 2394,1544 2393,1545 2393,1549 2392,1550 2392,1558 2391,1559 2391,1565 2283,1565 2282,1565 2282,1531 2281,1530 2281,1529 2277,1525 2277,1524 2276,1524 2275,1523 2264,1523 2263,1524 2262,1524 2261,1525 2260,1525 2255,1530 2254,1530 2248,1536 2248,1537 2247,1538 2247,1539 2246,1540 2246,1541 2245,1542 2245,1544 2153,1544 2152,1544 2152,1527 2151,1525 2150,1525 2149,1524 2145,1524 2144,1525 2046,1525 2043,1522 2041,1522 2040,1521 2039,1521 2038,1520 2027,1520 2026,1521 2025,1521 2024,1522 2023,1522 2018,1527 1903,1527 1902,1526 1836,1526 1835,1525 1831,1525 1830,1526 1825,1526 1824,1527 1823,1527 1822,1528 1727,1528 1726,1527 1721,1527 1720,1528 1719,1528 1718,1529 1717,1529 1716,1530 1713,1530 1712,1531 1710,1531 1709,1532 1708,1532 1706,1534 1705,1534 1704,1535 1704,1536 1702,1538 1702,1539 1610,1539 1609,1539 1609,1531 1607,1528 1605,1528 1604,1529 1603,1529 1602,1530 1601,1530 1600,1531 1598,1531 1597,1532 1536,1532 1535,1533 1534,1533 1531,1536 1531,1568 1487,1568 1486,1567 1479,1567 1478,1568 1383,1568 1382,1568 1382,1563 1381,1561 1379,1561 1378,1562 1377,1563 1377,1565 1376,1566 1355,1566 1354,1567 1187,1567 1186,1566 1156,1566 1155,1565 1154,1565 1153,1564 1066,1564 1065,1564 1065,1535 1063,1532 1062,1532 1061,1531 1059,1531 1058,1532 1057,1532 1055,1534 1055,1535 977,1535 976,1536 975,1536 973,1538 973,1541 968,1541 967,1541 967,1528 965,1525 964,1526 964,1541 946,1541 945,1542 945,1562 940,1562 939,1563 935,1563 934,1564 933,1564 931,1566 930,1566 928,1568 927,1568 922,1573 922,1574 920,1576 920,1577 919,1578 919,1579 918,1580 918,1582 917,1583 917,1586 916,1587 916,1600 818,1600 817,1600 817,1573 816,1572 816,1566 814,1563 811,1563 810,1562 761,1562 760,1561 709,1561 708,1560 704,1560 703,1561 625,1561 624,1562 606,1562 605,1563 604,1563 603,1564 558,1564 557,1565 555,1565 551,1569 549,1569 548,1570 547,1570 545,1572 545,1573 544,1574 544,1575 543,1576 543,1577 542,1578 542,1607 541,1608 541,1611 541,1612 542,1613 542,1617 545,1619 547,1619 548,1620 549,1620 550,1621 551,1621 552,1622 659,1622 660,1621 715,1621 759,1621 760,1622 765,1622 766,1621 767,1621 768,1620 769,1620 770,1619 851,1619 851,1620 851,1631 852,1632 852,1633 854,1634 855,1634 856,1635 858,1635 859,1634 860,1634 861,1633 863,1633 864,1632 946,1632 946,1633 946,1662 948,1663 955,1663 957,1661 975,1661 976,1660 976,1659 977,1658 977,1624 978,1623 1112,1623 1113,1624 1114,1624 1115,1625 1243,1625 1244,1626 1248,1626 1249,1625 1250,1625 1251,1624 1357,1624 1357,1625 1357,1670 1358,1670 1364,1670 1365,1671 1368,1671"/>
        <Word id="w36721">
          <Coords points="596,1518 909,1518 909,1671 596,1671"/>
          <Glyph id="w36721g0">
            <Coords points="596,1518 610,1518 610,1671 596,1671"/>
            <TextEquiv index="1" conf="0.9999997913837433">
              <Unicode>a</Unicode>
            </TextEquiv>
          </Glyph>
          <Glyph id="w36721g1">
            <Coords points="653,1518 653,1518 653,1671 653,1671"/>
            <TextEquiv index="1" conf="0.9999991655349731">
              <Unicode>r</Unicode>
            </TextEquiv>
          </Glyph>
          <Glyph id="w36721g2">
            <Coords points="724,1518 724,1518 724,1671 724,1671"/>
            <TextEquiv index="1" conf="1.0">
              <Unicode>m</Unicode>
            </TextEquiv>
          </Glyph>
          <Glyph id="w36721g3">
            <Coords points="795,1518 795,1518 795,1671 795,1671"/>
            <TextEquiv index="1" conf="0.999996155500412">
              <Unicode>e</Unicode>
            </TextEquiv>
          </Glyph>
          <Glyph id="w36721g4">
            <Coords points="838,1518 852,1518 852,1671 838,1671"/>
            <TextEquiv index="1" conf="0.9999995827674866">
              <Unicode>s</Unicode>
            </TextEquiv>
          </Glyph>
          <Glyph id="w36721g5">
            <Coords points="895,1518 909,1518 909,1671 895,1671"/>
            <TextEquiv index="1" conf="0.9999444484710693">
              <Unicode>,</Unicode>
            </TextEquiv>
          </Glyph>
          <TextEquiv index="1" conf="0.999939143958598">
            <Unicode>armes,</Unicode>
          </TextEquiv>
        </Word>
        <Word id="w36722">
          <Coords points="994,1518 1094,1518 1094,1671 994,1671"/>
          <Glyph id="w36722g0">
            <Coords points="994,1518 1008,1518 1008,1671 994,1671"/>
            <TextEquiv index="1" conf="0.9999997615814209">
              <Unicode>q</Unicode>
            </TextEquiv>
          </Glyph>
          <Glyph id="w36722g1">
            <Coords points="1037,1518 1051,1518 1051,1671 1037,1671"/>
            <TextEquiv index="1" conf="0.9999990463256836">
              <Unicode>u</Unicode>
            </TextEquiv>
          </Glyph>
          <Glyph id="w36722g2">
            <Coords points="1094,1518 1094,1518 1094,1671 1094,1671"/>
            <TextEquiv index="1" conf="0.9999991059303284">
              <Unicode>i</Unicode>
            </TextEquiv>
          </Glyph>
          <TextEquiv index="1" conf="0.999997913838726">
            <Unicode>qui</Unicode>
          </TextEquiv>
        </Word>
        <Word id="w36723">
          <Coords points="1194,1518 1521,1518 1521,1671 1194,1671"/>
          <Glyph id="w36723g0">
            <Coords points="1194,1518 1208,1518 1208,1671 1194,1671"/>
            <TextEquiv index="1" conf="1.0">
              <Unicode>m</Unicode>
            </TextEquiv>
          </Glyph>
          <Glyph id="w36723g1">
            <Coords points="1265,1518 1265,1518 1265,1671 1265,1671"/>
            <TextEquiv index="1" conf="1.0">
              <Unicode>a</Unicode>
            </TextEquiv>
          </Glyph>
          <Glyph id="w36723g2">
            <Coords points="1322,1518 1322,1518 1322,1671 1322,1671"/>
            <TextEquiv index="1" conf="0.9999999105930328">
              <Unicode>n</Unicode>
            </TextEquiv>
          </Glyph>
          <Glyph id="w36723g3">
            <Coords points="1393,1518 1421,1518 1421,1671 1393,1671"/>
            <TextEquiv index="1" conf="1.0">
              <Unicode>q</Unicode>
            </TextEquiv>
          </Glyph>
          <Glyph id="w36723g4">
            <Coords points="1450,1518 1464,1518 1464,1671 1450,1671"/>
            <TextEquiv index="1" conf="0.9999997913837433">
              <Unicode>u</Unicode>
            </TextEquiv>
          </Glyph>
          <Glyph id="w36723g5">
            <Coords points="1521,1518 1521,1518 1521,1671 1521,1671"/>
            <TextEquiv index="1" conf="0.9999999105930328">
              <Unicode>e</Unicode>
            </TextEquiv>
          </Glyph>
          <TextEquiv index="1" conf="0.9999996125698543">
            <Unicode>manque</Unicode>
          </TextEquiv>
        </Word>
        <Word id="w36724">
          <Coords points="1578,1518 1578,1518 1578,1671 1578,1671"/>
          <Glyph id="w36724g0">
            <Coords points="1578,1518 1578,1518 1578,1671 1578,1671"/>
            <TextEquiv index="1" conf="0.9999006539583206">
              <Unicode>à</Unicode>
            </TextEquiv>
          </Glyph>
          <TextEquiv index="1" conf="0.9999006539583206">
            <Unicode>à</Unicode>
          </TextEquiv>
        </Word>
        <Word id="w36725">
          <Coords points="1635,1518 1678,1518 1678,1671 1635,1671"/>
          <Glyph id="w36725g0">
            <Coords points="1635,1518 1635,1518 1635,1671 1635,1671"/>
            <TextEquiv index="1" conf="0.9999992251396179">
              <Unicode>l</Unicode>
            </TextEquiv>
          </Glyph>
          <Glyph id="w36725g1">
            <Coords points="1678,1518 1678,1518 1678,1671 1678,1671"/>
            <TextEquiv index="1" conf="0.9999972581863403">
              <Unicode>a</Unicode>
            </TextEquiv>
          </Glyph>
          <TextEquiv index="1" conf="0.9999964833280828">
            <Unicode>la</Unicode>
          </TextEquiv>
        </Word>
        <Word id="w36726">
          <Coords points="1734,1518 2090,1518 2090,1671 1734,1671"/>
          <Glyph id="w36726g0">
            <Coords points="1734,1518 1749,1518 1749,1671 1734,1671"/>
            <TextEquiv index="1" conf="0.9999901652336121">
              <Unicode>f</Unicode>
            </TextEquiv>
          </Glyph>
          <Glyph id="w36726g1">
            <Coords points="1791,1518 1806,1518 1806,1671 1791,1671"/>
            <TextEquiv index="1" conf="0.9999975562095642">
              <Unicode>o</Unicode>
            </TextEquiv>
          </Glyph>
          <Glyph id="w36726g2">
            <Coords points="1834,1518 1834,1518 1834,1671 1834,1671"/>
            <TextEquiv index="1" conf="0.9999970495700836">
              <Unicode>i</Unicode>
            </TextEquiv>
          </Glyph>
          <Glyph id="w36726g3">
            <Coords points="1863,1518 1877,1518 1877,1671 1863,1671"/>
            <TextEquiv index="1" conf="1.0">
              <Unicode>b</Unicode>
            </TextEquiv>
          </Glyph>
          <Glyph id="w36726g4">
            <Coords points="1934,1518 1934,1518 1934,1671 1934,1671"/>
            <TextEquiv index="1" conf="0.9999984204769135">
              <Unicode>l</Unicode>
            </TextEquiv>
          </Glyph>
          <Glyph id="w36726g5">
            <Coords points="1976,1518 1976,1518 1976,1671 1976,1671"/>
            <TextEquiv index="1" conf="0.9999989569187164">
              <Unicode>e</Unicode>
            </TextEquiv>
          </Glyph>
          <Glyph id="w36726g6">
            <Coords points="2019,1518 2019,1518 2019,1671 2019,1671"/>
            <TextEquiv index="1" conf="0.9998462349176407">
              <Unicode>ſ</Unicode>
            </TextEquiv>
          </Glyph>
          <Glyph id="w36726g7">
            <Coords points="2048,1518 2048,1518 2048,1671 2048,1671"/>
            <TextEquiv index="1" conf="0.9999958574771881">
              <Unicode>ſ</Unicode>
            </TextEquiv>
          </Glyph>
          <Glyph id="w36726g8">
            <Coords points="2090,1518 2090,1518 2090,1671 2090,1671"/>
            <TextEquiv index="1" conf="0.9999979138374329">
              <Unicode>e</Unicode>
            </TextEquiv>
          </Glyph>
          <TextEquiv index="1" conf="0.9998221585655042">
            <Unicode>foibleſſe</Unicode>
          </TextEquiv>
        </Word>
        <Word id="w36727">
          <Coords points="2176,1518 2233,1518 2233,1671 2176,1671"/>
          <Glyph id="w36727g0">
            <Coords points="2176,1518 2176,1518 2176,1671 2176,1671"/>
            <TextEquiv index="1" conf="1.0">
              <Unicode>d</Unicode>
            </TextEquiv>
          </Glyph>
          <Glyph id="w36727g1">
            <Coords points="2218,1518 2233,1518 2233,1671 2218,1671"/>
            <TextEquiv index="1" conf="0.9999222755432129">
              <Unicode>e</Unicode>
            </TextEquiv>
          </Glyph>
          <TextEquiv index="1" conf="0.9999222755432129">
            <Unicode>de</Unicode>
          </TextEquiv>
        </Word>
        <Word id="w36728">
          <Coords points="2275,1518 2375,1518 2375,1671 2275,1671"/>
          <Glyph id="w36728g0">
            <Coords points="2275,1518 2290,1518 2290,1671 2275,1671"/>
            <TextEquiv index="1" conf="0.9985807985067368">
              <Unicode>ſ</Unicode>
            </TextEquiv>
          </Glyph>
          <Glyph id="w36728g1">
            <Coords points="2318,1518 2332,1518 2332,1671 2318,1671"/>
            <TextEquiv index="1" conf="0.997175931930542">
              <Unicode>e</Unicode>
            </TextEquiv>
          </Glyph>
          <Glyph id="w36728g2">
            <Coords points="2375,1518 2375,1518 2375,1671 2375,1671"/>
            <TextEquiv index="1" conf="0.9999988675117493">
              <Unicode>s</Unicode>
            </TextEquiv>
          </Glyph>
          <TextEquiv index="1" conf="0.9957596106715633">
            <Unicode>ſes</Unicode>
          </TextEquiv>
        </Word>
        <Word id="w36729">
          <Coords points="2432,1518 2688,1518 2688,1671 2432,1671"/>
          <Glyph id="w36729g0">
            <Coords points="2432,1518 2432,1518 2432,1671 2432,1671"/>
            <TextEquiv index="1" conf="0.999995082616806">
              <Unicode>f</Unicode>
            </TextEquiv>
          </Glyph>
          <Glyph id="w36729g1">
            <Coords points="2489,1518 2489,1518 2489,1671 2489,1671"/>
            <TextEquiv index="1" conf="0.9999916851520538">
              <Unicode>o</Unicode>
            </TextEquiv>
          </Glyph>
          <Glyph id="w36729g2">
            <Coords points="2532,1518 2546,1518 2546,1671 2532,1671"/>
            <TextEquiv index="1" conf="0.9999986290931702">
              <Unicode>r</Unicode>
            </TextEquiv>
          </Glyph>
          <Glyph id="w36729g3">
            <Coords points="2589,1518 2589,1518 2589,1671 2589,1671"/>
            <TextEquiv index="1" conf="0.9999804198741913">
              <Unicode>c</Unicode>
            </TextEquiv>
          </Glyph>
          <Glyph id="w36729g4">
            <Coords points="2645,1518 2645,1518 2645,1671 2645,1671"/>
            <TextEquiv index="1" conf="0.9999988377094269">
              <Unicode>e</Unicode>
            </TextEquiv>
          </Glyph>
          <Glyph id="w36729g5">
            <Coords points="2674,1518 2688,1518 2688,1671 2674,1671"/>
            <TextEquiv index="1" conf="0.9999966323375702">
              <Unicode>s</Unicode>
            </TextEquiv>
          </Glyph>
          <TextEquiv index="1" conf="0.9999612872869369">
            <Unicode>forces</Unicode>
          </TextEquiv>
        </Word>
        <Word id="w36730">
          <Coords points="2759,1518 2816,1518 2816,1671 2759,1671"/>
          <Glyph id="w36730g0">
            <Coords points="2759,1518 2774,1518 2774,1671 2759,1671"/>
            <TextEquiv index="1" conf="0.9999999701976776">
              <Unicode>d</Unicode>
            </TextEquiv>
          </Glyph>
          <Glyph id="w36730g1">
            <Coords points="2816,1518 2816,1518 2816,1671 2816,1671"/>
            <TextEquiv index="1" conf="0.9999996423721313">
              <Unicode>e</Unicode>
            </TextEquiv>
          </Glyph>
          <TextEquiv index="1" conf="0.9999996125698196">
            <Unicode>de</Unicode>
          </TextEquiv>
        </Word>
        <Word id="w36731">
          <Coords points="2859,1518 2902,1518 2902,1671 2859,1671"/>
          <Glyph id="w36731g0">
            <Coords points="2859,1518 2873,1518 2873,1671 2859,1671"/>
            <TextEquiv index="1" conf="0.9999758005142212">
              <Unicode>l</Unicode>
            </TextEquiv>
          </Glyph>
          <Glyph id="w36731g1">
            <Coords points="2902,1518 2902,1518 2902,1671 2902,1671"/>
            <TextEquiv index="1" conf="0.9999995827674866">
              <Unicode>a</Unicode>
            </TextEquiv>
          </Glyph>
          <TextEquiv index="1" conf="0.9999753832918046">
            <Unicode>la</Unicode>
          </TextEquiv>
        </Word>
        <Word id="w36732">
          <Coords points="2973,1518 3371,1518 3371,1671 2973,1671"/>
          <Glyph id="w36732g0">
            <Coords points="2973,1518 2987,1518 2987,1671 2973,1671"/>
            <TextEquiv index="1" conf="0.999639704823494">
              <Unicode>c</Unicode>
            </TextEquiv>
          </Glyph>
          <Glyph id="w36732g1">
            <Coords points="3030,1518 3030,1518 3030,1671 3030,1671"/>
            <TextEquiv index="1" conf="0.9999980926513672">
              <Unicode>e</Unicode>
            </TextEquiv>
          </Glyph>
          <Glyph id="w36732g2">
            <Coords points="3073,1518 3073,1518 3073,1671 3073,1671"/>
            <TextEquiv index="1" conf="0.9999996423721313">
              <Unicode>r</Unicode>
            </TextEquiv>
          </Glyph>
          <Glyph id="w36732g3">
            <Coords points="3115,1518 3115,1518 3115,1671 3115,1671"/>
            <TextEquiv index="1" conf="0.9999981820583344">
              <Unicode>t</Unicode>
            </TextEquiv>
          </Glyph>
          <Glyph id="w36732g4">
            <Coords points="3144,1518 3158,1518 3158,1671 3144,1671"/>
            <TextEquiv index="1" conf="0.9999593496322632">
              <Unicode>i</Unicode>
            </TextEquiv>
          </Glyph>
          <Glyph id="w36732g5">
            <Coords points="3186,1518 3186,1518 3186,1671 3186,1671"/>
            <TextEquiv index="1" conf="0.9999956786632538">
              <Unicode>t</Unicode>
            </TextEquiv>
          </Glyph>
          <Glyph id="w36732g6">
            <Coords points="3229,1518 3243,1518 3243,1671 3229,1671"/>
            <TextEquiv index="1" conf="0.9999954402446747">
              <Unicode>u</Unicode>
            </TextEquiv>
          </Glyph>
          <Glyph id="w36732g7">
            <Coords points="3315,1518 3329,1518 3329,1671 3315,1671"/>
            <TextEquiv index="1" conf="0.9999996423721313">
              <Unicode>d</Unicode>
            </TextEquiv>
          </Glyph>
          <Glyph id="w36732g8">
            <Coords points="3371,1518 3371,1518 3371,1671 3371,1671"/>
            <TextEquiv index="1" conf="0.9999977946281433">
              <Unicode>e</Unicode>
            </TextEquiv>
          </Glyph>
          <TextEquiv index="1" conf="0.9995835484119246">
            <Unicode>certitude</Unicode>
          </TextEquiv>
        </Word>
        <Word id="w36733">
          <Coords points="3485,1518 3485,1518 3485,1671 3485,1671"/>
          <Glyph id="w36733g0">
            <Coords points="3485,1518 3485,1518 3485,1671 3485,1671"/>
            <TextEquiv index="1" conf="0.9999998211860657">
              <Unicode>&amp;</Unicode>
            </TextEquiv>
          </Glyph>
          <TextEquiv index="1" conf="0.9999998211860657">
            <Unicode>&amp;</Unicode>
          </TextEquiv>
        </Word>
        <Word id="w36734">
          <Coords points="3557,1518 3941,1518 3941,1671 3557,1671"/>
          <Glyph id="w36734g0">
            <Coords points="3557,1518 3571,1518 3571,1671 3557,1671"/>
            <TextEquiv index="1" conf="0.9999999403953552">
              <Unicode>d</Unicode>
            </TextEquiv>
          </Glyph>
          <Glyph id="w36734g1">
            <Coords points="3613,1518 3613,1518 3613,1671 3613,1671"/>
            <TextEquiv index="1" conf="0.9999997913837433">
              <Unicode>e</Unicode>
            </TextEquiv>
          </Glyph>
          <Glyph id="w36734g2">
            <Coords points="3670,1518 3670,1518 3670,1671 3670,1671"/>
            <TextEquiv index="1" conf="1.0">
              <Unicode>x</Unicode>
            </TextEquiv>
          </Glyph>
          <Glyph id="w36734g3">
            <Coords points="3713,1518 3713,1518 3713,1671 3713,1671"/>
            <TextEquiv index="1" conf="0.9999974370002747">
              <Unicode>t</Unicode>
            </TextEquiv>
          </Glyph>
          <Glyph id="w36734g4">
            <Coords points="3770,1518 3770,1518 3770,1671 3770,1671"/>
            <TextEquiv index="1" conf="0.9999906420707703">
              <Unicode>e</Unicode>
            </TextEquiv>
          </Glyph>
          <Glyph id="w36734g5">
            <Coords points="3813,1518 3813,1518 3813,1671 3813,1671"/>
            <TextEquiv index="1" conf="0.9999999701976776">
              <Unicode>r</Unicode>
            </TextEquiv>
          </Glyph>
          <Glyph id="w36734g6">
            <Coords points="3841,1518 3855,1518 3855,1671 3841,1671"/>
            <TextEquiv index="1" conf="0.999990701675415">
              <Unicode>i</Unicode>
            </TextEquiv>
          </Glyph>
          <Glyph id="w36734g7">
            <Coords points="3884,1518 3884,1518 3884,1671 3884,1671"/>
            <TextEquiv index="1" conf="0.9999969899654388">
              <Unicode>t</Unicode>
            </TextEquiv>
          </Glyph>
          <Glyph id="w36734g8">
            <Coords points="3941,1518 3941,1518 3941,1671 3941,1671"/>
            <TextEquiv index="1" conf="0.9999653995037079">
              <Unicode>é</Unicode>
            </TextEquiv>
          </Glyph>
          <TextEquiv index="1" conf="0.9999408732469732">
            <Unicode>dexterité</Unicode>
          </TextEquiv>
        </Word>
        <Word id="w36735">
          <Coords points="4041,1518 4097,1518 4097,1671 4041,1671"/>
          <Glyph id="w36735g0">
            <Coords points="4041,1518 4041,1518 4041,1671 4041,1671"/>
            <TextEquiv index="1" conf="1.0">
              <Unicode>d</Unicode>
            </TextEquiv>
          </Glyph>
          <Glyph id="w36735g1">
            <Coords points="4083,1518 4097,1518 4097,1671 4083,1671"/>
            <TextEquiv index="1" conf="0.999995619058609">
              <Unicode>e</Unicode>
            </TextEquiv>
          </Glyph>
          <TextEquiv index="1" conf="0.999995619058609">
            <Unicode>de</Unicode>
          </TextEquiv>
        </Word>
        <Word id="w36736">
          <Coords points="4140,1518 4297,1518 4297,1671 4140,1671"/>
          <Glyph id="w36736g0">
            <Coords points="4140,1518 4140,1518 4140,1671 4140,1671"/>
            <TextEquiv index="1" conf="0.999999076128006">
              <Unicode>l</Unicode>
            </TextEquiv>
          </Glyph>
          <Glyph id="w36736g1">
            <Coords points="4183,1518 4183,1518 4183,1671 4183,1671"/>
            <TextEquiv index="1" conf="0.9999995529651642">
              <Unicode>e</Unicode>
            </TextEquiv>
          </Glyph>
          <Glyph id="w36736g2">
            <Coords points="4226,1518 4240,1518 4240,1671 4226,1671"/>
            <TextEquiv index="1" conf="0.9999995827674866">
              <Unicode>u</Unicode>
            </TextEquiv>
          </Glyph>
          <Glyph id="w36736g3">
            <Coords points="4297,1518 4297,1518 4297,1671 4297,1671"/>
            <TextEquiv index="1" conf="0.9999997019767761">
              <Unicode>r</Unicode>
            </TextEquiv>
          </Glyph>
          <TextEquiv index="1" conf="0.9999979138389508">
            <Unicode>leur</Unicode>
          </TextEquiv>
        </Word>
        <Word id="w36737">
          <Coords points="4354,1518 4610,1518 4610,1671 4354,1671"/>
          <Glyph id="w36737g0">
            <Coords points="4354,1518 4354,1518 4354,1671 4354,1671"/>
            <TextEquiv index="1" conf="0.9999999403953552">
              <Unicode>u</Unicode>
            </TextEquiv>
          </Glyph>
          <Glyph id="w36737g1">
            <Coords points="4411,1518 4411,1518 4411,1671 4411,1671"/>
            <TextEquiv index="1" conf="0.999999463558197">
              <Unicode>ſ</Unicode>
            </TextEquiv>
          </Glyph>
          <Glyph id="w36737g2">
            <Coords points="4453,1518 4453,1518 4453,1671 4453,1671"/>
            <TextEquiv index="1" conf="1.0">
              <Unicode>a</Unicode>
            </TextEquiv>
          </Glyph>
          <Glyph id="w36737g3">
            <Coords points="4510,1518 4524,1518 4524,1671 4510,1671"/>
            <TextEquiv index="1" conf="1.0">
              <Unicode>g</Unicode>
            </TextEquiv>
          </Glyph>
          <Glyph id="w36737g4">
            <Coords points="4567,1518 4567,1518 4567,1671 4567,1671"/>
            <TextEquiv index="1" conf="0.9999490976333618">
              <Unicode>e</Unicode>
            </TextEquiv>
          </Glyph>
          <Glyph id="w36737g5">
            <Coords points="4610,1518 4610,1518 4610,1671 4610,1671"/>
            <TextEquiv index="1" conf="0.9977650195360184">
              <Unicode>.</Unicode>
            </TextEquiv>
          </Glyph>
          <TextEquiv index="1" conf="0.9977136362511839">
            <Unicode>uſage.</Unicode>
          </TextEquiv>
        </Word>
        <TextEquiv conf="0.999875884042697" index="1">
          <Unicode>armes, qui manque à la foibleſſe de ſes forces de la certitude &amp; dexterité de leur uſage.</Unicode>
        </TextEquiv>
      </TextLine>
    </TextRegion>
  </Page>
</PcGts>
