5520 7640
1137 1315 1289 1430 DE
1422 1315 2506 1430 CLARATION
2753 1315 3020 1430 DES
3305 1315 4541 1430 OPERATIONS

1486 1318 1486 1372 1

1994 1484 2105 1579 DV
2286 1484 2912 1579 TABLEAV
3079 1484 3664 1579 SIXIEME.

1555 1668 1650 1895 Ar
1745 1668 1859 1895 les
1973 1668 2410 1895 preuves
2524 1668 2600 1895 de
2694 1668 2751 1895 la
2884 1668 3188 1895 droite
3283 1668 3625 1895 ligne,
3758 1668 3890 1895 qui
4004 1668 4175 1895 ont
4270 1668 4441 1895 eſté
4517 1668 4821 1895 faites
4916 1668 4992 1895 au

1504 1886 1823 2034 Tableau
1886 1886 2396 2034 precedent,
2447 1886 2498 2034 en
2574 1886 3020 2034 prevenant
3122 1886 3134 2034 &
3198 1886 3580 2034 domtant
3631 1886 3657 2034 ſi
3708 1886 4510 2034 avantageuſement
4586 1886 4841 2034 toutes
4905 1886 5007 2034 les

1483 2026 2012 2172 entreprinſes
2080 2026 2148 2172 de
2256 2026 2650 2172 Zacharie,
2691 2026 2731 2172 il
2786 2026 2894 2172 s’en
2976 2026 3166 2172 tient
3220 2026 3247 2172 ſi
3288 2026 3301 2172 à
3356 2026 3532 2172 plein
3627 2026 4061 2172 contenté,
4143 2026 4306 2172 qu’il
4374 2026 4414 2172 ſe
4509 2026 4794 2172 diſpoſe
4848 2026 4998 2172 pre-

1468 2165 1939 2309 ſentement
1991 2165 1991 2309 à
2056 2165 2096 2309 la
2161 2165 2462 2309 vouloir
2527 2165 2841 2309 imiter,
2907 2165 3364 2309 s’aſſeurant
3443 2165 3495 2309 de
3548 2165 3548 2309 s
3613 2165 3665 2309 en
3744 2165 4123 2309 prevaloir
4188 2165 4385 2309 auſsi
4437 2165 4581 2309 bien
4699 2165 5012 2309 qu’Ale-

1478 2304 1809 2450 xandre,
1862 2304 1915 2450 en
1995 2304 2498 2450 conformité
2578 2304 2644 2450 de
2697 2304 2763 2450 ce
2829 2304 2988 2450 qu’il
3028 2304 3147 2450 luy
3214 2304 3214 2450 a
3280 2304 3386 2450 veu
3465 2304 3664 2450 faire.
3810 2304 3995 2450 Dont
4048 2304 4075 2450 il
4115 2304 4168 2450 le
4221 2304 4578 2450 requiert
4631 2304 5002 2450 amiable-

1508 2444 1695 2591 ment
1761 2444 1828 2591 de
1881 2444 2268 2591 travailler
2321 2444 2321 2591 à
2388 2444 2495 2591 ſon
2561 2444 2735 2591 tour
2788 2444 2895 2591 ſur
2935 2444 2975 2591 la
3081 2444 3348 2591 meſme
3401 2444 3774 2591 poſture,
3854 2444 4001 2591 qu’il
4054 2444 4361 2591 entend
4401 2444 4534 2591 luy
4588 2444 5001 2591 preſenter

578 2584 578 2729 à
647 2584 688 2729 la
744 2584 1103 2729 pareille.
1297 2584 1366 2729 Ce
1435 2584 1559 2729 que
1614 2584 1739 2729 luy
1794 2584 2043 2729 eſtant
2098 2584 2555 2729 volontiers
2596 2584 2983 2729 accordé,
3025 2584 3052 2729 il
3108 2584 3149 2729 ſe
3204 2584 3260 2729 va
3356 2584 3619 2729 mettre
3674 2584 3771 2729 ſur
3826 2584 3882 2729 le
3992 2584 4255 2729 Cercle,
4310 2584 4352 2729 le
4407 2584 4587 2729 pied
4656 2584 4836 2729 droit
4891 2584 5002 2729 ſur

568 2723 612 2868 la
672 2723 879 2868 ligne
983 2723 1161 2868 XY,
1220 2723 1265 2868 en
1339 2723 1754 2868 touchant
1799 2723 1843 2868 la
1962 2723 2585 2868 Circonference
2644 2723 2659 2868 à
2703 2723 2748 2868 la
2792 2723 3029 2868 lettre
3133 2723 3192 2868 X,
3326 2723 3326 2868 &
3385 2723 3430 2868 le
3504 2723 3682 2868 pied
3771 2723 4067 2868 gauche
4127 2723 4245 2868 ſur
4305 2723 4349 2868 la
4408 2723 4616 2868 ligne
4720 2723 5002 2868 Pedale,

579 2852 894 3010 ſuivant
937 2852 1037 3010 les
1123 2852 1653 3010 deſcriptions
1710 2852 1868 3010 plus
1925 2852 2484 3010 particulieres
2570 2852 2670 3010 des
2770 2852 3157 3010 Tableaux
3228 2852 3386 3010 III.
3500 2852 3500 3010 &
3572 2852 3729 3010 IV.
3787 2852 4173 3010 aſſituant
4216 2852 4259 3010 ſa
4317 2852 4517 3010 lame
4603 2852 4646 3010 en
4760 2852 5004 3010 droite

572 3004 807 3148 ligne,
846 3004 1042 3148 pour
1094 3004 1486 3148 attendre
1551 3004 1682 3148 que
1734 3004 1839 3148 ſon
1982 3004 2374 3148 Contraire
2440 3004 2714 3148 vienne
2766 3004 3158 3148 travailler
3197 3004 3720 3148 alencontre.
3850 3004 4098 3148 Eſtant
4177 3004 4360 3148 donc
4412 3004 4595 3148 ainſi
4647 3004 4856 3148 placé
4921 3004 4974 3148 en

589 3145 951 3289 poſture,
1032 3145 1474 3289 Alexandre
1515 3145 1568 3289 le
1635 3145 1836 3289 vient
1890 3145 2226 3289 aborder
2279 3145 2454 3289 avec
2521 3145 2829 3289 pareille
2869 3145 3071 3289 ligne
3151 3145 3419 3289 droite,
3473 3145 3527 3289 ſe
3607 3145 3943 3289 mettant
3983 3145 3996 3289 à
4063 3145 4103 3289 la
4197 3145 4573 3289 Premiere
4627 3145 5002 3289 Inſtance

576 3282 576 3428 à
660 3282 910 3428 l’autre
980 3282 1175 3428 bout
1258 3282 1300 3428 du
1439 3282 1731 3428 Cercle,
1773 3282 1829 3428 le
1884 3282 2051 3428 pied
2135 3282 2316 3428 droit
2357 3282 2371 3428 à
2427 3282 2469 3428 la
2538 3282 2761 3428 lettre
2872 3282 2942 3428 C,
2998 3282 3039 3428 le
3123 3282 3429 3428 gauche
3499 3282 3596 3428 ſur
3666 3282 3930 3428 l’autre
4000 3282 4208 3428 ligne
4278 3282 4682 3428 ordinaire
4751 3282 4807 3428 au
4904 3282 5002 3428 de-

605 3422 770 3570 dans
839 3422 894 3570 du
1032 3422 1556 3570 Quadrangle,
1611 3422 1886 3570 l’eſpee
1955 3422 1996 3570 en
2065 3422 2272 3570 ligne
2341 3422 2589 3570 droite
2644 3422 3002 3570 parallele
3057 3422 3112 3570 au
3209 3422 3498 3570 deſſous
3567 3422 3636 3570 de
3677 3422 3939 3570 l’eſpee
4008 3422 4435 3570 contraire,
4476 3422 4532 3570 en
4600 3422 4642 3570 la
4738 3422 5000 3570 meſme

579 3561 775 3712 ſorte
874 3561 1028 3712 qu’il
1084 3561 1169 3712 eſt
1225 3561 1689 3712 repreſenté
1759 3561 1815 3712 au
1941 3561 2250 3712 Tableau
2349 3561 2349 3712 I
2461 3561 2517 3712 V.
2630 3561 2869 3712 Cercle
3009 3561 3051 3712 N.
3093 3561 3121 3712 1.
3220 3561 3402 3712 dont
3459 3561 3726 3712 toutes
3768 3561 3866 3712 les
3922 3561 4386 3712 operations
4456 3561 4512 3712 de
4582 3561 4639 3712 ce
4695 3561 5004 3712 preſent

615 3703 940 3861 1ableau
1022 3703 1537 3861 dependent,
1578 3703 1767 3861 auſſi
1808 3703 1971 3861 bien
2066 3703 2188 3861 que
2256 3703 2472 3861 celles
2540 3703 2595 3861 du
2703 3703 3205 3861 cinquieme.

1356 3953 1650 4103 Cercle
1860 3953 2071 4103 N.1.

595 4164 895 4299 Alexandre
941 4164 1091 4299 ayant
1137 4164 1149 4299 à
1195 4164 1484 4299 travailler
1530 4164 1599 4299 ſur
1645 4164 1680 4299 la
1726 4164 1922 4299 poſture
1991 4164 2015 4299 de
2061 4164 2095 4299 la
2188 4164 2338 4299 Droite
2384 4164 2534 4299 ligne,
2580 4164 2719 4299 apres

682 4300 797 4434 eſtre
854 4300 957 4434 venu
1014 4300 1025 4434 à
1071 4300 1105 4434 la
1174 4300 1426 4434 Premiere
1471 4300 1746 4434 Inſtance,
1803 4300 1837 4434 il
1872 4300 1975 4434 leve
2009 4300 2043 4434 le
2089 4300 2203 4434 pied
2249 4300 2409 4434 droit,
2478 4300 2718 4434 enſemble

686 4418 803 4556 avec
846 4418 878 4556 la
920 4418 1090 4556 pointe
1144 4418 1175 4556 de
1218 4418 1261 4556 ſa
1303 4418 1473 4556 lame,
1516 4418 1558 4556 en
1611 4418 1930 4556 accouplant
1973 4418 2037 4556 les
2079 4418 2249 4556 eſpees
2303 4418 2345 4556 en
2430 4418 2611 4556 dedans
2685 4418 2717 4556 du

691 4539 831 4685 bras,
936 4539 1123 4685 Nombre
1181 4539 1193 4685 3
1298 4539 1298 4685 à
1403 4539 1589 4685 Nombre
1648 4539 1683 4685 8,
1741 4539 1846 4685 avec
1893 4539 1939 4685 un
1998 4539 2161 4685 arreſt
2219 4539 2243 4685 du
2301 4539 2441 4685 corps
2488 4539 2581 4685 fort
2628 4539 2733 4685 ſub-

682 4665 775 4810 til;
821 4665 856 4810 en
902 4665 1158 4810 intention
1216 4665 1553 4810 d’aſſujettir
1600 4665 1658 4810 ſon
1728 4665 2007 4810 Contraire
2053 4665 2065 4810 à
2111 4665 2146 4810 la
2204 4665 2425 4810 Seconde
2471 4665 2727 4810 Inſtance.

1056 4832 1543 4961 LEXANDRE
1614 4832 1851 4961 eſtant
1910 4832 2136 4961 arrivé
2207 4832 2207 4961 à
2278 4832 2325 4961 la
2408 4832 2717 4961 Premie-

1030 4959 1094 5101 re
1146 4959 1558 5101 Inſtance,
1610 4959 1661 5101 ſe
1713 4959 2047 5101 propoſe
2125 4959 2576 5101 d’aſſujettir
2614 4959 2730 5101 l’e-

1030 5084 1201 5228 ſpee
1262 5084 1654 5228 contraire
1703 5084 1715 5228 à
1776 5084 1813 5228 la
1899 5084 2302 5228 Seconde,
2376 5084 2486 5228 par
2559 5084 2718 5228 deçà

1029 5205 1076 5350 le
1181 5205 1592 5350 Diametre.
1662 5205 1721 5350 Et
1768 5205 1956 5350 pour
2026 5205 2085 5350 ce
2132 5205 2343 5350 faire,
2402 5205 2448 5350 en
2531 5205 2718 5350 com-

603 5336 949 5487 mençant
996 5336 1008 5487 à
1068 5336 1485 5487 travailler,
1509 5336 1545 5487 il
1592 5336 1747 5487 leve
1807 5336 1855 5487 le
1914 5336 2081 5487 pied
2153 5336 2367 5487 droit,
2439 5336 2606 5487 avec
2665 5336 2713 5487 le

588 5461 900 5608 genouil
946 5461 1201 5608 roide,
1270 5461 1420 5608 ſans
1478 5461 1709 5608 aucun
1894 5461 2333 5608 ouvement
2414 5461 2726 5608 general

592 5583 640 5734 du
723 5583 998 5734 corps,
1045 5583 1129 5734 ny
1201 5583 1248 5734 du
1344 5583 1511 5734 bras
1570 5583 1618 5734 en
1714 5583 2227 5734 particulier;
2298 5583 2477 5734 ſinon
2585 5583 2716 5734 que

578 5709 686 5856 par
759 5709 1097 5856 quelque
1145 5709 1386 5856 petite
1447 5709 2158 5856 accommodation
2231 5709 2291 5856 du
2351 5709 2713 5856 poignet,

565 5832 600 5982 il
658 5832 786 5982 fait
880 5832 1171 5982 monter
1241 5832 1276 5982 ſa
1358 5832 1672 5982 poine
1754 5832 1801 5982 en
1894 5832 2127 5982 haut,
2197 5832 2244 5982 en
2337 5832 2722 5982 touchant

570 5957 846 6106 l’eſpee
942 5957 1327 6106 contraire
1411 5957 1459 6106 en
1568 5957 1892 6106 dedans,
1976 5957 2024 6106 du
2169 5957 2481 6106 Nombre
2565 5957 2614 6106 3.
2674 5957 2722 6106 le

634 6081 952 6232 Nombre
1025 6081 1062 6232 8.
1111 6081 1295 6232 avec
1356 6081 1711 6232 quelque
1759 6081 2004 6232 petite
2065 6081 2286 6232 pauſe
2359 6081 2408 6232 du
2494 6081 2738 6232 corps,

575 6206 1071 6358 tres-ſubtile
1196 6206 1196 6358 &
1245 6206 1394 6358 fort
1469 6206 1754 6358 difficile
1804 6206 1817 6358 à
1879 6206 2462 6358 recognoiſtre,
2500 6206 2723 6358 parce

585 6334 857 6487 qu’elle
906 6334 980 6487 ne
1054 6334 1202 6487 doit
1264 6334 1486 6487 durer
1535 6334 1658 6487 non
1732 6334 1917 6487 plus,
1967 6334 2102 6487 que
2139 6334 2571 6487 l’aſcenſion
2670 6334 2731 6487 de

574 6460 612 6605 la
673 6460 1045 6605 poine,
1156 6460 1156 6605 &
1206 6460 1540 6605 l’inſtant
1615 6460 1677 6605 de
1738 6460 2432 6605 l’attouchement
2494 6460 2605 6605 des
2667 6460 2717 6605 e-

570 6587 814 6734 ſpees;
850 6587 960 6734 afin
1058 6587 1180 6734 que
1241 6587 1327 6734 s’il
1376 6587 1754 6734 advenoit
1815 6587 2292 6734 d’aventure,
2340 6587 2475 6734 que
2524 6587 2719 6734 l’Ad-

584 6715 899 6852 verſaire
972 6715 1444 6852 entreprinſt
1528 6715 1589 6852 de
1637 6715 1758 6852 luy
1831 6715 2134 6852 vouloir
2182 6715 2352 6852 tirer
2412 6715 2461 6852 au
2570 6715 2715 6852 meſ-

2882 3965 2964 4084 me
3011 3965 3303 4084 inſtant
3384 3965 3735 4084 quelque
3817 3965 4225 4084 eſtocade,
4284 3965 4576 4084 haute,
4634 3965 4693 4084 ou
4763 3965 4996 4084 baſſe,

2873 4086 2922 4209 en
3006 4086 3333 4209 dedans,
3381 4086 3442 4209 ou
3527 4086 3575 4209 en
3672 4086 3974 4209 dehors,
4047 4086 4204 4209 qu’il
4253 4086 4398 4209 euſt
4446 4086 4495 4209 le
4567 4086 4737 4209 pied
4822 4086 5003 4209 droit

2860 4210 3028 4335 tout
3088 4210 3328 4335 preſt,
3448 4210 3448 4335 &
3496 4210 3508 4335 à
3568 4210 4300 4335 commandement
4348 4210 4540 4335 pour
4588 4210 4636 4335 le
4708 4210 5008 4335 planter

2863 4340 3048 4454 ſelon
3122 4340 3602 4454 l’exigence.

3034 4462 3194 4586 Voilà
3252 4462 3286 4586 la
3355 4462 3745 4586 premiere
3802 4462 4066 4586 entree
4135 4462 4193 4586 de
4250 4462 4525 4586 toutes
4571 4462 4674 4586 les
4755 4462 5019 4586 opera-

2862 4586 3065 4705 tions
3137 4586 3184 4705 du
3292 4586 3662 4705 Tableau,
3709 4586 4055 4705 laquelle
4103 4586 4139 4705 il
4187 4586 4437 4705 faudra
4497 4586 4640 4705 fort
4712 4586 5010 4705 curieu-

2863 4712 3165 4832 ſement
3224 4712 3620 4832 obſerver,
3678 4712 3946 4832 toutes
4050 4712 4062 4832 &
4132 4712 4458 4832 quantes
4505 4712 4644 4832 fois
4714 4712 4877 4832 qu’il
4924 4712 5017 4832 ſe-

2866 4833 2916 4962 ra
2990 4833 3325 4962 queſtion
3412 4833 3858 4962 d’aſſujettir
3907 4833 3945 4962 la
3994 4833 4242 4962 lame,
4292 4833 4428 4962 ſoit
4490 4833 4602 4962 par
4676 4833 4998 4962 dedans,

2874 4959 2936 5087 ou
3011 4959 3122 5087 par
3197 4959 3495 5087 dehors.
3632 4959 3731 5087 Car
3781 4959 4277 5087 l’intervalle,
4327 4959 4439 5087 qui
4501 4959 4588 5087 eſt
4650 4959 4923 5087 depuis
4961 4959 4998 5087 la

2864 5082 3094 5208 lettre
3183 5082 3515 5208 Cjuſqu’à
3566 5082 3617 5208 la
3694 5082 4038 5208 Seconde
4102 5082 4498 5208 Inſtance,
4536 5082 4689 5208 tant
4753 5082 4817 5208 de
4868 5082 4982 5208 l’un

2878 5207 3073 5333 coſté
3134 5207 3268 5333 que
3341 5207 3402 5333 de
3451 5207 3756 5333 l’autre,
3817 5207 3976 5333 c’eſt
4025 5207 4159 5333 une
4232 5207 4513 5333 grande
4598 5207 4854 5333 eſpace
4940 5207 5001 5333 de

2874 5335 3202 5456 chemin,
3299 5335 3299 5456 &
3360 5335 3541 5456 pour
3590 5335 4015 5456 l’achever,
4039 5335 4075 5456 il
4124 5335 4269 5456 faut
4342 5335 4476 5456 que
4524 5335 4573 5456 le
4633 5335 4888 5456 temps
4985 5335 4997 5456 &

2860 5459 2907 5582 le
3011 5459 3531 5582 mouvement
3589 5459 3727 5582 ſoit
3797 5459 3959 5582 auſſi
4028 5459 4040 5582 à
4109 5459 4594 5582 l’advenant.
4687 5459 4756 5582 Ie
4814 5459 4999 5582 veux

2887 5584 3044 5706 dire,
3093 5584 3250 5706 qu’il
3298 5584 3431 5706 ſera
3504 5584 3528 5706 ſi
3577 5584 3891 5706 notoire
4000 5584 4012 5706 &
4097 5584 4508 5706 manifeſte,
4544 5584 4568 5706 ſi
4629 5584 4677 5706 on
4762 5584 5004 5706 entre-

2864 5705 3100 5834 prend
3183 5705 3242 5834 de
3277 5705 3773 5834 l’accomplir
3832 5705 3880 5834 en
3951 5705 4021 5834 un
4092 5705 4234 5834 ſeul
4293 5705 4541 5834 temps
4589 5705 4742 5834 ſans
4778 5705 4825 5834 la
4884 5705 5002 5834 ſuſ-

2885 5834 3012 5952 dite
3070 5834 3346 5952 pauſe,
3427 5834 3554 5952 que
3612 5834 3992 5952 l’Ennemi
4061 5834 4107 5952 en
4188 5834 4592 5952 obſervant
4638 5834 4741 5952 les
4799 5834 4995 5952 com-

2898 5954 3435 6078 mencements
3504 5954 3572 6078 de
3618 5954 4132 6078 l’operation,
4167 5954 4212 6078 la
4292 5954 4567 6078 pourra
4658 5954 5001 6078 deſtour-

2863 6079 2993 6209 ber
3040 6079 3181 6209 fort
3239 6079 4051 6209 avantageuſement,
4133 6079 4133 6209 &
4192 6079 4380 6209 avec
4427 6079 4874 6209 apparence
4944 6079 5003 6209 de

2897 6208 3152 6327 mettre
3210 6208 3303 6327 ſon
3384 6208 3870 6327 entreprinſe
3940 6208 3951 6327 à
4021 6208 4484 6327 execution.
4646 6208 4704 6327 Ce
4797 6208 4993 6327 qu’on

2855 6328 3138 6453 pourra
3206 6328 3579 6453 prevenir
3647 6328 3772 6453 par
3828 6328 3874 6453 le
3976 6328 4123 6453 moy
4179 6328 4224 6453 en
4315 6328 4383 6453 de
4462 6328 4655 6453 ceſte
4734 6328 5005 6453 eſleva-

2858 6454 2993 6579 tion
3079 6454 3141 6579 du
3202 6454 3374 6579 pied
3448 6454 3657 6579 droit,
3743 6454 3755 6579 &
3817 6454 3878 6579 de
3927 6454 3964 6579 la
4026 6454 4234 6579 pauſe
4296 6454 4640 6579 annexe:
4689 6454 5009 6579 dequoy

2866 6583 2924 6703 on
3006 6583 3194 6703 verra
3252 6583 3639 6703 pluſieurs
3686 6583 4026 6703 preuves
4084 6583 4131 6703 en
4225 6583 4284 6703 ce
4377 6583 4600 6703 Livre,
4694 6583 4705 6703 &
4752 6583 5010 6703 ſingu-

2858 6703 3277 6822 lierement
3328 6703 3392 6822 au
3480 6703 3836 6822 prochain
3938 6703 4243 6822 Tableau
4357 6703 4522 6822 VII.

4876 6838 5016 6924 Cer-
