5520 7640
2903 359 2953 493 en
3027 359 3412 493 prennant
3461 359 3498 493 la
3573 359 3821 493 droite
3858 359 4106 493 ligne,
4193 359 4205 493 &
4255 359 4330 493 ne
4392 359 4739 493 faudroit
4801 359 4801 493 à
4863 359 5024 493 pre-

2891 484 3093 605 venir
3137 484 3238 605 ſon
3350 484 3743 605 Contraire
3810 484 3866 605 au
3978 484 4247 605 meſme
4314 484 4572 605 temps
4639 484 4774 605 d’un
4864 484 5032 605 con-

2884 614 3217 745 trecoup
3289 614 3765 745 d’eſtocade.
3872 614 4039 745 Voila
4134 614 4313 745 donc
4384 614 4479 745 ſon
4563 614 5015 745 intention.

2917 735 3545 863 ALEXANDRE,
3618 735 3729 863 qui
3791 735 4136 863 cognoiſt
4197 735 4529 863 tresbien
4603 735 4653 863 le
4714 735 5022 863 danger,

2892 861 3210 992 voulant
3269 861 3505 992 eviter
3563 861 3611 992 le
3658 861 3811 992 fort
3893 861 3952 992 de
4023 861 4294 992 l’eſpee
4364 861 4788 992 contraire,
4871 861 5035 992 che-

2911 987 3082 1113 mine
3174 987 3220 1113 en
3311 987 3654 1113 travers,
3745 987 4077 1113 eſlevant
4191 987 4203 1113 &
4260 987 4648 1113 avançant
4717 987 4763 1113 le
4843 987 5026 1113 pied

2900 1110 3073 1240 droit
3142 1110 3638 1240 lentement,
3696 1110 3880 1240 avec
3938 1110 3996 1240 le
4076 1110 4388 1240 genouil
4457 1110 4676 1240 roide
4745 1110 4907 1240 vers
4964 1110 5010 1240 la

2914 1238 3316 1364 Troiſieme
3379 1238 3780 1364 Inſtance,
3843 1238 3893 1364 au
3981 1238 4157 1364 long
4245 1238 4295 1364 de
4370 1238 4408 1364 la
4509 1238 4772 1364 meſme
4822 1238 5023 1364 ligne

2901 1358 2940 1488 du
3070 1358 3330 1488 Quarré
3369 1358 3668 1488 Inſcrit,
3720 1358 4019 1488 juſqu’à
4110 1358 4162 1488 ce
4252 1358 4616 1488 qu’eſtant
4681 1358 4733 1488 le
4811 1358 5032 1488 corps

2873 1484 2983 1611 ſur
3031 1484 3080 1611 le
3141 1484 3410 1611 poin
3496 1484 3557 1611 de
3630 1484 4155 1611 tresbucher,
4192 1484 4229 1611 il
4302 1484 4510 1611 entre
4571 1484 4742 1611 plus
4815 1484 5035 1611 viſte-

2906 1612 3079 1736 ment
3159 1612 3205 1736 en
3309 1612 3678 1736 graduant
3747 1612 3782 1736 la
3851 1612 4047 1736 lame
4139 1612 4519 1736 contraire
4623 1612 4888 1736 depuis
4969 1612 5015 1736 le

2932 1733 3241 1867 Nombre
3325 1733 3372 1867 4.
3444 1733 3503 1867 ou
3598 1733 3634 1867 5.
3706 1733 3765 1867 où
3860 1733 3979 1867 elle
4063 1733 4265 1867 eſtoit
4337 1733 4765 1867 aſſujettie,
4837 1733 4884 1867 en
4968 1733 5015 1867 a-

2879 1858 3095 1985 vant;
3186 1858 3220 1985 en
3311 1858 3651 1985 adviſant
3720 1858 3776 1985 au
3901 1858 4163 1985 meſme
4231 1858 4515 1985 inſtant
4595 1858 4754 1985 qu’il
4822 1858 5015 1985 com-

2903 1985 3141 2125 mence
3188 1985 3200 2125 à
3248 1985 3307 2125 ſe
3355 1985 3734 2125 pancher,
3806 1985 3865 2125 de
3913 1985 4245 2125 tourner
4316 1985 4352 2125 ſa
4423 1985 4767 2125 branche
4827 1985 5028 2125 inte-

2869 2114 3111 2230 rieure
3172 2114 3729 2230 horizontale;
3802 2114 3863 2230 de
3923 2114 4129 2230 façon
4238 2114 4396 2230 qu’il
4468 2114 4517 2230 en
4602 2114 4893 2230 prenne
5002 2114 5014 2230 &

2872 2234 3158 2360 enſerre
3204 2234 3250 2360 la
3296 2234 3479 2360 lame
3548 2234 3937 2360 contraire
3983 2234 4097 2360 par
4166 2234 4498 2360 deſſous,
4635 2234 4635 2360 &
4715 2234 4761 2360 en
4853 2234 5013 2360 con-

2883 2353 3062 2486 duiſe
3109 2353 3157 2486 ſa
3216 2353 3490 2486 propre
3538 2353 3812 2486 pointe
3895 2353 4538 2486 circulairement
4622 2353 4777 2486 vers
4824 2353 5015 2486 l’En-

2861 2488 3105 2608 nemi,
3178 2488 3704 2608 pourſuivant
3789 2488 4168 2608 d’abaiſſer
4205 2488 4266 2608 le
4314 2488 4486 2608 pied
4547 2488 4559 2608 à
4632 2488 4815 2608 terre
4889 2488 4901 2608 à
4962 2488 5011 2608 la

2861 2611 3090 2733 lettre
3217 2611 3217 2733 N
3281 2611 3383 2733 ſur
3446 2611 3485 2733 la
3586 2611 3841 2733 meſme
3892 2611 4159 2733 ligne;
4324 2611 4324 2733 &
4388 2611 4566 2733 auſſi
4643 2611 4884 2733 quand
5012 2611 5012 2733 &

2871 2739 3127 2860 quand
3175 2739 3187 2860 à
3248 2739 3491 2860 entrer
3564 2739 3613 2860 du
3686 2739 3856 2860 pied
3917 2739 4208 2860 gauche
4293 2739 4634 2860 quelque
4682 2739 4804 2860 peu
4901 2739 5022 2860 cir-

2873 2863 3439 2982 culairement,
3501 2863 3771 2982 juſqu’à
3833 2863 3894 2982 le
3956 2863 4251 2982 planter
4325 2863 4632 2982 parallel
4694 2863 4755 2982 au
4841 2863 5013 2982 pied

2882 2983 3062 3089 droit
3110 2983 3122 3089 à
3170 2983 3206 3089 la
3254 2983 3494 3089 lettre
3590 2983 3638 3089 K,
3710 2983 3949 3089 moitié
4021 2983 4333 3089 dedans,
4429 2983 4633 3089 moité
4705 2983 5004 3089 dehors:

2865 3111 2964 3233 ſur
3014 3111 3274 3233 lequel
3324 3111 3498 3233 pied
3560 3111 3783 3233 droit,
3845 3111 3895 3233 en
3957 3111 4007 3233 ſe
4057 3111 4441 3233 tournant
4491 3111 4541 3233 le
4603 3111 4802 3233 coſté
4851 3111 5025 3233 gau-

2873 3234 2995 3358 che
3056 3234 3117 3358 un
3191 3234 3313 3358 peu
3410 3234 3447 3358 en
3557 3234 3875 3358 devant,
3997 3234 4009 3358 &
4058 3234 4107 3358 le
4156 3234 4351 3358 talon
4437 3234 4486 3358 en
4583 3234 4864 3358 gliſſant
4950 3234 4999 3358 en

2885 3359 3155 3482 dedans
3204 3359 3315 3482 ſur
3352 3359 3401 3482 la
3487 3359 4137 3482 Circonference,
4198 3359 4235 3482 il
4284 3359 4333 3482 ſe
4407 3359 4628 3482 dreſſe
4677 3359 4726 3482 le
4787 3359 5008 3482 corps

2869 3485 3881 3607 perpendiculairement,
4043 3485 4054 3607 &
4112 3485 4469 3607 pourſuit
4538 3485 4653 3607 par
4745 3485 5010 3607 meſme

2867 3607 3057 3734 voye
3105 3607 3212 3734 ſon
3296 3607 3689 3734 eſtocade,
3736 3607 3772 3734 en
3867 3607 4248 3734 graduant
4284 3607 4558 3734 l’eſpee
4629 3607 5010 3734 contraire

2857 3735 2979 3858 par
3040 3735 3369 3858 derriere
3417 3735 3466 3858 la
3551 3735 3758 3858 garde
3831 3735 4014 3858 avec
4075 3735 4123 3858 le
4184 3735 4355 3858 bras
4416 3735 4671 3858 roide,
4720 3735 5000 3858 juſqu’à

2849 3860 2983 3982 luy
3044 3860 3434 3982 preſenter
3483 3860 3532 3982 la
3581 3860 3849 3982 pointe
3922 3860 4203 3982 devant
4264 3860 4313 3982 le
4398 3860 4581 3982 coſté
4667 3860 4850 3982 droit
4935 3860 4984 3982 du

2860 3978 3128 4111 viſage,
3174 3978 3534 4111 retenant
3581 3978 3627 4111 le
3685 3978 4022 4111 pouvoir
4092 3978 4220 4111 d’en
4290 3978 4452 4111 faire
4499 3978 4987 4111 l’execution

2865 4107 2960 4226 par
3024 4107 3373 4226 rigueur;
3437 4107 3733 4226 couine
3797 4107 3892 4226 les
3935 4107 4231 4226 figures
4306 4107 4878 4226 demonſtrent.

3564 4245 3902 4403 Cercle
4155 4245 4409 4403 N.4.

2877 4434 3133 4576 Zacharie
3177 4434 3378 4576 parant
3422 4434 3456 4576 le
3500 4434 3612 4576 coup
3679 4434 3712 4576 de
3757 4434 4057 4576 l’eſtocade
4102 4434 4425 4576 precedente
4481 4434 4514 4576 en
4603 4434 4837 4576 dedans,
4893 4434 5004 4576 avec

2968 4578 3011 4699 un
3064 4578 3214 4699 poids
3278 4578 3557 4699 mediocre;
3642 4578 3942 4699 Alexandre
3996 4578 4028 4699 la
4071 4578 4274 4699 change
4328 4578 4360 4699 en
4424 4578 4756 4699 Imbrocade,
4788 4578 4831 4699 ſe
4895 4578 5002 4699 met-

2984 4703 3106 4826 tant
3150 4703 3172 4826 le
3228 4703 3339 4826 coſté
3394 4703 3594 4826 gauche
3649 4703 3683 4826 du
3738 4703 3882 4826 corps
3938 4703 4115 4826 devant
4170 4703 4281 4826 avec
4326 4703 4359 4826 le
4403 4703 4514 4826 bras
4547 4703 4747 4826 courbé,
4780 4703 4814 4826 en
4869 4703 5002 4826 ſorte

2979 4823 3103 4957 qu’il
3136 4823 3372 4957 continue
3440 4823 3440 4957 à
3496 4823 3574 4957 luy
3630 4823 3754 4957 tenir
3810 4823 3844 4957 la
3889 4823 4057 4957 pointe
4113 4823 4338 4957 arreſtée
4394 4823 4584 4957 devant
4629 4823 4663 4957 le
4708 4823 4977 4957 viſage.

3341 4974 3755 5099 ACHARIE
3810 4974 3866 5099 ſe
3956 4974 4246 5099 voyant
4336 4974 4381 5099 la
4459 4974 4738 5099 pointe
4828 4974 4995 5099 con-

3306 5097 3529 5226 traire
3600 5097 3870 5226 devant
3917 5097 3964 5226 le
4034 5097 4304 5226 viſage,
4339 5097 4374 5226 il
4410 5097 4457 5226 la
4515 5097 4680 5226 pare
4750 5097 4797 5226 en
4891 5097 4997 5226 de-

3319 5223 3486 5357 dans
3558 5223 3605 5357 du
3701 5223 3856 5357 bras
3927 5223 4190 5357 devers
4261 5223 4309 5357 le
4392 5223 4595 5357 coſté
4667 5223 4989 5357 gauche,

3318 5349 3365 5467 en
3470 5349 3681 5467 uſant
3763 5349 3892 5467 d’un
4009 5349 4232 5467 poids
4337 5349 4783 5467 mediocre.
4935 5349 4994 5467 Ce

2873 5472 3578 5595 qu’ALEXANDRE
3662 5472 4092 5595 apperçoit
4176 5472 4295 5595 par
4367 5472 4427 5595 le
4510 5472 5000 5595 ſentiment:

2878 5598 3050 5727 dont
3087 5598 3124 5727 il
3173 5598 3332 5727 leve
3394 5598 3443 5727 au
3541 5598 3811 5727 meſme
3860 5598 4142 5727 inſtant
4192 5598 4241 5727 le
4302 5598 4474 5727 pied
4547 5598 4879 5727 gauche,
4989 5598 5002 5727 &

2855 5723 2900 5840 en
2979 5723 3351 5840 tournant
3407 5723 3588 5840 avec
3633 5723 3892 5840 iceluy
3949 5723 4512 5840 pareillement
4557 5723 4726 5840 tout
4771 5723 4828 5840 le
4895 5723 4997 5840 co-

2850 5844 2944 5970 ſté
3003 5844 3050 5970 en
3144 5844 3450 5970 devant,
3497 5844 3532 5970 il
3580 5844 3921 5970 s’avance
3979 5844 4132 5970 lent
4238 5844 4250 5970 &
4320 5844 5003 5970 circulairement,

2848 5967 2906 6081 ſe
2987 5967 3368 6081 courbant
3414 5967 3460 6081 le
3518 5967 3679 6081 bras
3748 5967 3968 6081 droit,
4083 5967 4083 6081 &
4164 5967 4545 6081 tournant
4602 5967 4706 6081 les
4775 5967 4995 6081 bran-

2867 6091 3035 6231 ches
3119 6091 3179 6231 de
3252 6091 3300 6231 ſa
3384 6091 3601 6231 garde
3685 6091 3733 6231 en
3829 6091 4166 6231 dedans,
4238 6091 4659 6231 tellement
4743 6091 4876 6231 que
4948 6091 4984 6231 ſa

2851 6218 3126 6328 pointe
3203 6218 3565 6328 demeure
3631 6218 4366 6328 continuellement
4432 6218 4718 6328 devant
4762 6218 4817 6328 le
4882 6218 4992 6328 co-

2856 6337 2953 6463 ſté
3027 6337 3210 6463 droit
3296 6337 3345 6463 du
3430 6337 3675 6463 viſage
3736 6337 3809 6463 de
3858 6337 3895 6463 ſa
3956 6337 4200 6463 partie
4262 6337 4641 6463 adverſe;
4689 6337 5007 6463 accom-

2892 6466 3182 6601 modant
3240 6466 3333 6601 ſes
3390 6466 3692 6601 aions
3738 6466 3738 6601 à
3796 6466 4248 6601 l’advenant
4317 6466 4375 6601 du
4445 6466 4839 6601 tranſport
4932 6466 5001 6601 de

2855 6587 2962 6713 ſon
3033 6587 3283 6713 eſpee,
3390 6587 3402 6713 &
3462 6587 3521 6713 ſe
3616 6587 3925 6713 mettant
3997 6587 4104 6713 par
4163 6587 4330 6713 ainſi
4401 6587 4686 6713 dedans
4734 6587 4829 6713 les
4877 6587 4996 6713 an-

2877 6712 3009 6848 gles
3057 6712 3236 6848 avec
3284 6712 3344 6848 le
3403 6712 3595 6848 coſté
3666 6712 3953 6848 gauche
4025 6712 4324 6848 devant,
4372 6712 4420 6848 en
4492 6712 4994 6848 avançant&

2856 6837 3133 6955 poſant
3171 6837 3221 6955 le
3284 6837 3447 6955 pied
3498 6837 3510 6955 à
3561 6837 3762 6955 terre
3812 6837 3825 6955 à
3875 6837 3913 6955 la
3988 6837 4227 6955 lettre
4315 6837 4353 6955 S,
4403 6837 4453 6955 le
4516 6837 4692 6955 talon
4780 6837 4994 6955 d’ice-

4884 6989 4996 7110 luy

1294 381 1608 543 Cercle
1876 381 2167 543 N.2.

616 612 707 734 Puis
764 612 855 734 que
946 612 1197 734 Zacharie
1254 612 1493 734 continue
1550 612 1561 734 à
1618 612 1652 734 ſe
1709 612 1846 734 tenir
1903 612 1937 734 en
1994 612 2028 734 la
2097 612 2336 734 poſture;
2438 612 2723 734 Alexandre

714 738 949 861 pourſuit
996 738 1007 861 à
1054 738 1125 861 luy
1172 738 1441 861 aujettir
1477 738 1711 861 l’eſpee,
1758 738 2063 861 enportant
2098 738 2133 861 le
2180 738 2286 861 pied
2356 738 2473 861 droit
2555 738 2720 861 devers

703 850 737 982 la
805 850 1010 982 Seconde
1055 850 1317 982 Inſtance,
1362 850 1476 982 avec
1533 850 1988 982 deſgraduation,
2022 850 2181 982 ſuivie
2238 850 2340 982 d’un
2385 850 2511 982 petit
2567 850 2727 982 arreſt

725 979 761 1111 du
821 979 953 1111 pied,
1013 979 1192 1111 durant
1240 979 1408 1111 lequel
1432 979 1468 1111 il
1504 979 1659 1111 prend
1695 979 2055 1111 l’aſſeurance
2115 979 2139 1111 de
2186 979 2222 1111 la
2258 979 2618 1111 ſuperiorité;

711 1101 862 1229 ayant
926 1101 980 1229 mis
1023 1101 1152 1229 ledit
1195 1101 1313 1229 pied
1345 1101 1700 1229 haſtivement
1754 1101 1754 1229 à
1808 1101 1937 1229 terre
1990 1101 1990 1229 à
2044 1101 2195 1229 lettre
2270 1101 2302 1229 G,
2345 1101 2367 1229 il
2410 1101 2539 1229 porte
2582 1101 2721 1229 l’au-

707 1232 777 1360 tre
824 1232 975 1360 apres
1010 1232 1103 1360 lent
1254 1232 1685 1360 circulairement
1732 1232 1930 1360 juſqu’à
1976 1232 1999 1360 le
2069 1232 2244 1360 mettre
2279 1232 2419 1360 ſurle
2535 1232 2721 1360 Quarré

703 1364 1011 1483 circonſcrit
1102 1364 1102 1483 &
1158 1364 1238 1483 ſur
1284 1364 1306 1483 le
1397 1364 1648 1483 Diametre
1693 1364 1977 1483 oblique.

1104 1509 1186 1625 Vis
1279 1509 1407 1625 que
1558 1509 1558 1625 Z
1628 1509 2035 1625 ACHARIE
2105 1509 2186 1625 ne
2268 1509 2384 1625 fait
2465 1509 2686 1625 aucun

1075 1622 1517 1747 mouvemẽt
1583 1622 1848 1747 contre
1903 1622 2180 1747 l’aion
2268 1622 2710 1747 preceden-

1041 1750 1147 1874 te,
1206 1750 1349 1874 ains
1420 1750 1574 1874 qu’il
1633 1750 1988 1874 demeure
2035 1750 2142 1874 ſur
2189 1750 2225 1874 la
2284 1750 2604 1874 parade,
2651 1750 2698 1874 en

1040 1882 1462 1999 attendant
1507 1882 1553 1999 la
1610 1882 2078 1999 pourſuite:
2169 1882 2705 1999 ALEXANDRE

597 1995 965 2129 demeure
1012 1995 1119 2129 ſur
1166 1995 1213 2129 le
1273 1995 1438 2129 pied
1510 1995 1829 2129 gauche,
1936 1995 1936 2129 &
1995 1995 2268 2129 avance
2327 1995 2386 2129 un
2469 1995 2587 2129 peu
2659 1995 2706 2129 le

599 2122 776 2246 droit
847 2122 1107 2246 devers
1154 2122 1202 2246 la
1273 2122 1627 2246 Seconde
1686 2122 2076 2246 Inſtance,
2170 2122 2537 2246 graduant
2607 2122 2702 2246 les

590 2245 849 2371 eſpees
911 2245 973 2371 de
1034 2245 1207 2371 telle
1256 2245 1503 2371 ſorte,
1577 2245 1737 2371 qu’il
1836 2245 1947 2371 met
2020 2245 2119 2371 ſon
2267 2245 2575 2371 Nombre
2711 2245 2711 2371 .

585 2375 855 2495 contre
914 2375 973 2495 le
1102 2375 1407 2495 Nombre
1489 2375 1525 2495 5.
1607 2375 1666 2495 de
1736 2375 1771 2495 ſa
1854 2375 2089 2495 partie
2135 2375 2511 2495 adverſe,
2558 2375 2688 2495 peu

578 2494 740 2618 plus
798 2494 856 2618 ou
960 2494 1238 2618 moins,
1284 2494 1458 2618 avec
1516 2494 1655 2618 une
1713 2494 1956 2618 petite
2002 2494 2257 2618 pauſe.
2338 2494 2396 2618 Et
2453 2494 2708 2618 quand

562 2621 618 2742 le
686 2621 922 2742 corps,
979 2621 1024 2742 en
1103 2621 1587 2742 cheminant,
1688 2621 1688 2742 &
1745 2621 2285 2742 tranſportant
2353 2621 2353 2742 à
2421 2621 2702 2742 l’adve-

565 2745 684 2864 nãt
732 2745 827 2864 les
898 2745 1184 2864 eſpees,
1244 2745 1446 2864 vient
1494 2745 1601 2864 ſur
1648 2745 1696 2864 le
1744 2745 1970 2864 point
2029 2745 2089 2864 de
2149 2745 2696 2864 tresbuſcher,

572 2867 597 2989 il
660 2867 922 2989 plante
997 2867 1523 2989 haſtivement
1586 2867 1636 2989 le
1723 2867 1898 2989 pied
1973 2867 1986 2989 à
2048 2867 2086 2989 la
2174 2867 2536 2989 Seconde
2599 2867 2712 2989 In-

561 2988 877 3094 ſtance,
937 2988 1035 3094 les
1107 2988 1362 3094 orteils
1423 2988 1435 3094 à
1496 2988 1544 3094 la
1593 2988 1824 3094 lettre
1933 2988 1969 3094 G,
2078 2988 2078 3094 &
2139 2988 2200 3094 le
2248 2988 2430 3094 talon
2503 2988 2613 3094 ſur
2649 2988 2710 3094 le

594 3118 857 3240 meſme
920 3118 1108 3240 coſté
1183 3118 1233 3240 du
1359 3118 1609 3240 Quarré
1659 3118 1948 3240 inſcrit;
1985 3118 2511 3240 pourſuivant
2562 3118 2562 3240 à
2637 3118 2712 3240 eſ-

562 3241 773 3368 lever
823 3241 996 3368 tout
1046 3241 1046 3368 à
1108 3241 1444 3368 l’inſtant
1506 3241 1556 3368 le
1630 3241 1804 3368 pied
1904 3241 2251 3368 gauche,
2388 3241 2388 3368 &
2450 3241 2463 3368 à
2537 3241 2711 3368 l’ad-

567 3370 846 3468 vancer
902 3370 1350 3468 lentement
1496 3370 1496 3468 &
1574 3370 2290 3468 circulairement,
2414 3370 2425 3468 &
2514 3370 2570 3468 de
2637 3370 2693 3468 le

557 3490 868 3612 planter
939 3490 1417 3612 finalement
1477 3490 1799 3612 parallel
1859 3490 2038 3612 avec
2109 3490 2157 3612 le
2241 3490 2420 3612 pied
2480 3490 2706 3612 droit,

553 3613 649 3736 les
721 3613 986 3736 orteils
1022 3613 1130 3736 ſur
1178 3613 1226 3736 le
1322 3613 1719 3736 Diametre
1792 3613 2164 3736 oblique,
2297 3613 2297 3736 &
2369 3613 2417 3736 le
2489 3613 2682 3736 talon

552 3735 651 3862 ſur
701 3735 738 3862 la
788 3735 1025 3862 lettre
1124 3735 1162 3862 D;
1199 3735 1311 3862 par
1361 3735 1709 3862 laquelle
1771 3735 2232 3862 collocation
2319 3735 2431 3862 des
2481 3735 2705 3862 pieds

550 3861 599 3988 le
672 3861 866 3988 coſté
939 3861 1230 3988 gauche
1303 3861 1352 3988 du
1437 3861 1656 3988 corps
1716 3861 1801 3988 eſt
1850 3861 1971 3988 tiré
2032 3861 2105 3988 un
2178 3861 2299 3988 peu
2384 3861 2433 3988 en
2506 3861 2700 3988 avãt,

612 3989 612 4098 &
676 3989 730 4098 le
804 3989 986 4098 talon
1093 3989 1146 4098 du
1232 3989 1414 4098 pied
1510 3989 1691 4098 droit
1777 3989 2461 4098 ſemblablement
2557 3989 2675 4098 s’en

567 4108 756 4228 gliſſe
819 4108 870 4228 en
958 4108 1235 4228 dedans
1286 4108 1387 4228 ſur
1437 4108 1475 4228 la
1551 4108 2005 4228 collaterale
2105 4108 2118 4228 G
2232 4108 2269 4228 M.
2358 4108 2421 4228 de
2471 4108 2685 4228 façon

576 4234 837 4350 qu’elle
920 4234 1038 4350 met
1086 4234 1133 4350 le
1204 4234 1418 4350 corps
1453 4234 2094 4350 naturellement
2165 4234 2379 4350 droit,
2462 4234 2474 4350 &
2509 4234 2521 4350 à
2568 4234 2675 4350 ſon

553 4358 724 4472 aiſe,
782 4358 953 4472 avec
1011 4358 1102 4472 les
1148 4358 1457 4472 jambes
1515 4358 1824 4472 roides,
1881 4358 2064 4472 pour
2121 4358 2327 4472 avoir
2373 4358 2419 4472 le
2476 4358 2705 4472 ſenti-

594 4482 776 4598 ment
825 4482 983 4598 plus
1056 4482 1372 4598 exae,
1494 4482 1494 4598 &
1567 4482 1750 4598 pour
1835 4482 2017 4598 eſtre
2090 4482 2248 4598 plus
2297 4482 2625 4598 prompt
2686 4482 2698 4598 à

561 4607 946 4723 travailler
1020 4607 1207 4723 ſelon
1306 4607 1468 4723 qu’il
1530 4607 1667 4723 ſera
1741 4607 1803 4723 de
1865 4607 2188 4723 beſoing
2238 4607 2425 4723 pour
2474 4607 2524 4723 ſa
2598 4607 2698 4723 de-

568 4733 803 4817 fenſe.

1282 4851 1597 5013 Cercle
1822 4851 2070 5013 N.3.

598 5065 846 5183 Zacharie
893 5065 1189 5183 attendant
1224 5065 1260 5183 la
1307 5065 1579 5183 pourſuite
1649 5065 1685 5183 de
1744 5065 2311 5183 l’aßujettiſſement;
2405 5065 2701 5183 Alexandre

682 5191 758 5305 luy
802 5191 846 5305 va
889 5191 1020 5305 tirer
1064 5191 1140 5305 une
1183 5191 1467 5305 eſtocade,
1500 5191 1543 5305 en
1598 5191 1870 5305 graduant
2012 5191 2284 5305 enſerrant
2339 5191 2372 5305 ſa
2415 5191 2568 5305 lame,
2633 5191 2710 5305 du-

680 5315 798 5430 rant
841 5315 927 5430 que
970 5315 992 5430 le
1035 5315 1153 5430 pied
1207 5315 1325 5430 droit
1368 5315 1529 5430 tombe
1572 5315 1583 5430 à
1626 5315 1798 5430 terre,
1916 5315 1916 5430 &
1981 5315 2163 5430 durant
2228 5315 2346 5430 qu’il
2400 5315 2636 5430 continue
2701 5315 2701 5430 à

688 5438 861 5559 porter
908 5438 931 5559 le
977 5438 1093 5559 pied
1139 5438 1336 5559 gauche
1382 5438 1509 5559 aſſez
1555 5438 1671 5559 viſte
1787 5438 1787 5559 &
1833 5438 1879 5559 un
1949 5438 2018 5559 peu
2087 5438 2539 5559 circulairement
2573 5438 2608 5559 en
2666 5438 2712 5559 a-

696 5564 819 5681 vant
856 5564 929 5681 ſur
966 5564 1003 5681 la
1052 5564 1212 5681 lettre
1335 5564 1335 5681 ,
1372 5564 1396 5681 il
1433 5564 1470 5681 ſe
1531 5564 1666 5681 dreſſe
1703 5564 1740 5681 le
1777 5564 1924 5681 corps
1974 5564 2158 5681 deßus,
2219 5564 2269 5681 un
2318 5564 2391 5681 peu
2453 5564 2490 5681 de
2551 5564 2711 5681 front,

682 5691 996 5803 conduiſant
1037 5691 1330 5803 cependant
1372 5691 1414 5803 ſa
1466 5691 1633 5803 pointe
1675 5691 2114 5803 circulairement
2167 5691 2282 5803 avec
2324 5691 2345 5803 le
2407 5691 2512 5803 bras
2575 5691 2711 5803 roide

685 5815 892 5931 juſqu’à
952 5815 1134 5931 devant
1171 5815 1207 5931 le
1243 5815 1425 5931 vſage
1486 5815 1510 5931 de
1559 5815 1595 5931 ſa
1644 5815 1814 5931 partie
1862 5815 2165 5931 adverſe.

1075 5956 1346 6074 Ncores
1396 5956 1531 6074 que
1568 5956 1839 6074 l’eſpee
1913 5956 1975 6074 de
2073 5956 2073 6074 Z
2135 5956 2517 6074 AcHARIE
2566 5956 2702 6074 ſoit

1027 6079 1451 6201 aſſujettie,
1488 6079 1651 6201 (qui
1713 6079 1800 6201 eſt
1850 6079 1925 6201 un
2025 6079 2249 6201 grand
2312 6079 2698 6201 avantage

1028 6205 1212 6325 pour
1261 6205 1372 6325 ſon
1470 6205 1925 6325 Contraire)
1986 6205 2011 6325 ſi
2085 6205 2158 6325 ne
2220 6205 2416 6325 laiſſe
2478 6205 2515 6325 il
2588 6205 2699 6325 pas

1027 6329 1411 6449 pourtant
1484 6329 1544 6449 de
1592 6329 2061 6449 l’attendre,
2121 6329 2470 6449 eſtimant
2542 6329 2698 6449 qu’il

590 6452 639 6575 en
713 6452 849 6575 fera
898 6452 935 6575 la
997 6452 1405 6575 pourſuite
1454 6452 1578 6575 par
1615 6452 1664 6575 la
1726 6452 1923 6575 trace
1998 6452 2059 6575 de
2109 6452 2146 6575 la
2208 6452 2405 6575 ligne
2504 6452 2714 6575 Colla-

576 6574 836 6698 teralle
948 6574 948 6698 G
1035 6574 1097 6698 X,
1159 6574 1209 6698 en
1284 6574 1644 6698 pouſſant
1694 6574 1967 6698 l’eſpee
2054 6574 2538 6698 droitement
2601 6574 2700 6698 ſur

574 6697 748 6821 luy;
797 6697 1133 6821 laquelle
1195 6697 1432 6821 eſtant
1519 6697 1954 6821 contrainte
2028 6697 2090 6821 de
2165 6697 2401 6821 paſſer
2476 6697 2588 6821 par
2650 6697 2700 6821 le

583 6820 715 6949 fort
787 6820 847 6949 de
895 6820 943 6949 la
1003 6820 1278 6949 ſienne,
1314 6820 1338 6949 il
1386 6820 1422 6949 la
1482 6820 2081 6949 rencontreroit
2129 6820 2273 6949 fort
2321 6820 2333 6949 à
2381 6820 2704 6949 propos,
