5520 7640
539 352 659 481 luy
719 352 827 481 ſur
863 352 911 481 la
971 352 1464 481 traverſante
1524 352 2004 481 exterieure,
2101 352 2113 481 &
2161 352 2677 481 pourſuivant

548 474 548 608 à
619 474 962 608 courber
1021 474 1080 608 au
1199 474 1459 608 meſme
1507 474 1791 608 inſtant
1838 474 1885 608 le
1945 474 2146 608 bras,
2241 474 2252 608 &
2288 474 2300 608 à
2359 474 2679 608 tourner

539 603 634 734 les
682 603 1086 734 branches
1145 603 1204 734 de
1264 603 1311 734 ſa
1383 603 1597 734 garde
1644 603 1680 734 ſi
1727 603 1977 734 avant,
2060 603 2191 734 que
2238 603 2690 734 l’exterieu-

548 729 605 859 re
663 729 778 859 s’en
858 729 1135 859 tourne
1204 729 1848 859 diagonalement
1906 729 1963 859 en
2056 729 2389 859 dedans;
2470 729 2527 859 de
2597 729 2689 859 fa-

565 857 666 984 çon
755 857 895 984 que
933 857 984 984 le
1035 857 1277 984 foible
1353 857 1417 984 de
1455 857 1722 984 l’eſpee
1786 857 2180 984 contraire
2218 857 2269 984 ſe
2358 857 2536 984 gliſſe
2600 857 2663 984 au

544 985 684 1110 fort
754 985 812 1110 de
882 985 917 1110 la
999 985 1255 1110 ſienne
1336 985 1534 1110 entre
1627 985 1814 1110 deux
1872 985 1907 1110 la
1977 985 2163 1110 lame
2291 985 2303 1110 &
2361 985 2396 1110 la
2478 985 2687 1110 bran-

559 1110 727 1235 che:
798 1110 966 1235 dont
1014 1110 1050 1235 il
1085 1110 1133 1235 la
1181 1110 1432 1235 prend
1540 1110 1540 1235 &
1600 1110 1887 1235 enſerre
1946 1110 1994 1235 au
2090 1110 2353 1235 meſme
2401 1110 2688 1235 temps,

613 1235 613 1362 &
688 1235 1060 1362 derechef
1135 1235 1184 1362 en
1271 1235 1482 1362 uſant
1557 1235 1619 1362 de
1706 1235 2165 1362 courtoiſie,
2240 1235 2277 1362 il
2339 1235 2451 1362 luy
2525 1235 2687 1362 pre-

539 1362 755 1488 ſente
803 1362 851 1488 la
911 1362 1175 1488 pointe
1247 1362 1523 1488 devant
1559 1362 1667 1488 les
1727 1362 1919 1488 yeux
1979 1362 2027 1488 en
2087 1362 2291 1488 ligne
2351 1362 2676 1488 courbe,

546 1487 946 1631 panchant
1016 1487 1063 1631 du
1145 1487 1369 1631 corps
1427 1487 1475 1631 en
1545 1487 1815 1631 avant,
1874 1487 2050 1631 avec
2097 1487 2144 1631 le
2227 1487 2532 1631 genouil
2615 1487 2673 1631 de

533 1612 584 1728 la
634 1612 888 1728 jambe
964 1612 1243 1728 gauche
1307 1612 1471 1728 plié.

1269 1755 1587 1919 Cercle
1792 1755 2066 1919 N.5.

571 1960 818 2098 Zacharie
863 1960 1189 2098 continuant
1245 1960 1245 2098 à
1301 1960 1459 2098 parer
1504 1960 1605 2098 plus
1650 1960 1830 2098 outre;
1931 1960 2223 2098 Alexandre
2291 1960 2358 2098 luy
2414 1960 2549 2098 laiſſe
2594 1960 2684 2098 em-

649 2098 836 2216 porter
880 2098 935 2216 les
979 2098 1177 2216 eſpees,
1232 2098 1265 2216 ſe
1331 2098 1551 2216 mettant
1595 2098 1705 2216 plus
1760 2098 1914 2216 avant
1980 2098 2156 2216 dedans
2200 2098 2442 2216 l’angle,
2508 2098 2607 2216 avec
2651 2098 2684 2216 le

657 2221 766 2341 pied
820 2221 940 2341 droit
984 2221 1104 2341 levé,
1202 2221 1202 2341 &
1256 2221 1289 2341 la
1333 2221 1562 2341 branche
1594 2221 1889 2341 interieure
1954 2221 1987 2341 de
2031 2221 2063 2341 la
2118 2221 2270 2341 garde
2325 2221 2532 2341 tournée
2587 2221 2696 2341 ver-

644 2347 997 2428 ticalement.

1023 2494 1045 2613 A
1112 2494 1421 2613 CHARIE
1499 2494 1975 2613 continuant
2019 2494 2019 2613 à
2096 2494 2373 2613 parer,
2440 2494 2484 2613 en
2572 2494 2683 2613 de-

995 2617 1416 2736 ſtournant
1493 2617 1759 2736 l’eſpee
1859 2617 2247 2736 contraire
2357 2617 2679 2736 encores

992 2742 1154 2863 plus
1223 2742 1489 2863 outre,
1547 2742 1720 2863 avec
1778 2742 1847 2863 un
1917 2742 2113 2863 petit
2159 2742 2679 2863 abaiſſement

1018 2871 1064 2973 du
1146 2871 1308 2973 bras
1378 2871 1645 2973 devers
1680 2871 1738 2973 le
1820 2871 2087 2973 meſme
2157 2871 2401 2973 coſté;
2494 2871 2680 2973 ALE-

561 2998 912 3112 XANDRE
983 2998 1100 3112 S’en
1182 2998 1603 3112 apperçoit
1650 2998 1767 3112 par
1814 2998 1873 3112 le
1920 2998 2376 3112 ſentiment,
2470 2998 2482 3112 &
2528 2998 2681 3112 leve

528 3118 540 3238 à
588 3118 912 3238 l’inſtant
997 3118 1249 3238 meſme
1297 3118 1357 3238 le
1429 3118 1598 3238 pied
1670 3118 1910 3238 droit,
1982 3118 2247 3238 lequel
2295 3118 2331 3238 il
2391 3118 2680 3238 avance

541 3244 940 3364 enſemble
1010 3244 1187 3364 avec
1257 3244 1304 3364 le
1398 3244 1656 3364 meſme
1738 3244 1985 3364 coſté,
2055 3244 2255 3364 bras,
2360 3244 2372 3364 &
2442 3244 2689 3364 eſpee,

532 3371 910 3484 tournant
975 3371 1429 3484 cependant
1472 3371 1515 3484 la
1580 3371 1926 3484 branche
1969 3371 2401 3484 interieure
2466 3371 2682 3484 verti-

544 3494 934 3608 calement
1001 3494 1046 3608 en
1113 3494 1347 3608 haut:
1414 3494 1581 3608 dont
1625 3494 1670 3608 la
1726 3494 2004 3608 pointe
2060 3494 2182 3608 s’en
2271 3494 2572 3608 eſcoule
2628 3494 2684 3608 a-

534 3618 660 3736 vec
730 3618 1329 3736 deſgraduation
1410 3618 1525 3736 des
1594 3618 1779 3736 deux
1848 3618 2090 3736 eſpees
2148 3618 2205 3736 un
2274 3618 2401 3736 peu
2482 3618 2528 3736 en
2597 3618 2689 3736 ar-

532 3746 774 3864 riere,
822 3746 979 3864 bien
1051 3746 1209 3864 pres
1257 3746 1269 3864 à
1317 3746 1535 3864 l’egal
1595 3746 1656 3864 de
1704 3746 1740 3864 la
1801 3746 2066 3864 pointe
2139 3746 2574 3864 contraire;
2634 3746 2683 3864 le

526 3868 700 3984 tout
770 3868 817 3984 en
886 3868 1270 3984 tournant
1386 3868 1386 3984 &
1455 3868 1781 3984 dreſſant
1827 3868 1874 3984 le
1943 3868 2164 3984 corps
2234 3868 2420 3984 droit
2478 3868 2571 3984 ſur
2640 3868 2675 3984 la

526 3989 785 4112 jambe
855 3989 1196 4112 gauche:
1279 3989 1585 4112 comme
1655 3989 1702 4112 on
1785 3989 1926 4112 voit
1996 3989 2043 4112 en
2114 3989 2149 4112 la
2208 3989 2490 4112 figre.

1280 4133 1582 4298 Cercle
1803 4133 2064 4298 N.6.

558 4325 857 4457 Alexandre
934 4325 1156 4457 desgage
1211 4325 1244 4457 ſa
1299 4325 1454 4457 lame,
1609 4325 1642 4457 en
1720 4325 1853 4457 donne
1897 4325 1941 4457 un
1997 4325 2107 4457 coup
2196 4325 2561 4457 d’eſtramaçon
2638 4325 2671 4457 au

649 4454 834 4590 viſage
883 4454 920 4590 de
957 4454 1400 4590 l’Adverſaire,
1449 4454 1486 4590 en
1536 4454 1745 4590 paſſant
1794 4454 1794 4590 à
1844 4454 1905 4590 ſon
1954 4454 2090 4590 coſté,
2176 4454 2176 4590 &
2225 4454 2287 4590 luy
2336 4454 2533 4590 venant
2582 4454 2681 4590 der-

645 4606 772 4686 riere
812 4606 841 4686 le
900 4606 987 4686 dos.

1031 4710 1517 4834 LEXANDRE
1600 4710 1956 4834 pourſuit
2027 4710 2537 4834 l’operation,
2620 4710 2667 4834 en

1010 4829 1486 4940 continuant
1565 4829 1565 4940 à
1668 4829 1985 4940 tourner
2065 4829 2121 4940 le
2201 4829 2394 4940 coſté
2496 4829 2677 4940 droit

1021 4955 1341 5072 devant,
1421 4955 1810 5072 enſemble
1879 4955 2062 5072 avec
2108 4955 2165 5072 le
2210 4955 2382 5072 bras
2439 4955 2508 5072 de
2565 4955 2680 5072 l’e-

995 5083 1204 5222 ſpee,
1228 5083 1584 5222 laquelle
1621 5083 1657 5222 il
1731 5083 2001 5222 delivre
2050 5083 2111 5222 au
2209 5083 2454 5222 meſme
2516 5083 2675 5222 tẽps

533 5206 545 5344 à
594 5206 630 5344 la
703 5206 972 5344 faveur
1070 5206 1119 5344 du
1192 5206 1522 5344 poignet
1607 5206 1668 5344 de
1729 5206 1766 5344 la
1876 5206 2022 5344 main
2108 5206 2169 5344 de
2242 5206 2547 5344 deſſous
2584 5206 2694 5344 l’e-

540 5333 706 5478 ſpee
770 5333 1194 5478 contraire,
1258 5333 1309 5478 en
1386 5333 1681 5478 laiſſant
1758 5333 1989 5478 gliſſer
2040 5333 2091 5478 le
2168 5333 2502 5478 poulce,
2579 5333 2694 5478 qui

550 5453 763 5574 eſtoit
810 5453 1118 5574 affermi
1177 5453 1437 5574 contre
1496 5453 1532 5574 la
1591 5453 1934 5574 branche
1993 5453 2479 5574 interieure,
2550 5453 2680 5574 deſ-

535 5577 744 5719 ſous,
814 5577 883 5719 de
929 5577 1126 5719 ſorte
1196 5577 1358 5719 qu’il
1416 5577 1463 5719 en
1544 5577 1868 5719 entoure
1926 5577 1984 5719 au
2100 5577 2355 5719 meſme
2401 5577 2691 5719 inſtant

540 5708 589 5850 la
662 5708 1066 5850 poignee,
1213 5708 1213 5850 &
1299 5708 1348 5850 en
1458 5708 1776 5850 mettant
1862 5708 2119 5850 l’eſpee
2192 5708 2290 5850 ſur
2376 5708 2425 5850 le
2498 5708 2694 5850 tren-

551 5826 826 5965 chant,
874 5826 898 5965 il
957 5826 1005 5965 en
1089 5826 1411 5965 conduit
1459 5826 1507 5965 la
1567 5826 1829 5965 pointe
1901 5826 1949 5965 en
2021 5826 2200 5965 haut
2248 5826 2367 5965 par
2439 5826 2678 5965 deſſus

538 5952 808 6100 l’eſpee
878 5952 1289 6100 contraire,
1383 5952 1395 6100 &
1453 5952 1500 6100 en
1583 5952 1888 6100 entrant
1946 5952 2111 6100 plus
2158 5952 2380 6100 avant
2416 5952 2427 6100 à
2498 5952 2674 6100 coſté

540 6080 717 6225 avec
788 6080 1130 6225 quelque
1189 6080 1732 6225 panchement
1802 6080 1873 6225 de
1944 6080 2203 6225 corps,
2274 6080 2498 6225 allant
2581 6080 2675 6225 de-

542 6210 722 6324 hors
782 6210 830 6324 le
938 6210 1225 6324 Cercle,
1285 6210 1321 6324 il
1393 6210 1440 6324 en
1536 6210 1788 6324 donne
1860 6210 1860 6324 à
1931 6210 2039 6324 ſon
2147 6210 2530 6324 Contraire
2590 6210 2662 6324 un

556 6354 741 6477 coup
815 6354 1370 6477 d’eſtramaçon
1444 6354 1506 6477 au
1592 6354 1863 6477 viſage.

627 6462 749 6575 Les
797 6462 1101 6575 aions
1173 6462 1234 6575 de
1295 6462 1404 6575 ces
1489 6462 1780 6575 Cercles
1889 6462 2010 6575 N.4.
2047 6462 2095 6575 5.
2144 6462 2180 6575 6.
2217 6462 2374 6575 ſont
2423 6462 2532 6575 icy
2580 6462 2690 6575 re-

545 6583 1006 6724 preſentées
1067 6583 1443 6724 chaſcune
1516 6583 1528 6724 à
1601 6583 1807 6724 part,
1868 6583 2062 6724 quaſi
2134 6583 2438 6724 comme
2498 6583 2596 6724 s’il
2668 6583 2680 6724 y

547 6722 1043 6855 intercedoit
1117 6722 1464 6855 quelque
1513 6722 1761 6855 petite
1810 6722 2070 6855 pauſe.
2169 6722 2231 6855 Ce
2305 6722 2442 6855 que
2491 6722 2677 6855 nous

546 6841 795 6965 avons
842 6841 961 6965 fait
1008 6841 1198 6965 pour
1245 6841 1304 6965 le
1352 6841 1624 6965 regard
1695 6841 1802 6965 des
1861 6841 2335 6965 apprentifs.
2406 6841 2513 6965 Car
2572 6841 2691 6965 au-

2843 361 3192 483 trement
3250 361 3308 483 le
3378 361 3541 483 tout
3611 361 3657 483 ſe
3739 361 3878 483 doit
3960 361 4437 483 entreſuivre
4530 361 4588 483 de
4658 361 4681 483 ſi
4751 361 4972 483 pres,

2860 484 2999 607 qu’à
3087 484 3327 607 grand’
3390 484 3617 607 peine
3718 484 3731 607 y
3794 484 4160 607 pourroit
4261 484 4312 607 on
4438 484 4854 607 diſtinguer
4917 484 4968 607 le

2843 607 3287 733 precedent
3359 607 3600 733 d’avec
3648 607 3696 733 le
3768 607 4308 733 ſubſequent,
4381 607 4537 733 tant
4609 607 4729 733 s’en
4813 607 4969 733 faut

2857 732 3019 862 qu’il
3081 732 3093 862 y
3143 732 3279 862 aye
3354 732 3416 862 de
3478 732 4050 862 l’interruption
4137 732 4335 862 entre
4422 732 4671 862 deux.
4845 732 4981 862 Mais

2840 860 3026 979 pour
3096 860 3702 979 n’embrouiller
3772 860 3888 979 pas
3970 860 4622 979 l’entendement
4715 860 4832 979 des
4937 860 4983 979 E-

2841 981 3244 1108 ſcholiers,
3362 981 3362 1108 &
3410 981 3599 1108 pour
3647 981 3801 1108 leur
3884 981 4216 1108 declarer
4275 981 4382 1108 les
4453 981 4630 1108 vrais
4702 981 4986 1108 fonde-

2863 1109 3096 1234 ments
3166 1109 3225 1234 de
3283 1109 3341 1234 ce
3411 1109 3609 1234 qu’ils
3668 1109 4192 1234 apprennent,
4227 1109 4262 1234 il
4297 1109 4460 1234 faut
4519 1109 4658 1234 que
4705 1109 4752 1234 le
4810 1109 4973 1234 tout

2842 1234 2966 1355 ſoit
3053 1234 3363 1355 monſtré
3437 1234 3549 1355 par
3611 1234 3958 1355 articles,
4020 1234 4169 1355 ſans
4218 1234 4268 1355 ſe
4318 1234 4603 1355 haſter,
4665 1234 4727 1355 de
4789 1234 4974 1355 peur

2849 1354 3012 1482 qu’il
3058 1354 3139 1482 ne
3186 1354 3337 1482 leur
3383 1354 3777 1482 advienne
3836 1354 4021 1482 ſelon
4091 1354 4149 1482 le
4218 1354 4567 1482 commun
4659 1354 4973 1482 prover-

2844 1481 2974 1605 be:
3077 1481 3181 1605 Qui
3233 1481 3388 1605 trop
3466 1481 3829 1605 embraſſe
3881 1481 4010 1605 peu
4088 1481 4425 1605 eſtraint.

3029 1611 3245 1731 Notez
3305 1611 3701 1731 touchant
3761 1611 3809 1731 le
3905 1611 4145 1731 Cercle
4265 1611 4313 1731 N.
4385 1611 4433 1731 4.
4505 1611 4973 1731 qu’Alexan-

2861 1735 3002 1852 dre,
3060 1735 3107 1852 en
3201 1735 3541 1852 donnant
3588 1735 3624 1852 la
3694 1735 4011 1852 courbe,
4058 1735 4222 1852 n’eſt
4269 1735 4387 1852 pas
4445 1735 4598 1852 tenu
4692 1735 4985 1852 d’abaiſ-

2839 1860 2936 1984 ſer
2985 1860 3519 1984 preciſement
3567 1860 3628 1984 le
3676 1860 3846 1984 pied
3919 1860 4198 1984 gauche
4259 1860 4259 1984 à
4320 1860 4514 1984 terre
4586 1860 4684 1984 ſur
4744 1860 4793 1984 le
4878 1860 4987 1984 co-

2842 1986 2932 2108 ſté
3008 1986 3060 2108 du
3187 1986 3443 2108 Quarré
3494 1986 3749 2108 inſcrit
3800 1986 3800 2108 à
3864 1986 3903 2108 la
3954 1986 4184 2108 lettre
4260 1986 4311 2108 S:
4388 1986 4490 2108 car
4554 1986 4580 2108 il
4669 1986 4810 2108 doit
4873 1986 4976 2108 ac-

2850 2109 3322 2224 commoder
3370 2109 3476 2224 ſon
3535 2109 3842 2224 intrade
3889 2109 3901 2224 à
3948 2109 4456 2224 l’advenant,
4515 2109 4668 2224 qu’il
4715 2109 4774 2224 ſe
4822 2109 4975 2224 ſent

2852 2230 3034 2360 eſtre
3095 2230 3423 2360 conduit
3471 2230 3593 2360 par
3641 2230 3690 2360 le
3738 2230 4139 2360 tranſport
4199 2230 4321 2360 des
4382 2230 4673 2360 eſpees:
4733 2230 4903 2360 dont
4952 2230 4988 2360 il

2838 2358 3266 2476 adviendra
3359 2358 3613 2476 meſme
3671 2358 4237 2476 aucunesfois,
4295 2358 4457 2476 qu’il
4503 2358 4549 2476 le
4630 2358 4977 2476 plantera

2840 2481 2942 2608 ſur
2993 2481 3043 2608 le
3107 2481 3297 2608 coſté
3374 2481 3425 2608 du
3552 2481 3806 2608 Quarré
3882 2481 4365 2608 circonſcrit,
4466 2481 4479 2608 &
4543 2481 4975 2608 autresfois

2874 2607 3123 2728 meſme
3182 2607 3241 2728 au
3324 2607 3632 2728 dehors.
3739 2607 3798 2728 Ce
3869 2607 3976 2728 qui
4023 2607 4141 2728 luy
4213 2607 4544 2728 donnera
4603 2607 4757 2728 tant
4817 2607 4982 2728 plus

2849 2732 2921 2851 de
2981 2732 3483 2851 commodité
3554 2732 3865 2851 devenir
3913 2732 3913 2851 à
3973 2732 4008 2851 la
4068 2732 4486 2851 pourſuite
4558 2732 4606 2851 du
4737 2732 4976 2851 Cercle

2898 2854 2935 2975 N.
2997 2854 3034 2975 5.
3158 2854 3171 2975 &
3220 2854 3220 2975 à
3270 2854 3804 2975 l’eſtramaçon
3903 2854 3953 2975 du
4064 2854 4101 2975 6.
4188 2854 4300 2975 qui
4374 2854 4461 2975 eſt
4523 2854 4983 2975 repreſenté

2847 2974 2897 3106 en
2958 2974 2995 3106 la
3057 2974 3303 3106 figure
3365 2974 3623 3106 d’eſtre
3697 2974 4030 3106 executé
4079 2974 4190 3106 par
4239 2974 4498 3106 rigeur
4547 2974 4658 3106 ſur
4695 2974 4732 3106 la
4793 2974 4978 3106 teſte

2855 3099 2913 3231 de
3030 3099 3415 3231 Zacharie:
3520 3099 3671 3231 mais
3741 3099 3928 3231 pour
3986 3099 4207 3231 jouer
4289 3099 4336 3231 en
4441 3099 4895 3231 courtoiſie,
4942 3099 4977 3231 il

2837 3228 2959 3356 luy
3008 3228 3167 3356 faut
3216 3228 3633 3356 preſenter
3682 3228 3719 3356 la
3768 3228 3964 3356 lame
4037 3228 4307 3356 devant
4356 3228 4417 3356 le
4478 3228 4772 3356 viſage,
4821 3228 4993 3356 pre-

2877 3353 3021 3482 mier
3093 3353 3225 3482 que
3297 3353 3682 3482 d’abaiſſer
3730 3353 3778 3482 le
3838 3353 4007 3482 pied
4067 3353 4115 3482 en
4187 3353 4427 3482 terre,
4536 3353 4548 3482 &
4608 3353 4656 3482 la
4740 3353 4980 3482 mener

2849 3475 3498 3592 circulairement
3576 3475 3789 3592 outre
3856 3475 3901 3592 ſa
3979 3475 4237 3592 teſte,
4326 3475 4561 3592 quand
4628 3475 4684 3592 on
4785 3475 4987 3592 com-

2877 3602 3125 3717 mence
3172 3602 3184 3717 à
3243 3602 3751 3717 tresbucher,
3846 3602 3857 3717 &
3905 3602 3916 3717 à
3964 3602 4023 3717 le
4070 3602 4401 3717 planter,
4495 3602 4495 3717 &
4554 3602 4743 3717 puis,
4791 3602 4991 3717 com-

2876 3723 2953 3845 me
3017 3723 3056 3845 il
3133 3723 3222 3845 eſt
3286 3723 3748 3845 repreſenté
3825 3723 3876 3845 en
3953 3723 3991 3845 la
4068 3723 4363 3845 figure,
4427 3723 4709 3845 ployer
4760 3723 4812 3845 le
4876 3723 4991 3845 ge-

2844 3846 3061 3969 nouil
3121 3846 3302 3969 droit
3422 3846 3434 3969 &
3494 3846 3807 3969 charger
3880 3846 3928 3969 le
4012 3846 4229 3969 corps
4301 3846 4591 3969 deſſus,
4675 3846 4723 3969 en
4807 3846 4988 3969 pan-

2845 3971 3056 4074 Chant
3110 3971 3183 4074 iin
3275 3971 3412 4074 pei
3485 3971 3640 4074 ure
3686 3971 3731 4074 la
3814 3971 3814 4074 d
3868 3971 4133 4074 avrant,
4206 3971 4325 4074 ave
4435 3971 4480 4074 le
4535 3971 4700 4074 bras
4809 3971 4818 4074 &
4864 3971 4974 4074 l’e-

2841 4079 3011 4203 ſpee
3072 4079 3448 4203 eſtendus
3484 4079 3545 4203 au
3630 4079 3909 4203 devant
3969 4079 4018 4203 en
4091 4079 4309 4203 angle
4357 4079 4564 4203 aigu.

2917 4205 3068 4324 Puis
3126 4205 3359 4324 eſtant
3405 4205 3579 4324 ainſi
3626 4205 3800 4324 avec
3847 4205 3905 4324 le
3975 4205 4184 4324 corps
4242 4205 4532 4324 panché
4602 4205 4649 4324 en
4718 4205 4974 4324 avant,

2835 4331 2869 4449 il
2914 4331 3365 4449 pourſuivra
3443 4331 3567 4449 d’en
3658 4331 3827 4449 tirer
3894 4331 4120 4449 encor
4176 4331 4244 4449 un
4334 4331 4976 4449 redoublement

2860 4454 3464 4575 d’eſtramaçon,
3523 4454 3570 4575 en
3641 4454 3677 4575 la
3760 4454 4079 4575 maniere
4139 4454 4541 4575 ſuivante:
4612 4454 4754 4575 c’eſt
4825 4454 4979 4575 qu’il

2831 4578 2974 4697 fera
3046 4578 3093 4697 du
3165 4578 3343 4697 pied
3415 4578 3701 4697 gauche
3748 4578 3808 4697 un
3891 4578 4082 4697 petit
4130 4578 4654 4697 pouſſement
4713 4578 4976 4697 contre

2834 4702 2870 4819 la
2930 4702 3158 4819 terre,
3206 4702 3397 4819 pour
3445 4702 3493 4819 ſe
3553 4702 3972 4819 redreſſer,
4080 4702 4080 4819 &
4140 4702 4380 4819 volter
4428 4702 4440 4819 à
4487 4702 4703 4819 l’aide
4775 4702 4979 4819 d’ice-

2837 4826 2962 4948 luy
3013 4826 3113 4948 ſur
3163 4826 3213 4948 le
3263 4826 3438 4948 pied
3501 4826 3727 4948 droit,
3789 4826 3839 4948 en
3927 4826 4102 4948 telle
4165 4826 4416 4948 ſorte,
4503 4826 4691 4948 qu’en
4779 4826 4992 4948 hauſ-

2840 4947 2990 5072 ſant
3040 4947 3314 5072 l’eſpee
3364 4947 3477 5072 par
3551 4947 3789 5072 deſſus
3839 4947 3938 5072 ſon
4038 4947 4363 5072 eſpaule,
4413 4947 4463 5072 la
4550 4947 4688 5072 main
4775 4947 4975 5072 quel-

2853 5079 2978 5197 que
3034 5079 3158 5197 peu
3226 5079 3598 5197 avancée,
3699 5079 3711 5197 &
3756 5079 3790 5197 la
3869 5079 4139 5197 pointe
4241 5079 4636 5197 montante
4692 5079 4748 5197 en
4839 5079 4985 5197 der-

2835 5203 3028 5319 riere
3074 5203 3131 5319 le
3199 5203 3346 5319 dos,
3392 5203 3426 5319 il
3471 5203 3528 5319 ſe
3574 5203 3948 5319 tournera
4017 5203 4085 5319 de
4142 5203 4346 5319 front
4403 5203 4675 5319 contre
4721 5203 4766 5319 ſa
4823 5203 4982 5319 par-

2836 5325 2928 5446 tie
2975 5325 3332 5446 adverſe,
3390 5325 3551 5446 tout
3609 5325 3805 5446 preſt
3851 5325 3851 5446 à
3908 5325 4024 5446 luy
4093 5325 4393 5446 donner
4427 5325 4485 5446 le
4554 5325 4739 5446 coup
4785 5325 4969 5446 avec

2841 5451 3491 5569 l’advancement
3550 5451 3609 5569 du
3680 5451 3846 5569 pied
3917 5451 4248 5569 gauche;
4307 5451 4366 5569 ou
4437 5451 4449 5569 à
4496 5451 4614 5569 luy
4673 5451 4981 5569 preſen-

2839 5575 2937 5691 ter
2985 5575 3022 5691 la
3083 5575 3277 5691 lame
3338 5575 3618 5691 devant
3666 5575 3715 5691 le
3788 5575 3982 5691 coſté
4055 5575 4238 5691 droit
4299 5575 4360 5691 du
4432 5575 4700 5691 viſage,
4797 5575 4809 5691 &
4858 5575 4870 5691 à
4919 5575 4955 5691 la

2873 5697 3157 5810 monter
3225 5697 3599 5810 derechef
3678 5697 4325 5810 circulairement
4370 5697 4733 5810 alentour
4812 5697 4880 5810 de
4926 5697 4960 5810 la

2844 5821 3036 5943 teſte
3095 5821 3526 5943 contraire,
3586 5821 3646 5943 au
3717 5821 3968 5943 temps
4052 5821 4208 5943 qu’il
4279 5821 4614 5943 plantera
4674 5821 4734 5943 le
4805 5821 4985 5943 pied

2868 5946 3192 6069 derriere
3241 5946 3361 6069 luy
3409 5946 3481 6069 un
3553 5946 3674 6069 peu
3746 5946 3746 6069 à
3818 5946 4191 6069 quartier;
4275 5946 4311 6069 en
4395 5946 4612 6069 apres
4660 5946 4696 6069 il
4732 5946 4961 6069 pliera

2865 6068 3229 6195 derechef
3289 6068 3338 6195 le
3423 6068 3653 6195 genou
3762 6068 3823 6195 de
3895 6068 4162 6195 devant
4210 6068 4404 6195 pour
4453 6068 4622 6195 faire
4671 6068 4719 6195 la
4792 6068 4974 6195 char-

2855 6194 2917 6322 ge
2993 6194 3043 6322 du
3131 6194 3344 6322 corps
3419 6194 3683 6322 deſſus,
3733 6194 3908 6322 avec
3958 6194 4009 6322 le
4059 6194 4222 6322 bras
4322 6194 4335 6322 &
4385 6194 4648 6322 l’eſpee
4711 6194 4987 6322 pareil-

2834 6317 3133 6442 lement
3193 6317 3564 6442 eſtendus
3624 6317 3672 6442 en
3743 6317 3959 6442 angle
4019 6317 4210 6442 aigu,
4282 6317 4449 6442 tout
4509 6317 4688 6442 ainſi
4760 6317 4952 6442 qu’en

2835 6443 3284 6573 l’operation
3355 6443 3886 6573 precedente,
3969 6443 3981 6573 &
4040 6443 4335 6573 comme
4383 6443 4418 6573 il
4477 6443 4524 6573 en
4595 6443 4725 6573 ſera
4784 6443 4973 6573 parlé

2840 6569 3009 6702 plus
3057 6569 3804 6702 particulairement
3865 6569 3913 6702 en
3997 6569 4323 6702 d’autres
4407 6569 4817 6702 Tableaux,
4890 6569 4950 6702 où

2845 6693 2871 6828 il
2935 6693 3077 6828 ſera
3141 6693 3489 6828 queſtion
3579 6693 3631 6828 de
3695 6693 3734 6828 la
3811 6693 4159 6828 repeter,
4275 6693 4288 6828 &
4365 6693 4481 6828 d’en
4572 6693 4752 6828 faire
4816 6693 4984 6828 plus

2839 6832 3089 6955 ample
3161 6832 3650 6955 declaration.

4835 6946 4975 7032 Cer-
