5520 7640
1376 5042 1686 5197 Cercle
1995 5042 2160 5197 .8.

692 5209 985 5364 Alexandre
1030 5209 1188 5364 tirant
1233 5209 1436 5364 encores
1481 5209 1785 5364 l’eſtocade
1830 5209 1830 5364 à
1875 5209 1909 5364 la
1977 5209 2236 5364 Troiſieme
2292 5209 2540 5364 Inſtance,
2585 5209 2687 5364 tout
2754 5209 2788 5364 de

782 5371 944 5488 meſme
990 5371 1013 5488 le
1083 5371 1245 5488 Cercle
1337 5371 1465 5488 N.3;
1546 5371 1789 5488 Zacharie
1835 5371 1870 5488 la
1928 5371 2182 5488 deſtourne
2229 5371 2263 5488 en
2333 5371 2518 5488 dedans
2564 5371 2599 5488 du
2657 5371 2796 5488 bras,

800 5496 905 5617 mais
952 5496 1057 5617 avec
1104 5496 1210 5617 plus
1257 5496 1292 5617 de
1339 5496 1491 5617 force,
1538 5496 1655 5617 qu’il
1691 5496 1726 5617 ne
1773 5496 1820 5617 fit
1866 5496 1913 5617 au
1995 5496 2160 5617 Cercle
2253 5496 2288 5617 N.
2347 5496 2382 5617 4.
2500 5496 2605 5617 Dont
2711 5496 2793 5617 Ale-

794 5620 982 5742 xandre
1026 5620 1081 5742 eſt
1125 5620 1391 5742 contraint
1457 5620 1479 5742 de
1523 5620 1766 5742 ſeconder
1810 5620 1832 5742 le
1876 5620 2153 5742 tranſport
2230 5620 2296 5742 des
2351 5620 2561 5742 eſpees,
2616 5620 2661 5742 en
2727 5620 2793 5742 al-

772 5743 875 5871 lant
933 5743 1105 5871 devers
1151 5743 1174 5871 le
1243 5743 1415 5871 Centre
1461 5743 1656 5871 juſqu’à
1736 5743 1782 5871 L,
1897 5743 1897 5871 &
1955 5743 2356 5871 accommodant
2402 5743 2425 5871 le
2483 5743 2632 5871 corps
2689 5743 2804 5871 avec

775 5868 808 5991 le
842 5868 966 5991 coſté
1011 5868 1202 5991 gauche
1269 5868 1449 5991 devant
1494 5868 1606 5991 pour
1651 5868 1719 5991 luy
1775 5868 1943 5991 donner
2011 5868 2438 5991 l’imbrocade.

1158 6013 1299 6135 Eſte
1346 6013 1817 6135 imbrocade
1876 6013 2241 6135 provient
2312 6013 2371 6135 de
2430 6013 2795 6135 l’avanta-

1138 6138 1201 6267 ge
1277 6138 1340 6267 de
1391 6138 2173 6267 l’aſſujettiſſement,
2223 6138 2665 6267 repreſenté
2715 6138 2779 6267 au

1168 6264 1405 6388 Cercle
1518 6264 1555 6388 N.
1618 6264 1656 6388 2.
1743 6264 1843 6388 Car
1906 6264 2356 6388 cependant
2419 6264 2581 6388 qu’il
2644 6264 2794 6388 che-

1150 6386 1325 6512 mine
1395 6386 1767 6512 derechef
1825 6386 2023 6512 pour
2104 6386 2384 6512 donner
2453 6386 2802 6512 l’eſtoca-

685 6505 750 6634 de
802 6505 802 6634 à
854 6505 893 6634 la
984 6505 1387 6634 Troiſieme
1452 6505 1842 6634 Inſtance,
1881 6505 1894 6634 à
1946 6505 2271 6634 l’inſtant
2336 6505 2466 6634 que
2518 6505 2570 6634 le
2622 6505 2804 6634 pied

685 6627 874 6765 droit
950 6627 1303 6765 s’abaiſſe,
1353 6627 1543 6765 pour
1606 6627 1656 6765 ſe
1719 6627 2022 6765 planter
2085 6627 2085 6765 à
2148 6627 2387 6765 lettre
2513 6627 2551 6765 N.
2690 6627 2690 6765 Z
2753 6627 2791 6765 a-

692 6760 995 6886 CHARIE
1055 6760 1104 6886 ſe
1164 6760 1467 6886 defend,
1564 6760 1576 6886 &
1624 6760 1745 6886 luy
1794 6760 2242 6886 tranſporte
2290 6760 2557 6886 l’eſpee
2605 6760 2787 6886 avec

667 6872 883 6995 force
931 6872 991 6995 au
1075 6872 1350 6995 dedans
1422 6872 1470 6995 du
1542 6872 1734 6995 bras.
1878 6872 1938 6995 Ce
2010 6872 2129 6995 que
2189 6872 2789 6995 recognoiſſant

3661 3408 3993 3617 Cercle
4236 3408 4502 3617 N.9.

2979 3607 3226 3759 Zacharie
3282 3607 3642 3759 augmentant
3687 3607 3834 3759 encor
3890 3607 4205 3759 davantage
4261 3607 4284 3759 le
4329 3607 4475 3759 poids
4554 3607 4587 3759 de
4644 3607 4677 3759 ſa
4745 3607 4914 3759 lame,
4992 3607 5116 3759 pour

3067 3749 3226 3870 parer
3272 3749 3546 3870 l’eſtocade
3591 3749 3910 3870 precedente
3967 3749 4001 3870 du
4070 3749 4229 3870 Cercle
4332 3749 4366 3870 N.
4400 3749 4434 3870 3.
4480 3749 4605 3870 außi
4685 3749 4981 3870 Alexandre
5027 3749 5118 3870 s’a-

3078 3872 3228 3991 vance
3274 3872 3309 3991 là
3366 3872 3516 3991 deſſus
3563 3872 3678 3991 avec
3713 3872 3747 3991 le
3793 3872 3909 3991 pied
3967 3872 4082 3991 droit
4128 3872 4359 3991 juſquau
4440 3872 4659 3991 Centre,
4705 3872 4740 3991 en
4809 3872 5121 3991 accompliſ-

3070 3990 3184 4129 ſant
3241 3990 3480 4129 derechef
3525 3990 3559 4129 la
3639 3990 3799 4129 meſme
3844 3990 4163 4129 operation,
4208 3990 4288 4129 que
4357 3990 4527 4129 deßus.

3497 4144 3613 4262 icy
3682 4144 4052 4262 derechef
4087 4144 4133 4262 la
4214 4144 4480 4262 meſme
4538 4144 4990 4262 operation,
5024 4144 5105 4262 ne

3425 4243 3832 4367 differant,
3923 4243 3968 4367 qu
4047 4243 4104 4367 au
4183 4243 4398 4367 poids
4500 4243 4556 4367 de
4624 4243 4669 4367 la
4771 4243 5099 4367 defenſe.

3446 4364 3547 4505 Car
3598 4364 3611 4505 à
3661 4364 3991 4505 l’inſtant
4079 4364 4675 4505 qu’Alexandre
4751 4364 4763 4505 a
4839 4364 5105 4505 abaiſſé

3406 4490 3456 4630 le
3507 4490 3684 4630 pied
3760 4490 3949 4630 droit
4013 4490 4013 4630 à
4089 4490 4126 4630 la
4228 4490 4632 4630 Troiſieme
4695 4490 5113 4630 Inſtance,

2992 4610 3441 4755 ZACHARIE
3514 4610 3514 4755 a
3587 4610 3757 4755 paré
3818 4610 3866 4755 le
3963 4610 4146 4755 coup
4231 4610 4413 4755 avec
4498 4610 4668 4755 plus
4753 4610 5093 4755 d’effort,

2964 4733 3150 4884 qu’au
3220 4733 3639 4884 precedẽt;
3697 4733 3871 4884 dont
3953 4733 4558 4884 ALEXANDRE,
4604 4733 4791 4884 pour
4837 4733 5105 4884 ſecon-

2968 4856 3076 5004 der
3112 4856 3172 5004 le
3220 4856 3604 5004 tranſport
3676 4856 3784 5004 des
3844 4856 4120 5004 eſpees,
4168 4856 4252 5004 eſt
4312 4856 4708 5004 contraint
4780 4856 5104 5004 d’entrer

2968 4981 3016 5132 du
3087 4981 3254 5132 pied
3349 4981 3528 5132 droit
3599 4981 3754 5132 plus
3826 4981 4052 5132 avant
4100 4981 4421 5132 juſques
4493 4981 4541 5132 au
4660 4981 4958 5132 Centre,
5029 4981 5077 5132 en

2939 5120 3285 5256 trainant
3368 5120 4322 5256 proportionnellement
4405 5120 4453 5256 le
4548 5120 4715 5256 pied
4798 5120 5096 5256 gauche

2941 5239 3161 5378 apres
3198 5239 3529 5378 juſques
3578 5239 3590 5378 à
3639 5239 3798 5378 l’M.
3847 5239 3896 5378 en
3970 5239 4582 5378 accompliſſant
4644 5239 5109 5378 cependant

2937 5365 3035 5506 les
3109 5365 3415 5506 meſmes
3465 5365 3771 5506 aions
3833 5365 3968 5506 que
4029 5365 4299 5506 deſſus,
4348 5365 4667 5506 juſques
4716 5365 4729 5506 à
4790 5365 5097 5506 preſen-

2941 5492 3050 5636 ter
3098 5492 3134 5636 ſa
3194 5492 3460 5636 pointe
3545 5492 3581 5636 en
3653 5492 3859 5636 ligne
3919 5492 4209 5636 courbe
4281 5492 4559 5636 devant
4595 5492 4655 5636 le
4716 5492 4957 5636 viſage
5030 5492 5090 5636 de

2943 5612 3038 5711 ſon
3145 5612 3573 5711 Contraire.

3668 5782 3979 5959 Cercle
4202 5782 4513 5959 N.10.

2965 5991 3319 6150 L’imbrocade
3390 5991 3780 6150 d’Alexandre
3839 5991 4004 6150 eſtant
4039 5991 4193 6150 parée
4240 5991 4452 6150 encores
4500 5991 4606 6150 plus
4653 5991 4818 6150 outre,
4877 5991 4901 6150 il
4948 5991 5090 6150 laiſſe

3054 6129 3273 6253 eſcouler
3316 6129 3382 6253 les
3415 6129 3611 6253 eſpees,
3655 6129 3688 6253 en
3742 6129 4048 6253 allongeant
4114 6129 4300 6253 meſmes
4354 6129 4387 6253 le
4431 6129 4584 6253 bras,
4627 6129 4748 6253 avec
4791 6129 4824 6253 la
4868 6129 5097 6253 branche

3062 6249 3348 6377 interieure
3394 6249 3680 6377 verticale,
3772 6249 3772 6377 &
3818 6249 3852 6377 le
3898 6249 4012 6377 pied
4058 6249 4184 6377 droit
4230 6249 4413 6377 eſlevé.

3465 6405 3876 6549 Ontinuant
3938 6405 3976 6549 la
4075 6405 4399 6549 defenſe,
4524 6405 4536 6549 &
4586 6405 4624 6549 la
4698 6405 4885 6549 ſuite
4972 6405 5085 6549 des

3434 6532 3616 6671 deux
3701 6532 3993 6671 Cercles
4042 6532 4516 6671 precedẽts,
4613 6532 5087 6671 ZACHARIE

3426 6658 3528 6796 qui
3585 6658 3732 6796 voit
3766 6658 3812 6796 la
3868 6658 4141 6796 pointe
4209 6658 4594 6796 contraire
4662 6658 4935 6796 devant
4980 6658 5082 6796 ſes

3427 6780 3643 6923 yeux,
3691 6780 3727 6923 la
3787 6780 3955 6923 pare
4039 6780 4411 6923 derechef
4495 6780 4543 6923 en
4639 6780 4927 6923 dedans
5011 6780 5059 6923 du

2946 6900 3146 7066 bras.
3321 6900 3384 7066 Ce
3459 6900 4147 7066 qu’appercevant
4247 6900 4784 7066 ALEXANDRE
4859 6900 4972 7066 par
5035 6900 5085 7066 le

4857 7062 5090 7147 ſenti-

1383 437 1691 598 Cercle
1998 437 2239 598 N.7.

711 620 1011 763 Alexandre
1047 620 1215 763 eſtant
1275 620 1491 763 derriere
1527 620 1587 763 ſon
1683 620 2030 763 Adverſaire,
2138 620 2138 763 &
2210 620 2402 763 faiſant
2450 620 2486 763 la
2546 620 2678 763 volte
2738 620 2810 763 ſur

791 774 814 895 le
860 774 976 895 pied
1033 774 1183 895 droit;
1275 774 1529 895 Zacharie
1587 774 1690 895 s’eſt
1748 774 1863 895 außi
1921 774 2105 895 tourné
2175 774 2347 895 devers
2382 774 2451 895 luy
2520 774 2555 895 au
2647 774 2797 895 meſnme

785 899 975 1019 temps,
1020 899 1143 1019 pour
1176 899 1254 1019 luy
1288 899 1556 1019 preſenter
1601 899 1813 1019 l’eſpee;
1880 899 1980 1019 mais
2014 899 2181 1019 avant
2226 899 2349 1019 qu’il
2382 899 2449 1019 ait
2494 899 2796 1019 parachevé

783 1019 1047 1142 l’œuvre,
1132 1019 1439 1142 Alexandre
1481 1019 1555 1142 luy
1608 1019 1745 1142 donne
1788 1019 1925 1142 encor
1967 1019 2052 1142 une
2094 1019 2295 1142 ſeconde
2369 1019 2517 1142 ouche
2581 1019 2792 1142 d’eſtra-

805 1153 954 1259 maçon
1007 1153 1050 1259 au
1103 1153 1369 1259 viſage.

1173 1268 1332 1384 Oicy
1400 1268 1627 1384 encor
1672 1268 1718 1384 le
1809 1268 2058 1384 meſme
2138 1268 2615 1384 eſtramaçon
2706 1268 2796 1384 re-

1147 1382 1451 1515 doublé,
1515 1382 1616 1515 qui
1667 1382 1743 1515 ne
1807 1382 2112 1515 differre
2175 1382 2365 1515 qu’un
2442 1382 2594 1515 bien
2657 1382 2784 1515 peu

1146 1515 1388 1633 d’avec
1454 1515 1663 1633 celuy
1729 1515 1861 1633 que
1916 1515 2114 1633 nous
2169 1515 2466 1633 venons
2543 1515 2609 1633 de
2697 1515 2796 1633 de-

1127 1638 1410 1758 ſcrire:
1533 1638 1681 1758 c’eſt
1743 1638 2063 1758 aſſavoir
2136 1638 2272 1758 que
2346 1638 2715 1758 ceſtuy-là
2789 1638 2789 1758 a

679 1755 815 1884 eſté
876 1755 1123 1884 donné
1173 1755 1271 1884 ſur
1321 1755 1740 1884 l’Ennemy
1802 1755 1913 1884 qui
1975 1755 2061 1884 ne
2110 1755 2370 1884 bouge
2431 1755 2641 1884 point
2715 1755 2777 1884 un

667 1882 791 2009 rien
878 1882 940 2009 de
990 1882 1040 2009 ſa
1089 1882 1350 2009 place.
1512 1882 1636 2009 Mais
1711 1882 1748 2009 en
1847 1882 1910 2009 ce
2009 1882 2245 2009 Cercle
2369 1882 2419 2009 N.
2481 1882 2518 2009 7.
2580 1882 2580 2009 à
2655 1882 2804 2009 l’in-

663 2003 848 2124 ſtant
917 2003 1622 2124 qu’ALEXANDRE
1680 2003 2154 2124 commence
2200 2003 2211 2124 à
2269 2003 2442 2124 faire
2489 2003 2523 2124 la
2593 2003 2789 2124 volte

682 2130 730 2253 du
814 2130 1031 2253 corps
1079 2130 1175 2253 ſur
1223 2130 1272 2253 le
1332 2130 1500 2253 pied
1573 2130 1789 2253 droit,
1849 2130 1898 2253 en
1982 2130 2307 2253 eſlevant
2355 2130 2403 2253 le
2463 2130 2800 2253 gauche;

651 2254 1066 2378 l’Ennemy
1125 2254 1173 2378 ſe
1232 2254 1516 2378 tourne
1588 2254 2145 2378 pareillement
2204 2254 2311 2378 ſur
2370 2254 2477 2378 ſes
2548 2254 2797 2378 pieds,

659 2380 741 2500 ne
788 2380 1212 2500 bougeant
1270 2380 1470 2500 qu’un
1541 2380 1694 2500 bien
1764 2380 1882 2500 peu
1976 2380 2046 2500 de
2093 2380 2128 2500 ſa
2199 2380 2399 2500 place
2458 2380 2458 2500 à
2516 2380 2693 2500 tout
2740 2380 2787 2500 le

657 2504 825 2624 pied
910 2504 1247 2624 gauche,
1355 2504 1403 2624 en
1512 2504 1897 2624 avançant
1969 2504 2246 2624 l’eſpee
2343 2504 2608 2624 devers
2668 2504 2788 2624 luy

651 2629 835 2749 avec
881 2629 927 2749 le
985 2629 1145 2749 bras
1214 2629 1525 2749 courbe.
1628 2629 1685 2749 Ce
1754 2629 1892 2749 que
1950 2629 2237 2749 voyant
2317 2629 2788 2749 Alexandre,

646 2752 874 2871 avant
942 2752 1101 2871 qu’il
1158 2752 1238 2871 ait
1306 2752 1751 2871 parachevé
1808 2752 1864 2871 le
1967 2752 2525 2871 mouvement,
2571 2752 2616 2871 il
2673 2752 2787 2871 luy

667 2870 916 2994 donne
975 2870 1034 2994 le
1117 2870 1295 2994 coup
1366 2870 1425 2994 au
1520 2870 1816 2994 viſage:
1923 2870 1982 2994 ou
2065 2870 2290 2994 bien,
2349 2870 2384 2994 il
2444 2870 2562 2994 luy
2669 2870 2787 2994 met

642 2996 688 3119 la
745 2996 929 3119 lame
1021 2996 1285 3119 devant
1353 2996 1457 3119 les
1514 2996 1709 3119 yeux
1789 2996 1835 3119 en
1927 2996 2386 3119 courtoiſie,
2432 2996 2788 3119 plantant

660 3124 1415 3244 conſecutivement
1483 3124 1529 3244 le
1609 3124 1781 3244 pied
1872 3124 2158 3244 gauche
2261 3124 2307 3244 en
2398 3124 2593 3244 terre
2684 3124 2787 3244 de-

656 3246 814 3367 vers
859 3246 1309 3367 l’Ennemy;
1388 3246 1692 3367 comme
1760 3246 1805 3367 on
1895 3246 1940 3367 le
2019 3246 2165 3367 voit
2233 3246 2627 3367 pourtrait
2717 3246 2762 3367 en

647 3366 688 3484 la
742 3366 1027 3484 figure.

808 3492 971 3620 Voilà
1046 3492 1233 3620 donc
1284 3492 1321 3620 la
1371 3492 1559 3620 ſuite
1634 3492 1684 3620 du
1796 3492 2034 3620 Cercle
2147 3492 2184 3620 N.
2247 3492 2284 3620 4.
2347 3492 2785 3620 procedan-

641 3613 700 3741 te
795 3613 855 3741 de
938 3613 986 3741 ce
1081 3613 1212 3741 que
1342 3613 1687 3741 Zacharie
1771 3613 1782 3741 a
1889 3613 2294 3741 deſtourné
2377 3613 2425 3741 la
2508 3613 2781 3741 pointe

648 3742 1029 3866 contraire
1110 3742 1168 3866 de
1215 3742 1319 3866 ſon
1400 3742 1643 3866 viſage
1701 3742 1747 3866 en
1840 3742 2129 3866 dedans
2198 3742 2245 3866 du
2314 3742 2523 3866 bras,
2569 3742 2789 3866 apres

658 3865 1254 3978 qu’Alexandre
1316 3865 1403 3978 eſt
1452 3865 1688 3978 arrivé
1738 3865 1738 3978 à
1787 3865 1837 3978 la
1924 3865 2333 3978 Troiſieme
2395 3865 2792 3978 Inſtance,

634 3989 806 4104 ainſi
892 3989 1015 4104 que
1089 3989 1138 4104 le
1249 3989 1482 4104 Cercle
1617 3989 1654 4104 N.
1728 3989 1777 4104 3.
1863 3989 2343 4104 demonſtre.
2490 3989 2785 4104 Mainte-

641 4112 814 4217 nant
879 4112 911 4217 il
987 4112 1063 4217 eſt
1127 4112 1624 4217 raiſonnable
1711 4112 1775 4217 de
1851 4112 2045 4217 vous
2110 4112 2618 4217 repreſenter
2683 4112 2780 4217 pa-

637 4225 1090 4344 reillement
1160 4225 1195 4344 la
1276 4225 1684 4344 pourſuite
1765 4225 1835 4344 de
1916 4225 2102 4344 ceſte
2184 4225 2440 4344 meſme
2509 4225 2789 4344 eſtoca-

665 4348 778 4470 de,
853 4348 903 4470 en
1003 4348 1342 4470 occaſion
1442 4348 1567 4470 que
1680 4348 2031 4470 Zacharie
2106 4348 2143 4470 la
2206 4348 2369 4470 pare
2432 4348 2795 4470 pluſtoſt,

666 4473 924 4593 durant
1006 4473 1135 4593 que
1193 4473 1229 4593 ſa
1299 4473 1534 4593 partie
1604 4473 1686 4593 eſt
1745 4473 1968 4593 encor
2038 4473 2085 4593 en
2155 4473 2308 4593 ae
2378 4473 2437 4593 de
2507 4473 2789 4593 chemi-

644 4600 764 4690 ner
824 4600 980 4690 vers
1028 4600 1064 4690 la
1160 4600 1569 4690 Troiſieme
1629 4600 2025 4690 Inſtance.

2999 416 3524 545 ALEXANDRE
3595 416 3714 545 par
3750 416 3810 545 le
3858 416 4323 545 ſentiment,
4370 416 4406 545 il
4454 416 4704 545 taſche
4776 416 4836 545 du
4919 416 5122 545 com-

2998 537 3521 673 mencement,
3592 537 3592 673 à
3663 537 3675 673 y
3734 537 4055 673 reſiſter,
4126 537 4173 673 en
4257 537 4304 673 ſe
4363 537 4660 673 ſervant
4731 537 4933 673 d’une
4992 537 5111 673 pe-

2965 664 3101 792 tite
3162 664 3544 792 retenue,
3667 664 3667 792 &
3754 664 4197 792 cependant
4259 664 4296 792 il
4357 664 4764 792 approche
4825 664 4875 792 le
4936 664 5109 792 pied

2976 791 3267 920 gauche
3316 791 3837 920 haſtivement
3910 791 4055 920 bien
4152 791 4310 920 pres
4395 791 4456 920 de
4528 791 4844 920 l’autre,
4928 791 5110 920 quaſi

2975 915 3275 1046 comme
3323 915 3396 1046 un
3480 915 3660 1046 demi
3720 915 4057 1046 fleuret;
4141 915 4310 1046 dont
4358 915 4406 1046 le
4466 915 4683 1046 corps
4731 915 4779 1046 ſe
4851 915 5104 1046 dreſſe,

2972 1043 3019 1172 en
3114 1043 3446 1172 eſievant
3494 1043 3541 1172 le
3588 1043 3766 1172 pied
3849 1043 4063 1172 droit,
4193 1043 4205 1172 &
4241 1043 4300 1172 le
4348 1043 4668 1172 portant
4751 1043 5012 1172 devers
5059 1043 5119 1172 le

2999 1169 3257 1300 Centre
3294 1169 3356 1300 le
3393 1169 3578 1300 long
3639 1169 3688 1300 du
3799 1169 4168 1300 Diametre
4218 1169 4907 1300 perpẽdiculaire,
4956 1169 5104 1300 ſans

2968 1293 3264 1420 oublier
3332 1293 3332 1420 à
3412 1293 3731 1420 tourner
3845 1293 3845 1420 &
3890 1293 4483 1420 accommoder
4562 1293 5006 1420 cependant
5063 1293 5098 1420 la

2983 1419 3126 1547 main
3222 1419 3222 1547 à
3293 1419 3735 1547 l’advenant
3806 1419 3854 1547 du
3938 1419 4331 1547 tranſport
4415 1419 4522 1547 des
4606 1419 4904 1547 eſpees;
5023 1419 5035 1547 &
5095 1419 5107 1547 à

2957 1538 3127 1674 faire
3188 1538 3224 1674 la
3297 1538 3564 1674 charge
3661 1538 3710 1674 du
3807 1538 4025 1674 corps
4098 1538 4147 1674 en
4232 1538 4620 1674 panchant
4693 1538 4754 1674 un
4827 1538 4948 1674 peu
5045 1538 5106 1674 de

2973 1665 3162 1796 coſté
3199 1665 3300 1796 ſur
3363 1665 3413 1796 le
3488 1665 3664 1796 pied
3740 1665 3954 1796 droit,
4016 1665 4280 1796 iceluy
4331 1665 4607 1796 poſant
4658 1665 4658 1796 à
4721 1665 4909 1796 terre
4972 1665 4985 1796 à
5060 1665 5098 1796 la

2949 1787 3172 1919 lettre
3254 1787 3289 1919 L,
3394 1787 3406 1919 &
3453 1787 3781 1919 trainant
3840 1787 4789 1919 proportionnellement
4835 1787 5105 1919 l’autre

2948 1914 3280 2045 juſqu’au
3366 1914 3587 2045 point
3710 1914 3747 2045 N,
3870 1914 3870 2045 &
3943 1914 3992 2045 en
4066 1914 4607 2045 parachevant
4681 1914 4730 2045 au
4853 1914 5098 2045 meſme

2950 2036 3231 2152 inſtant
3325 2036 3395 2152 de
3453 2036 3512 2152 ſe
3594 2036 3922 2152 courber
4003 2036 4542 2152 entierement
4612 2036 4659 2152 le
4729 2036 4940 2152 bras,
5092 2036 5104 2152 &

2949 2170 3281 2296 tourner
3327 2170 3373 2296 ſa
3430 2170 3774 2296 branche
3832 2170 4279 2296 exterieure
4359 2170 4405 2296 en
4485 2170 4772 2296 dedans
4863 2170 5116 2296 diago-

2944 2297 3367 2419 nalement,
3424 2297 3481 2419 de
3539 2297 3733 2419 ſorte
3802 2297 3927 2419 que
3973 2297 4019 2419 la
4065 2297 4259 2419 lame
4328 2297 4705 2419 contraire
4774 2297 4820 2419 en
4900 2297 5106 2419 vient

2949 2417 2961 2545 à
3023 2417 3466 2545 s’eſcouler,
3528 2417 3577 2545 en
3663 2417 4217 2545 deſgraduant,
4254 2417 4315 2545 au
4389 2417 4537 2545 fort
4598 2417 4672 2545 de
4709 2417 4758 2545 la
4820 2417 5115 2545 ſienne,

3011 2544 3011 2666 &
3058 2544 3118 2666 au
3201 2544 3475 2666 dehors
3547 2544 3606 2666 de
3654 2544 3689 2666 la
3749 2544 4118 2666 branche,
4154 2544 4452 2666 auquel
4487 2544 4773 2666 inſtant
4821 2544 4857 2666 il
4904 2544 5119 2666 tour-

2947 2664 3019 2796 ne
3067 2664 3127 2796 le
3187 2664 3379 2796 coſté
3451 2664 3727 2796 gauche
3799 2664 3835 2796 en
3931 2664 4220 2796 devant,
4268 2664 4316 2796 en
4388 2664 4748 2796 aſſituant
4796 2664 4832 2796 ſa
4892 2664 5108 2796 poin-

2948 2799 3008 2918 te
3056 2799 3116 2918 au
3188 2799 3429 2918 viſage
3513 2799 3574 2918 de
3634 2799 4067 2918 l’Ennemi,
4163 2799 4175 2918 &
4224 2799 4296 2918 l’y
4368 2799 4645 2918 tenant
4705 2799 4813 2918 par
4898 2799 5114 2918 cour-

2948 2920 3157 3043 toiſie
3218 2920 3538 3043 arreſtée
3611 2920 3882 3043 devant
3931 2920 4029 3043 les
4091 2920 4324 3043 yeux;
4373 2920 4680 3043 ſuivant
4717 2920 4766 3043 la
4815 2920 5110 3043 figure.
