5520 7640
349 396 841 519 ſentiment,
889 396 926 519 il
998 396 1298 519 allonge
1358 396 1406 519 le
1466 396 1635 519 bras
1695 396 2091 519 enſemble
2139 396 2320 519 avec
2380 396 2488 519 l’e-

351 520 512 644 ſpee
574 520 587 644 à
649 520 748 644 ſon
848 520 1097 644 coſté,
1184 520 1233 644 en
1320 520 1656 644 eſlevant
1718 520 1768 644 le
1842 520 2016 644 pied
2116 520 2414 644 gauche
2476 520 2489 644 à

350 646 534 775 fleur
620 646 682 775 de
756 646 1001 775 terre,
1124 646 1137 775 &
1186 646 1235 775 le
1309 646 1714 775 rabaiſſant
1800 646 2169 775 derechef
2243 646 2402 775 tout
2464 646 2476 775 à

347 775 673 900 l’inſtant
743 775 801 900 au
917 775 1173 900 meſme
1255 775 1616 900 endroit,
1686 775 1744 900 ou
1825 775 1977 900 bien
2070 775 2140 900 un
2210 775 2338 900 peu
2419 775 2466 900 en

361 900 673 1026 dehors,
733 900 781 1026 en
854 900 1238 1026 revenant
1310 900 1491 1026 droit
1539 900 1647 1026 ſur
1707 900 1960 1026 iceluy
2032 900 2044 1026 à
2116 900 2320 1026 l’aide
2404 900 2465 1026 du

349 1026 518 1144 pied
603 1026 833 1144 droit,
905 1026 1026 1144 qui
1087 1026 1208 1144 fait
1280 1026 1329 1144 en
1413 1026 1825 1144 s’eſlevant
1885 1026 1945 1144 un
2018 1026 2212 1144 petit
2272 1026 2490 1144 pouſ-

344 1154 646 1268 ſement
725 1154 993 1268 contre
1060 1154 1105 1268 la
1172 1154 1429 1268 terre;
1552 1154 1563 1268 &
1619 1154 1675 1268 au
1798 1154 2055 1268 meſme
2122 1154 2390 1268 temps
2435 1154 2491 1268 le

348 1278 515 1397 bras
574 1278 765 1397 droit
812 1278 860 1397 ſe
907 1278 1193 1397 tourne
1264 1278 1443 1397 avec
1502 1278 1550 1397 la
1633 1278 1860 1397 garde
1943 1278 2002 1397 de
2062 1278 2336 1397 l’eſpee
2419 1278 2466 1397 en

360 1402 671 1527 dehors,
719 1402 815 1527 ſon
947 1402 1270 1527 Nombre
1330 1402 1377 1527 7.
1425 1402 1485 1527 au
1605 1402 1928 1527 Nombre
2000 1402 2036 1527 4.
2107 1402 2167 1527 de
2215 1402 2490 1527 l’eſpee

356 1525 769 1625 contraire,
825 1525 1004 1625 avec
1049 1525 1094 1625 la
1149 1525 1496 1625 branche
1541 1525 1977 1625 interieure
2055 1525 2335 1625 dreſſée
2413 1525 2458 1625 en

349 1651 553 1771 haut,
626 1651 686 1771 de
734 1651 939 1771 ſorte
999 1651 1264 1771 qu’elle
1348 1651 1757 1771 empeſche
1817 1651 2215 1771 l’Ennemi
2299 1651 2359 1771 de
2419 1651 2503 1771 ti-

349 1780 457 1906 rer
529 1780 577 1906 en
686 1780 927 1906 droite
987 1780 1192 1906 ligne
1312 1780 1324 1906 &
1384 1780 1432 1906 en
1505 1780 1577 1906 un
1661 1780 1926 1906 temps
1962 1780 1974 1906 à
2022 1780 2131 1906 ſon
2215 1780 2492 1906 viſage.

385 1900 482 2021 Car
531 1900 628 2021 s’il
688 1900 688 2021 y
761 1900 1052 2021 vouloit
1124 1900 1403 2021 dreſſer
1463 1900 1500 2021 ſa
1560 1900 1875 2021 pointe,
1924 1900 1960 2021 il
2021 1900 2251 2021 ſeroit
2323 1900 2493 2021 con-

346 2028 577 2155 traint
635 2028 877 2155 d’aller
935 2028 1582 2155 circulairement
1639 2028 1686 2155 en
1755 2028 1951 2155 ligne
2021 2028 2344 2155 courbe,
2425 2028 2471 2155 en

347 2154 594 2280 forme
687 2154 863 2280 d’arc
922 2154 1286 2280 alentour
1380 2154 1438 2280 de
1485 2154 1720 2280 ladite
1767 2154 2166 2280 branche:
2260 2154 2306 2280 ce
2377 2154 2494 2280 qui

347 2279 707 2395 requiert
753 2279 916 2395 plus
974 2279 1043 2395 de
1102 2279 1380 2395 temps,
1427 2279 1554 2395 que
1624 2279 1682 2395 de
1740 2279 1984 2395 fraper
2031 2279 2495 2395 horizonta-

348 2404 646 2523 lement
706 2404 754 2523 en
825 2404 1028 2523 ligne
1100 2404 1362 2523 droite:
1457 2404 1469 2523 &
1517 2404 1624 2523 par
1696 2404 2197 2523 conſequent
2233 2404 2268 2523 il
2328 2404 2495 2523 don-

352 2526 439 2653 ne
501 2526 674 2653 auſſi
736 2526 897 2653 plus
984 2526 1046 2653 de
1108 2526 1294 2653 loiſir
1343 2526 1356 2653 à
1455 2526 1926 2653 Alexandre,
1988 2526 2186 2653 pour
2235 2526 2495 2653 juger,

403 2655 414 2778 &
472 2655 941 2778 rencontrer
1010 2655 1513 2778 exaement
1559 2655 1605 2778 la
1685 2655 2040 2778 diverſité
2131 2655 2177 2778 du
2268 2655 2497 2778 ſenti-

373 2781 589 2901 ment,
661 2781 793 2901 que
853 2781 1249 2901 l’Ennemi
1297 2781 1417 2901 luy
1513 2781 1789 2901 donne.
1897 2781 2185 2901 Lequel
2257 2781 2497 2901 eſtant

356 2903 401 3030 en
479 2903 771 3030 termes
838 2903 905 3030 de
961 2903 1018 3030 ce
1085 2903 1421 3030 dixieme
1522 2903 1791 3030 Cercle,
1859 2903 2487 3030 ordinairement

334 3028 368 3153 il
413 3028 810 3153 attentera
856 3028 1060 3153 l’une
1128 3028 1184 3153 ou
1241 3028 1513 3153 l’autre
1581 3028 1695 3153 des
1751 3028 1944 3153 deux
2001 3028 2500 3153 operations,

362 3150 411 3278 du
533 3150 765 3278 Cercle
838 3150 936 3278 11.
1009 3150 1070 3278 ou
1155 3150 1253 3278 13.
1326 3150 1485 3278 c’eſt
1534 3150 1851 3278 aſſavoir
1937 3150 2095 3278 qu’il
2156 3150 2486 3278 taſchera

362 3276 424 3396 de
497 3276 743 3396 fraper
804 3276 854 3396 ſa
927 3276 1161 3396 partie
1234 3276 1296 3396 au
1394 3276 1628 3396 viſage
1714 3276 1763 3396 en
1886 3276 2340 3396 deſtachant
2402 3276 2500 3396 les

360 3390 647 3525 eſpees;
707 3390 767 3525 ou
874 3390 1030 3525 qu’il
1077 3390 1484 3525 accroiſtra
1544 3390 1591 3525 le
1651 3390 2082 3525 ſentiment
2129 3390 2321 3525 pour
2368 3390 2500 3525 l’aſ-

347 3526 653 3649 ſujettir
712 3526 712 3649 à
783 3526 830 3649 ſa
900 3526 1265 3649 fantaſie,
1312 3526 1535 3649 avant
1594 3526 1724 3649 que
1818 3526 1877 3649 de
1947 3526 2077 3649 rien
2147 3526 2500 3649 attenter

348 3656 515 3772 plus
598 3656 848 3772 outre.
967 3656 1407 3772 deſquelles
1466 3656 1954 3772 operations,
2085 3656 2097 3772 &
2168 3656 2228 3772 de
2299 3656 2501 3772 leurs

358 3780 843 3877 contraires,
936 3780 982 3877 en
1051 3780 1190 3877 ſera
1283 3780 1525 3877 donné
1595 3780 1976 3877 ſuffiſante
2022 3780 2485 3877 inſtruion

358 3905 404 3992 és
474 3905 1156 3992 demonſtrations
1203 3905 1631 3992 ſuivantes.
1746 3905 2198 3992 Toutesfois
2244 3905 2279 3992 il
2325 3905 2499 3992 n’eſt

367 4029 491 4144 que
547 4029 671 4144 bon
761 4029 885 4144 d’en
975 4029 1267 4144 donner
1334 4029 1784 4144 cependant
1852 4029 1908 4144 ce
1987 4029 2167 4144 petit
2234 4029 2504 4144 adver-

345 4139 788 4261 tiſſemont,
834 4139 947 4261 afin
1049 4139 1186 4261 que
1243 4139 1515 4261 toutes
1561 4139 1663 4261 les
1731 4139 1913 4261 fois,
2004 4139 2151 4261 qu’il
2219 4139 2265 4261 ſe
2344 4139 2503 4261 pre-

346 4260 635 4384 ſentera
692 4260 866 4384 telle
923 4260 981 4384 ou
1050 4260 1489 4384 ſemblable
1558 4260 1951 4384 occaſion,
1997 4260 2031 4384 il
2112 4260 2285 4384 vous
2343 4260 2505 4384 ſou-

358 4384 566 4526 viene
635 4384 693 4526 de
762 4384 947 4526 vous
993 4384 1189 4526 tenir
1235 4384 1443 4526 preſt
1489 4384 1501 4526 à
1559 4384 1663 4526 les
1732 4384 2240 4526 rencontrer,
2321 4384 2367 4526 en
2448 4384 2483 4526 la

375 4512 688 4634 maniere
753 4512 883 4634 que
947 4512 1131 4634 vous
1196 4512 1639 4634 entendrez
1693 4512 1866 4634 tout
1909 4512 1920 4634 à
1963 4512 2298 4634 l’heure.

514 4616 684 4755 Pour
763 4616 944 4755 vous
1046 4616 1306 4755 mettre
1385 4616 1430 4755 en
1532 4616 1713 4755 veuë
1781 4616 1883 4755 les
1962 4616 2222 4755 eſpees
2312 4616 2493 4755 croi-

351 4755 515 4884 ſées,
553 4755 591 4884 la
654 4755 1170 4884 proſpeive
1233 4755 1283 4884 du
1371 4755 1585 4884 corps
1661 4755 2177 4884 d’Alexandre
2240 4755 2328 4884 eſt
2378 4755 2492 4884 icy

348 4880 861 5011 repreſentée
932 4880 1123 5011 avec
1195 4880 1242 5011 le
1314 4880 1493 5011 pied
1636 4880 1636 5011 &
1707 4880 1755 5011 la
1850 4880 2005 5011 main
2112 4880 2351 5011 droite
2411 4880 2482 5011 un

348 5005 468 5137 peu
540 5005 924 5137 avancez,
960 5005 1116 5137 plus
1188 5005 1379 5137 qu’ils
1427 5005 1511 5137 ne
1583 5005 2051 5137 devroyent,
2147 5005 2147 5137 &
2195 5005 2243 5137 la
2290 5005 2506 5137 poin-

361 5130 417 5260 te
472 5130 808 5260 tournée
886 5130 931 5260 en
1009 5130 1345 5260 arriere;
1423 5130 1535 5260 qui
1602 5130 1680 5260 eſt
1759 5130 2060 5260 comme
2128 5130 2262 5260 une
2329 5130 2497 5260 pre-

349 5259 689 5386 paration
786 5259 968 5386 pour
1052 5259 1343 5386 donner
1416 5259 1465 5386 le
1538 5259 1707 5386 coup
1792 5259 1841 5386 du
1950 5259 2192 5386 Cercle
2314 5259 2350 5386 N.
2398 5259 2495 5386 13.

406 5382 544 5528 Que
607 5382 695 5528 s’il
758 5382 1136 5528 advenoit
1211 5382 1740 5528 cependant,
1828 5382 1954 5528 que
2042 5382 2281 5528 voſtre
2356 5382 2507 5528 par-

349 5506 444 5630 tie
515 5506 835 5630 adverſe
907 5506 954 5630 ſe
1037 5506 1524 5630 contentaſt,
1583 5506 1642 5630 de
1713 5506 1998 5630 retenir
2069 5506 2164 5630 les
2247 5506 2509 5630 eſpees

357 5630 531 5758 ainſi
613 5630 1102 5758 accouplées
1183 5630 1358 5758 avec
1428 5630 1498 5758 un
1579 5630 2021 5758 ſentiment
2091 5630 2499 5758 temperé,

352 5755 511 5883 ſans
560 5755 903 5883 pouſſer,
952 5755 1038 5883 ne
1087 5755 1233 5883 ſans
1295 5755 1491 5883 oſter
1540 5755 1576 5883 ſa
1625 5755 1821 5883 lame
1895 5755 1944 5883 de
1993 5755 2029 5883 la
2103 5755 2385 5883 voſtre,
2446 5755 2507 5883 de

344 5882 545 6008 ſorte
612 5882 746 6008 que
802 5882 980 6008 vous
1036 5882 1103 6008 ne
1159 5882 1527 6008 pourriez
1583 5882 1795 6008 venir
1839 5882 1973 6008 aux
2040 5882 2498 6008 operations

348 6004 787 6131 ſuivantes;
833 6004 1030 6131 alors
1064 6004 1099 6131 il
1145 6004 1503 6131 faudroit
1550 6004 1988 6131 reprendre
2035 6004 2347 6131 l’entree
2427 6004 2474 6131 du

349 6131 532 6256 pied
606 6131 825 6256 droit,
874 6131 1179 6256 ſuivant
1240 6131 1288 6256 le
1398 6131 1776 6256 Diametre
1849 6131 2496 6256 perpendiculai-

348 6254 444 6383 re,
504 6254 552 6383 en
624 6254 1020 6383 avançant
1068 6254 1128 6383 le
1200 6254 1524 6383 gauche,
1620 6254 1620 6383 &
1692 6254 1812 6383 luy
1872 6254 2316 6383 preſentant
2400 6254 2496 6383 de-

349 6381 614 6510 rechef
674 6381 722 6510 la
770 6381 1047 6510 pointe
1120 6381 1384 6510 devant
1457 6381 1505 6510 le
1589 6381 1818 6510 viſage
1890 6381 1938 6510 en
2011 6381 2215 6510 ligne
2300 6381 2505 6510 cour-

352 6511 486 6612 be,
560 6511 719 6612 tout
804 6511 865 6612 de
963 6511 1220 6612 meſme
1281 6511 1391 6612 les
1489 6511 1783 6612 Cercles
1905 6511 1942 6612 N.
2003 6511 2039 6612 8.
2150 6511 2150 6612 &
2235 6511 2272 6612 9.

3386 395 3699 556 Cercle
3923 395 4192 556 NN.
4080 395 4192 556 11.

2675 603 2927 734 Zacharie
2962 603 3031 734 luy
3076 603 3248 734 tirant
3283 603 3375 734 une
3409 603 3638 734 eſtocade
3695 603 4028 734 horirontale
4097 603 4269 734 devers
4315 603 4337 734 le
4395 603 4670 734 viſage,
4739 603 4773 734 en

2763 730 2892 859 ſuite
2951 730 2975 859 du
3057 730 3210 859 Cercle
3304 730 3340 859 N.
3387 730 3504 859 10;
3598 730 3892 859 Alexandre
3928 730 3963 859 la
4022 730 4257 859 pourſuit
4328 730 4445 859 avec
4504 730 4563 859 les
4622 730 4786 859 eſpees

2776 858 3098 988 accouplées,
3145 858 3181 988 en
3229 858 3348 988 ſorte
3407 858 3526 988 qu’il
3562 858 3729 988 prend
3753 858 3824 988 luy
3896 858 4050 988 meſme
4098 858 4134 988 la
4193 858 4336 988 droite
4384 858 4539 988 ligne,
4658 858 4658 988 &
4706 858 4777 988 luy

2782 984 2859 1110 met
2903 984 2936 1110 la
2980 984 3145 1110 pointe
3189 984 3222 1110 en
3267 984 3542 1110 courtoiſie
3597 984 3784 1110 devant
3829 984 3862 1110 le
3906 984 4181 1110 viſage.

3094 1124 3247 1251 ’Eſt
3297 1124 3335 1251 la
3399 1124 3805 1251 pourſuite
3894 1124 3957 1251 de
4021 1124 4059 1251 la
4148 1124 4769 1251 demonſtration

3104 1255 3647 1376 precedente.
3751 1255 3751 1376 Z
3809 1255 4190 1376 ACHARIE
4271 1255 4398 1376 tire
4444 1255 4513 1376 un
4594 1255 4779 1376 coup

3134 1376 3193 1504 de
3252 1376 3512 1504 pointe
3571 1376 4044 1504 horizontal
4091 1376 4245 1504 vers
4292 1376 4339 1504 le
4410 1376 4647 1504 viſage
4718 1376 4777 1504 de

3109 1501 3159 1628 ſa
3209 1501 3481 1628 partie,
3543 1501 3580 1628 en
3667 1501 3903 1628 oſtant
3952 1501 3989 1628 ſa
4051 1501 4237 1628 lame
4311 1501 4373 1628 de
4448 1501 4683 1628 deſſus
4733 1501 4770 1628 la

2657 1627 3100 1755 contraire,
3216 1627 3228 1755 &
3298 1627 3670 1755 tournant
3740 1627 3787 1755 le
3868 1627 4054 1755 coſté
4147 1627 4322 1755 droit
4415 1627 4462 1755 du
4566 1627 4776 1755 corps

2648 1752 2717 1883 un
2785 1752 2900 1883 peu
2980 1752 3026 1883 en
3129 1752 3439 1883 dehors.
3565 1752 4104 1883 ALEXANDRE
4173 1752 4780 1883 s’appercevant

2654 1879 2769 2009 par
2804 1879 2862 2009 le
2908 1879 3336 2009 ſentiment
3405 1879 3474 2009 de
3532 1879 3601 2009 ce
3682 1879 4214 2009 mouvement,
4295 1879 4410 2009 que
4480 1879 4780 2009 l’Enne-

2682 2003 2741 2127 mi
2800 2003 3272 2127 commence
3319 2003 3319 2127 à
3378 2003 3590 2127 faire,
3637 2003 3826 2127 pour
3897 2003 4286 2127 deſtacher
4357 2003 4404 2127 ſa
4463 2003 4699 2127 lame,
4758 2003 4793 2127 il

2647 2127 2997 2255 n’attend
3059 2127 3172 2255 pas
3222 2127 3247 2255 ſi
3296 2127 3471 2255 long
3521 2127 3809 2255 temps,
3871 2127 4033 2255 qu’il
4071 2127 4108 2255 la
4158 2127 4396 2255 puiſſe
4446 2127 4646 2255 lever
4708 2127 4770 2255 ou

2656 2253 2877 2375 oſter,
2946 2253 3097 2375 mais
3144 2253 3306 2375 ſans
3341 2253 3933 2375 l’abandonner
3991 2253 4026 2375 il
4084 2253 4119 2375 la
4200 2253 4548 2375 pourſuit
4630 2253 4792 2375 con-

2651 2373 3267 2502 tinuellement,
3385 2373 3397 2502 &
3480 2373 3776 2502 comme
3847 2373 3965 2502 elle
4013 2373 4096 2502 ne
4167 2373 4344 2502 peut
4404 2373 4640 2502 laiſſer
4723 2373 4783 2502 de

2656 2500 2856 2632 venir
2914 2500 3279 2632 alentour
3349 2500 3408 2632 de
3467 2500 3502 2632 ſa
3572 2500 3819 2632 garde,
3866 2500 4054 2632 pour
4113 2500 4407 2632 donner
4442 2500 4794 2632 l’eſtoca-

2674 2625 2724 2759 de
2786 2625 2836 2759 au
2911 2625 3186 2759 viſage;
3236 2625 3236 2759 à
3286 2625 3623 2759 l’inſtant
3686 2625 3948 2759 qu’elle
4011 2625 4023 2759 y
4073 2625 4348 2759 arrive,
4386 2625 4423 2759 il
4486 2625 4598 2759 luy
4660 2625 4785 2759 fer-

2682 2751 2754 2883 me
2814 2751 2850 2883 la
2922 2751 3150 2883 droite
3198 2751 3426 2883 ligne,
3474 2751 3522 2883 en
3594 2751 4075 2883 accueillant
4111 2751 4159 2883 le
4219 2751 4447 2883 foible
4519 2751 4567 2883 du
4639 2751 4783 2883 fort

2669 2879 2727 3008 de
2773 2879 2819 3008 la
2889 2879 3212 3008 ſienne,
3328 2879 3339 3008 &
3385 2879 3501 3008 luy
3593 2879 3905 3008 mettant
3974 2879 4020 3008 ſa
4078 2879 4355 3008 pointe
4436 2879 4482 3008 en
4586 2879 4794 3008 cour-

2646 3002 2858 3129 toiſie
2940 3002 3210 3129 devant
3257 3002 3362 3129 les
3421 3002 3644 3129 yeux,
3762 3002 3762 3129 &
3820 3002 4184 3129 abaiſſant
4243 3002 4290 3129 au
4396 3002 4654 3129 meſme
4689 3002 4795 3129 in-

2645 3123 2834 3266 ſtant
2884 3123 2935 3266 le
2998 3123 3161 3266 pied
3212 3123 3224 3266 à
3275 3123 3476 3266 terre
3526 3123 3526 3266 à
3602 3123 3790 3266 coſté
3866 3123 3916 3266 de
3967 3123 4269 3266 l’autre,
4331 3123 4331 3266 à
4407 3123 4445 3266 la
4545 3123 4797 3266 diſtan-

2660 3259 2720 3383 ce
2781 3259 2913 3383 d’un
2986 3259 3106 3383 pas
3154 3259 3468 3383 arreſté.

3377 3403 3685 3554 Cercle
3905 3403 4213 3554 N.12.

3158 3596 3307 3737 Oicy
3381 3596 3418 3737 la
3493 3596 3716 3737 finale
3803 3596 4213 3737 execution
4312 3596 4387 3737 de
4449 3596 4796 3737 l’eſtoca-

3136 3735 3198 3859 de
3248 3735 3781 3859 precedente;
3830 3735 4178 3859 laquelle
4227 3735 4264 3859 il
4302 3735 4686 3859 pourſuit,
4736 3735 4785 3859 en

3121 3859 3461 3980 eſlevant
3519 3859 4140 3980 ſoudainement
4199 3859 4257 3980 le
4316 3859 4491 3980 pied
4573 3859 4796 3980 droit,

3170 3986 3181 4107 &
3249 3986 3704 4107 cheminant
3750 3986 3931 4107 avec
3977 3986 4034 4107 le
4102 3986 4318 4107 corps
4375 3986 4681 4107 avancé,
4784 3986 4795 4107 &

2653 4104 2835 4222 avec
2871 4104 2932 4222 le
2980 4104 3150 4222 bras
3259 4104 3259 4222 &
3332 4104 3598 4222 l’eſpee
3683 4104 4083 4222 eſtendus,
4119 4104 4410 4222 juſqu’à
4458 4104 4507 4222 la
4567 4104 4785 4222 lettre

2667 4228 2716 4349 S;
2765 4228 3242 4349 continuant
3279 4228 3291 4349 à
3340 4228 3524 4349 faire
3573 4228 3609 4349 la
3683 4228 3952 4349 charge
4001 4228 4111 4349 ſur
4148 4228 4197 4349 le
4270 4228 4490 4349 genou
4588 4228 4637 4349 de
4711 4228 4772 4349 de

2662 4350 2854 4482 vant,
2950 4350 2950 4482 &
2998 4350 3274 4482 percer
3310 4350 3358 4482 la
3418 4350 3598 4482 teſte
3646 4350 3658 4482 à
3706 4350 3802 4482 ſon
3910 4350 4342 4482 Contraire,
4414 4350 4522 4482 qui
4582 4350 4642 4482 en
4714 4350 4762 4482 eſ

2664 4475 3060 4580 contraint
3144 4475 3204 4580 de
3288 4475 3611 4580 courber
3671 4475 3731 4580 le
3791 4475 4007 4580 bras,
4139 4475 4139 4580 &
4199 4475 4451 4580 laiſſer
4523 4475 4690 4580 aller
4750 4475 4786 4580 ſa

2652 4597 2976 4726 poine
3036 4597 3084 4726 en
3168 4597 3348 4726 haut
3420 4597 3480 4726 au
3564 4597 3660 4726 gré
3744 4597 3804 4726 de
3864 4597 4128 4726 l’eſpee
4212 4597 4644 4726 contraire.

2817 4723 3004 4851 Ceux
3075 4723 3192 4851 qui
3251 4723 3508 4851 ſeront
3555 4723 3626 4851 un
3696 4723 3813 4851 peu
3895 4723 4141 4851 verſez
4223 4723 4270 4851 en
4352 4723 4797 4851 l’exercice,

2660 4850 3042 4965 pourront
3121 4850 3402 4965 donner
3514 4850 3514 4965 &
3582 4850 3952 4965 executer
4020 4850 4200 4965 ceſte
4290 4850 4649 4965 eſtocade
4728 4850 4773 4965 en

2653 4969 2722 5107 un
2813 4969 2961 5107 ſeul
3030 4969 3337 5107 temps;
3451 4969 3599 5107 mais
3656 4969 3690 5107 il
3770 4969 3930 5107 vaut
4021 4969 4260 5107 mieux
4340 4969 4397 5107 de
4465 4969 4500 5107 la
4579 4969 4796 5107 prati-

2671 5102 2872 5228 quer,
2917 5102 3219 5228 comme
3264 5102 3465 5228 nous
3510 5102 3801 5228 l’avons
3845 5102 4393 5228 repreſentée,
4438 5102 4483 5228 en
4572 5102 4796 5228 deux,

2649 5226 2844 5349 pour
2913 5226 3200 5349 donner
3246 5226 3706 5349 inſtruion
3775 5226 3901 5349 aux
4016 5226 4360 5349 Novices;
4395 5226 4785 5349 auxquels

2654 5354 2701 5474 je
2784 5354 3140 5474 conſeille
3258 5354 3270 5474 &
3341 5354 3851 5474 conſeilleray
3898 5354 4301 5474 touſiours
4384 5354 4455 5474 de
4538 5354 4799 5474 mettre

2657 5475 2982 5598 pluſtoſt
3032 5475 3257 5598 peine
3307 5475 3307 5598 à
3369 5475 3544 5598 faire
3594 5475 3794 5598 bien,
3857 5475 3982 5598 quà
4044 5475 4219 5598 faire
4269 5475 4731 5598 beaucoup.

3338 5639 3664 5798 Cercle
4012 5639 4208 5798 .13.

2693 5840 2948 5970 Zacharie
2994 5840 3202 5970 voulant
3248 5840 3526 5970 aſſujettir
3561 5840 3758 5970 l’eſpee
3804 5840 4070 5970 contraire
4128 5840 4452 5970 davantage,
4487 5840 4521 5970 en
4568 5840 4706 5970 ſuite
4764 5840 4787 5970 du

2804 5968 2956 6099 Cercle
3049 5968 3084 6099 N.
3131 5968 3224 6099 10;
3317 5968 3609 6099 Alexandre
3644 5968 3714 6099 luy
3761 5968 3807 6099 va
3877 5968 4041 6099 paſſer
4087 5968 4087 6099 à
4134 5968 4251 6099 coſté
4309 5968 4414 6099 avec
4461 5968 4507 6099 un
4554 5968 4636 6099 pas
4694 5968 4799 6099 dou-

2776 6091 2864 6223 ble,
2908 6091 2952 6223 en
3018 6091 3271 6223 delivrant
3326 6091 3359 6223 ſa
3403 6091 3556 6223 lame,
3644 6091 3655 6223 &
3699 6091 3765 6223 luy
3820 6091 3853 6223 en
3919 6091 4128 6223 donnant
4172 6091 4216 6223 un
4282 6091 4402 6223 coup
4479 6091 4798 6223 d’eſtrama-

2793 6222 2853 6336 çon
2912 6222 2912 6336 à
2960 6222 2996 6336 la
3043 6222 3270 6336 teſte.

3160 6364 3288 6492 Eſte
3357 6364 3741 6492 operation
3811 6364 4183 6492 provient
4253 6364 4311 6492 de
4358 6364 4404 6492 la
4474 6364 4800 6492 demon-

3132 6491 3436 6618 ſtration
3525 6491 3575 6618 du
3677 6491 3918 6618 Cercle
4019 6491 4070 6618 N.
4120 6491 4209 6618 10.
4260 6491 4323 6618 où
4386 6491 4653 6618 l’eſpee
4729 6491 4792 6618 de

3172 6612 3244 6714 ZA
3315 6612 3636 6714 CHARIE
3695 6612 3743 6714 ſe
3802 6612 3945 6714 voit
4016 6612 4254 6714 deſſus
4289 6612 4586 6714 l’autre:
4634 6612 4800 6714 tou-

3128 6731 3410 6870 tesfois
3461 6731 3640 6870 pour
3704 6731 4139 6870 l’aſſujettir
4190 6731 4190 6870 à
4241 6731 4292 6870 ſa
4356 6731 4676 6870 fantaſie
4791 6731 4791 6870 &

2654 6863 2828 6994 avec
2902 6863 3064 6994 plus
3151 6863 3636 6994 d’avantage,
3710 6863 3748 6994 il
3810 6863 4133 6994 accroiſt
4195 6863 4245 6994 le
4320 6863 4792 6994 ſentiment.

4723 6997 4790 7080 Ce
