5520 7640
1574 3294 2017 3512 Lappert
2093 3294 2247 3512 par
2343 3294 2478 3512 ces
2555 3294 3112 3512 exemples,
3209 3294 3420 3512 qu’il
3497 3294 3709 3512 faut
3785 3294 4689 3512 neceſſairement
4785 3294 5054 3512 venir

1491 3500 1491 3652 à
1546 3500 1850 3652 l’eſpee,
1891 3500 2236 3652 premier
2319 3500 2457 3652 que
2540 3500 2955 3652 d’attenter
3010 3500 3120 3652 ſur
3162 3500 3203 3652 la
3272 3500 3714 3652 perſonne,
3783 3500 3894 3652 qui
3949 3500 3991 3652 ſe
4060 3500 4253 3652 tient
4322 3500 4364 3652 en
4474 3500 4654 3652 ceſte
4723 3500 5054 3652 poſture

1521 3642 1564 3788 de
1621 3642 1664 3788 la
1778 3642 2020 3788 Droite
2062 3642 2305 3788 ligne.
2419 3642 2533 3788 Car
2575 3642 2618 3788 la
2718 3642 2988 3788 meſure
3031 3642 3245 3788 large
3316 3642 3373 3788 de
3416 3642 3458 3788 la
3572 3642 3943 3788 Premiere
4014 3642 4427 3788 Inſtance,
4470 3642 4598 3788 luy
4669 3642 4755 3788 eſt
4812 3642 5040 3788 avan-

1487 3781 1802 3929 tageuſe
1919 3781 1919 3929 &
1972 3781 2260 3929 propre
2313 3781 2509 3929 pour
2562 3781 2653 3929 les
2719 3781 3099 3929 defenſes,
3138 3781 3426 3929 autant
3492 3781 3767 3929 qu’elle
3820 3781 3911 3929 eſt
3964 3781 4029 3929 au
4121 3781 4514 3929 contraire
4553 3781 5051 3929 incommo-

1520 3921 1577 4069 de
1676 3921 1676 4069 &
1761 3921 2241 4069 dangereuſe
2298 3921 2496 4069 pour
2552 3921 2779 4069 celuy
2849 3921 2962 4069 qui
3005 3921 3047 4069 la
3118 3921 3287 4069 veut
3344 3921 3683 4069 aſſaillir.
3796 3921 3867 4069 Et
3938 3921 3994 4069 de
4051 3921 4178 4069 fait
4249 3921 4291 4069 ſi
4348 3921 4531 4069 vous
4602 3921 4786 4069 avez
4856 3921 5054 4069 prins

1479 4060 1760 4194 bonne
1833 4060 2040 4194 garde
2101 4060 2235 4194 aux
2308 4060 3015 4194 demonſtrations
3088 4060 3149 4194 de
3197 4060 3246 4194 la
3356 4060 3563 4194 Table
3648 4060 3685 4194 V.
3734 4060 4282 4194 precedente,
4355 4060 4623 4194 toutes
4684 4060 4781 4194 les
4867 4060 5049 4194 eſto-

619 4189 836 4331 cades
917 4189 971 4331 de
1080 4189 1460 4331 Zacharie,
1541 4189 1690 4331 qu’il
1758 4189 1771 4331 y
1839 4189 1921 4331 eſt
1988 4189 2449 4331 repreſenté
2531 4189 2802 4331 d’avoir
2856 4189 3087 4331 tirées
3155 4189 3209 4331 de
3263 4189 3304 4331 la
3399 4189 3765 4331 Premiere
3833 4189 4239 4331 Inſtance,
4280 4189 4443 4331 elles
4497 4189 4633 4331 ont
4687 4189 4822 4331 eſté
4890 4189 5053 4331 ren-

615 4326 986 4476 contrées
1039 4326 1145 4476 par
1238 4326 1675 4476 Alexandre
1728 4326 1742 4476 à
1781 4326 1834 4476 la
1901 4326 2298 4476 Seconde.
2391 4326 2484 4476 Car
2550 4326 2868 4476 encores
2948 4326 3107 4476 qu’il
3160 4326 3292 4476 ſoit
3372 4326 3743 4476 demeuré
3796 4326 4326 4476 aucunesfois
4379 4326 4538 4476 ſans
4591 4326 4896 4476 bouger
4976 4326 5042 4476 de

602 4467 655 4616 ſa
708 4467 958 4616 place,
1024 4467 1459 4616 toutesfois
1512 4467 1604 4616 les
1670 4467 2079 4616 atteintes,
2171 4467 2316 4616 qu’il
2382 4467 2395 4616 a
2487 4467 2869 4616 données,
2922 4467 3146 4616 n’ont
3225 4467 3370 4616 eſté
3449 4467 4069 4616 commencées,
4135 4467 4332 4616 ſinon
4412 4467 4412 4616 à
4477 4467 4846 4616 l’inſtant
4912 4467 5044 4616 que

608 4606 1043 4746 l’Ennemi
1085 4606 1239 4746 s’eſt
1281 4606 1576 4746 avancé
1618 4606 1913 4746 juſqu’à
1983 4606 2179 4746 ceſte
2250 4606 3050 4746 SecondeInſtance.
3148 4606 3246 4746 Car
3302 4606 3330 4746 ſi
3386 4606 3611 4746 celuy
3681 4606 3793 4746 qui
3849 4606 3934 4746 eſt
3990 4606 4158 4746 hors
4228 4606 4284 4746 de
4383 4606 4677 4746 meſure,
4734 4606 4818 4746 eſt
4874 4606 5056 4746 auſſi

616 4744 787 4890 hors
887 4744 944 4890 de
1030 4744 1344 4890 danger,
1387 4744 1572 4890 auſſi
1643 4744 1758 4890 qui
1829 4744 1915 4890 eſt
1986 4744 2043 4890 en
2172 4744 2443 4890 meſure
2514 4744 2742 4890 large,
2800 4744 2885 4890 eſt
2957 4744 3128 4890 hors
3228 4744 3271 4890 du
3385 4744 3670 4890 danger
3756 4744 3856 4890 des
3927 4744 4098 4890 plus
4155 4744 4384 4890 petits
4484 4744 4498 4890 &
4541 4744 4712 4890 plus
4769 4744 5055 4890 ſubtils

651 4885 1256 5029 mouvements.
1407 4885 1737 5029 S’enſuit
1806 4885 2026 5029 donc,
2109 4885 2370 5029 quand
2411 4885 2838 5029 l’Ennemi
2879 4885 2934 5029 ſe
2989 4885 3182 5029 tient
3251 4885 3292 5029 en
3361 4885 3402 5029 la
3512 4885 3760 5029 Droite
3801 4885 4048 5029 ligne,
4131 4885 4296 5029 qu’il
4351 4885 4406 5029 le
4461 4885 4626 5029 faut
4695 4885 5053 5029 aborder

622 5021 785 5171 plus
840 5021 1030 5171 pres,
1084 5021 1275 5171 pour
1316 5021 1370 5171 le
1452 5021 1710 5171 mettre
1791 5021 1846 5171 en
1941 5021 2267 5171 danger;
2363 5021 2526 5171 mais
2567 5021 2743 5171 avec
2798 5021 3287 5171 aſſeurance,
3382 5021 3491 5171 Bon
3573 5021 3777 5171 pied,
3831 5021 3967 5171 bon
4103 5021 4198 5171 œil.
4321 5021 4375 5171 Et
4443 5021 4729 5171 croyez
4783 5021 5041 5171 hardi-

659 5162 872 5309 ment,
952 5162 1073 5309 que
1139 5162 1233 5309 ny
1286 5162 1340 5309 la
1420 5162 1700 5309 viſteſſe
1780 5162 1834 5309 du
1927 5162 2167 5309 corps,
2221 5162 2314 5309 ny
2354 5162 2394 5309 la
2461 5162 3062 5309 promptitude
3129 5162 3182 5309 du
3262 5162 3449 5309 bras,
3503 5162 3583 5309 ne
3636 5162 3810 5309 ſont
3863 5162 3997 5309 rien
4077 5162 4144 5309 au
4237 5162 4384 5309 prix
4477 5162 4704 5309 d’une
4771 5162 5038 5309 bonne

610 5302 1058 5448 approche.
1154 5302 1330 5448 Dont
1384 5302 1615 5448 toute
1656 5302 1710 5448 la
1792 5302 2145 5448 Pratique
2226 5302 2281 5448 de
2348 5302 2606 5448 ceſtuy
2661 5302 2932 5448 noſtre
3000 5302 3353 5448 Exercice
3408 5302 3543 5448 ſera
3611 5302 3801 5448 telle,
3856 5302 4059 5448 qu’on
4127 5302 4209 5448 ira
4277 5302 4684 5448 touſiours
4738 5302 5037 5448 ſerrant

615 5441 1094 5592 l’Ennemy,
1122 5441 1409 5592 juſqu’à
1478 5441 1683 5592 venir
1724 5441 1738 5592 à
1779 5441 1820 5592 la
1916 5441 2218 5592 meſure,
2272 5441 2382 5592 qui
2437 5441 2560 5592 ſoit
2628 5441 3135 5592 convenable
3231 5441 3245 5592 &
3286 5441 3478 5592 juſte
3532 5441 3669 5592 aux
3724 5441 4231 5592 executions,
4299 5441 4409 5592 qui
4450 5441 4505 5592 ſe
4560 5441 5039 5592 preſentent

614 5581 627 5729 à
679 5581 889 5729 faire;
941 5581 967 5729 ſi
1032 5581 1085 5729 ce
1137 5581 1320 5729 n’eſt
1386 5581 1516 5729 que
1569 5581 1686 5729 luy
1778 5581 2039 5729 meſme
2105 5581 2301 5729 nous
2353 5581 2628 5729 vienne
2680 5581 2746 5729 au
2837 5581 3138 5729 devant,
3190 5581 3387 5729 pour
3439 5581 3635 5729 nous
3687 5581 3975 5729 relever
4067 5581 4119 5729 de
4171 5581 4211 5729 la
4289 5581 4564 5729 peine.
4708 5581 4891 5729 Voilà
4982 5581 5035 5729 ce

647 5720 768 5872 que
822 5720 1023 5872 nous
1077 5720 1306 5872 avons
1360 5720 1575 5872 voulu
1642 5720 2154 5872 repreſenter
2208 5720 2261 5872 en
2342 5720 2652 5872 general
2705 5720 2759 5872 en
2840 5720 2894 5872 ce
2988 5720 3298 5872 Tableau
3405 5720 3486 5872 VI.
3594 5720 3701 5872 Les
3755 5720 4320 5872 obſervations
4374 5720 4536 5872 plus
4576 5720 5047 5872 particulie-

623 5859 756 6002 res,
850 5859 850 6002 &
903 5859 1436 6002 l’aſſeurance,
1489 5859 1915 6002 comment
1969 5859 1995 6002 il
2062 5859 2062 6002 y
2129 5859 2289 6002 faut
2342 5859 2768 6002 proceder,
2795 5859 3061 6002 ſeront
3141 5859 3514 6002 declarées
3581 5859 3648 6002 cy
3701 5859 3927 6002 apres,
3981 5859 4380 6002 chaſcune
4447 5859 4487 6002 en
4567 5859 4673 6002 ſon
4740 5859 4927 6002 lieu.

674 437 734 566 Ce
818 437 1503 566 qu’ALEXANDRE
1551 437 2092 566 appercevant
2140 437 2260 566 par
2296 437 2777 566 l’attouche-

665 563 882 689 ment,
930 563 966 689 il
1014 563 1291 689 avance
1351 563 1400 689 au
1496 563 1749 689 meſme
1809 563 2062 689 temps
2110 563 2158 689 le
2207 563 2423 689 pied,
2496 563 2604 689 qui
2688 563 2761 689 eſt

640 690 908 809 eſlevé,
1001 690 1047 809 en
1140 690 1512 809 tournant
1593 690 1640 809 le
1721 690 1907 809 coſté
1977 690 2163 809 droit
2244 690 2291 809 du
2395 690 2605 809 corps
2686 690 2733 809 en

627 816 887 940 avant,
958 816 1348 940 enſemble
1407 816 1584 940 avec
1655 816 1702 940 le
1773 816 1927 940 bras
2045 816 2045 940 &
2104 816 2152 940 la
2235 816 2447 940 garde
2518 816 2577 940 de
2648 816 2755 940 l’e-

628 936 833 1064 ſpee,
872 936 897 1064 ſi
948 936 1089 1064 bien
1179 936 1435 1064 qu’elle
1486 936 1537 1064 ſe
1601 936 1921 1064 deſgage
1985 936 2049 1064 de
2100 936 2369 1064 l’eſpee
2433 936 2753 1064 contrai-

634 1068 726 1186 re,
796 1068 842 1186 en
934 1068 1188 1186 faiſant
1258 1068 1327 1186 de
1373 1068 1408 1186 ſa
1466 1068 1789 1186 poine
1858 1068 1916 1186 un
2009 1068 2274 1186 circuit
2344 1068 2390 1186 en
2482 1068 2748 1186 arriere

683 1188 695 1308 &
743 1188 1103 1308 alentour
1163 1188 1223 1308 de
1271 1188 1319 1308 la
1379 1188 1691 1308 poine
1775 1188 2039 1308 d’icelle
2111 1188 2171 1308 de
2231 1188 2351 1308 bas
2423 1188 2471 1308 en
2543 1188 2747 1308 haut;

690 1310 690 1431 &
746 1310 791 1431 en
881 1310 1354 1431 continuant
1410 1310 2052 1431 l’advancement
2142 1310 2187 1431 du
2277 1310 2491 1431 corps
2603 1310 2615 1431 &
2682 1310 2727 1431 du

631 1435 837 1559 pied,
898 1435 1007 1559 qui
1092 1435 1468 1559 chemine,
1516 1435 1541 1559 il
1589 1435 1710 1559 luy
1759 1435 1977 1559 porte
2050 1435 2111 1559 un
2208 1435 2389 1559 coup
2462 1435 2753 1559 d’eſtra-

647 1559 882 1682 maçon
987 1559 1339 1682 diagonal
1409 1559 1456 1682 au
1562 1559 1843 1682 viſage,
1913 1559 2429 1682 pourſuivant
2488 1559 2499 1682 à
2570 1559 2746 1682 faire

616 1681 795 1803 avec
843 1681 891 1803 le
951 1681 1118 1803 pied
1189 1681 1368 1803 droit
1428 1681 1488 1803 un
1559 1681 1679 1803 pas
1751 1681 2025 1803 double
2097 1681 2145 1803 en
2204 1681 2407 1803 ligne
2479 1681 2753 1803 droite,

621 1805 633 1918 à
683 1805 993 1918 planter
1055 1805 1340 1918 dehors
1378 1805 1427 1918 le
1514 1805 1762 1918 Cercle
1824 1805 1911 1918 vis
1961 1805 1961 1918 à
2035 1805 2122 1918 vis
2184 1805 2246 1918 de
2296 1805 2333 1918 la
2382 1805 2618 1918 lettre
2717 1805 2754 1918 X,

621 1931 794 2055 avec
844 1931 894 2055 le
968 1931 1191 2055 genou
1266 1931 1427 2055 plié,
1476 1931 1662 2055 pour
1724 1931 1737 2055 y
1799 1931 1960 2055 faire
2010 1931 2059 2055 la
2121 1931 2431 2055 charge.

788 2054 835 2179 On
905 2054 951 2179 ſe
1010 2054 1278 2179 pourra
1337 2054 1512 2179 auſſi
1558 2054 1780 2179 ſervir
1850 2054 1909 2179 de
1967 2054 2154 2179 ceſte
2259 2054 2516 2179 meſme
2574 2054 2749 2179 ope-

614 2180 905 2300 ration,
961 2180 1207 2300 quand
1275 2180 1331 2300 on
1398 2180 1532 2300 ſera
1599 2180 1767 2300 venu
1846 2180 2036 2300 pour
2103 2180 2395 2300 donner
2439 2180 2495 2300 le
2563 2180 2742 2300 coup

634 2301 696 2420 de
759 2301 1183 2420 l’eſtocade
1245 2301 1245 2420 à
1320 2301 1358 2420 la
1470 2301 1870 2420 Troiſieme
1944 2301 2331 2420 Inſtance,
2456 2301 2456 2420 &
2544 2301 2731 2420 qu’en

611 2426 987 2544 abaiſſant
1035 2426 1084 2544 le
1144 2426 1314 2544 pied
1374 2426 1556 2544 droit
1604 2426 1604 2544 à
1665 2426 1701 2544 la
1762 2426 1992 2544 lettre
2089 2426 2137 2544 N,
2198 2426 2586 2544 l’Ennemi
2634 2426 2755 2544 au-

616 2552 663 2671 ra
732 2552 860 2671 fait
907 2552 941 2671 ſa
1023 2552 1360 2671 defenſe,
1429 2552 1476 2671 en
1569 2552 2103 2671 tranſportant
2161 2552 2266 2671 les
2335 2552 2591 2671 eſpees
2672 2552 2719 2671 en

631 2673 912 2796 dedans
994 2673 1041 2796 du
1135 2673 1299 2796 bras
1346 2673 1521 2796 avec
1592 2673 1756 2796 plus
1815 2673 1885 2796 de
1932 2673 2178 2796 force,
2248 2673 2401 2796 qu’il
2459 2673 2541 2796 n’a
2612 2673 2741 2796 fait

621 2798 671 2918 és
769 2798 1052 2918 Cercles
1163 2798 1200 2918 N.
1249 2798 1286 2918 4.
1335 2798 1372 2918 8.
1471 2798 1471 2918 &
1532 2798 1581 2918 9.
1643 2798 1692 2918 de
1741 2798 1938 2918 ſorte
2012 2798 2209 2918 qu’on
2271 2798 2357 2918 ne
2406 2798 2455 2918 le
2505 2798 2738 2918 puiſſe

639 2922 973 3040 moderer
1031 2922 1204 3040 avec
1262 2922 1296 3040 la
1366 2922 1689 3040 courbe,
1792 2922 1804 3040 &
1873 2922 2069 3040 qu’on
2150 2922 2288 3040 ſoit
2346 2922 2738 3040 contraint

619 3043 692 3145 de
741 3043 789 3145 le
838 3043 1080 3145 laiſſer
1129 3043 1335 3145 aller,
1396 3043 1687 3145 comme
1735 3043 1748 3145 à
1796 3043 2014 3145 bride
2075 3043 2378 3145 avallée.

3074 431 3619 557 ALEXANDRE
3702 431 3891 557 donc
3962 431 4625 557 s’appercevant,
4720 431 4767 557 en
4862 431 5063 557 ceſte

2919 550 3324 682 occaſion,
3419 550 3479 682 de
3538 550 3586 682 la
3669 550 3955 682 grande
4014 550 4229 682 force
4300 550 4479 682 avec
4550 550 4895 682 laquelle
4979 550 5026 682 on

2904 676 3024 806 luy
3072 676 3240 806 pare
3312 676 3408 806 ſon
3492 676 3888 806 eſtocade,
3924 676 3960 806 il
4032 676 4152 806 fait
4200 676 4344 806 une
4416 676 5052 806 demi-fleurette

2909 801 3082 936 avec
3132 801 3181 936 le
3243 801 3405 936 pied
3467 801 3802 936 gauche,
3864 801 4410 936 l’approchant
4484 801 4534 936 le
4608 801 4769 936 plus
4844 801 5055 936 viſte-

2933 928 3122 1060 ment
3198 928 3362 1060 qu’il
3426 928 3514 1060 eſt
3577 928 3893 1060 poſſible
3944 928 4007 1060 au
4083 928 4247 1060 pied
4323 928 4537 1060 droit,
4588 928 4777 1060 pour
4841 928 5068 1060 l’eſle-

2910 1051 3051 1182 ver,
3181 1051 3181 1182 &
3251 1051 3298 1182 ſe
3380 1051 3863 1182 tranſporter
3945 1051 3992 1182 en
4086 1051 4298 1182 toute
4368 1051 4945 1182 promptitude
5003 1051 5050 1182 le

2910 1178 3106 1300 coſté
3187 1178 3372 1300 droit
3453 1178 3766 1300 devant,
3823 1178 4216 1300 enſemble
4274 1178 4436 1300 auſſi
4517 1178 4563 1300 en
4656 1178 5049 1300 avançant

2899 1300 2949 1431 le
2998 1300 3158 1431 bras
3269 1300 3269 1431 &
3319 1300 3627 1431 l’eſpee,
3689 1300 3738 1431 en
3812 1300 3862 1431 la
3948 1300 4207 1431 meſme
4269 1300 4503 1431 ſorte,
4565 1300 4700 1431 que
4787 1300 5058 1431 deſſus,

2895 1429 2953 1555 au
3035 1429 3328 1555 dedans
3398 1429 3456 1555 de
3503 1429 3772 1555 l’angle
3830 1429 4029 1555 qu’on
4099 1429 4216 1555 luy
4298 1429 4579 1555 ouvre:
4661 1429 4707 1555 en
4813 1429 5047 1555 conti-

2896 1552 3136 1677 nuant
3184 1552 3232 1677 le
3292 1552 3508 1677 reſte,
3580 1552 3640 1677 de
3700 1552 4313 1677 l’eſtramaçon,
4445 1552 4445 1677 &
4529 1552 4577 1677 du
4673 1552 4794 1677 pas
4878 1552 5058 1677 dou-

2899 1680 3061 1808 ble,
3123 1680 3135 1808 à
3197 1680 3631 1808 l’imitation
3730 1680 3792 1808 de
3866 1680 3916 1808 ce
3990 1680 4102 1808 qui
4176 1680 4263 1808 eſt
4337 1680 4796 1808 repreſenté
4870 1680 4920 1808 en
4994 1680 5044 1808 la

2902 1805 3183 1925 figure.

3028 1923 3066 2054 Il
3116 1923 3204 2054 eſt
3267 1923 3469 2054 vray,
3532 1923 3658 2054 que
3721 1923 3784 2054 le
3859 1923 4048 2054 coup
4136 1923 4149 2054 y
4224 1923 4313 2054 eſt
4388 1923 4716 2054 executé
4791 1923 4904 2054 par
4967 1923 5043 2054 ri-

2917 2051 3173 2179 gueur:
3209 2051 3660 2179 toutesfois
3697 2051 3734 2179 il
3782 2051 3880 2179 n’y
3941 2051 3941 2179 a
4002 2051 4136 2179 rien
4221 2051 4331 2179 qui
4392 2051 4806 2179 empeſche
4879 2051 4940 2179 de
4989 2051 5038 2179 le

2885 2174 3301 2302 pratiquer
3349 2174 3515 2302 auſſi
3575 2174 3622 2302 en
3706 2174 4182 2302 courtoiſie;
4265 2174 4312 2302 en
4372 2174 4503 2302 luy
4574 2174 5038 2302 preſentant

2884 2302 2920 2425 la
2981 2302 3163 2425 lame
3235 2302 3514 2425 devant
3575 2302 3623 2425 le
3708 2302 3975 2425 viſage,
4059 2302 4508 2425 cependant
4580 2302 4714 2425 que
4762 2302 4810 2425 le
4871 2302 5041 2425 pied

2893 2425 3294 2548 chemine,
3403 2425 3403 2548 &
3488 2425 3937 2548 cependant
4022 2425 4180 2548 qu’il
4252 2425 4592 2548 s’abaiſſe
4665 2425 4713 2548 en
4811 2425 5041 2548 terre,

2876 2547 2922 2648 la
3001 2547 3239 2648 mener
3307 2547 3954 2648 circulairement
4010 2547 4226 2648 outre
4283 2547 4317 2648 ſa
4373 2547 4600 2648 teſte.

3042 2672 3184 2801 Celà
3255 2672 3409 2801 fait,
3491 2672 3551 2801 on
3621 2672 3681 2801 le
3728 2672 4012 2801 pourra
4083 2672 4532 2801 redoubler
4603 2672 4887 2801 encore
4969 2672 5017 2801 en

2892 2797 3342 2926 courtoiſie,
3389 2797 3448 2926 ou
3531 2797 3578 2926 en
3650 2797 4005 2926 rigueur,
4040 2797 4040 2926 à
4088 2797 4526 2926 l’exemple
4597 2797 4656 2926 de
4704 2797 4751 2926 la
4810 2797 5047 2926 pour-

2883 2918 3066 3024 ſuite
3140 2918 3189 3024 du
3311 2918 3544 3024 Cercle
3654 2918 3691 3024 N.
3764 2918 3801 3024 6.
3850 2918 4156 3024 ſuivant
4217 2918 4315 3024 les
4401 2918 4707 3024 meſmes
4768 2918 5050 3024 inſtru-

2930 3050 3167 3138 ions.
