5520 7640
1059 1429 2466 1581 DECLARATION
2707 1429 2969 1581 DES
3230 1429 4416 1581 OPERATIONS

1870 1613 1985 1699 DV
2159 1613 2793 1699 TABLEAV
2923 1613 3630 1699 SEPTIEME.

2824 3972 3338 4098 deſgraduant
3424 3972 3693 4098 l’eſpee
3791 3972 4183 4098 contraire
4269 3972 4305 4098 en
4416 3972 4795 4098 graduant
4856 3972 4905 4098 la

2795 4097 3100 4224 ſienne,
3247 4097 3259 4224 &
3332 4097 3795 4224 aſſemblant
3856 4097 3954 4224 ſon
4100 4097 4417 4224 Nombre
4490 4097 4539 4224 8.
4612 4097 4783 4224 avec
4844 4097 4905 4224 le

2853 4224 3174 4345 Nombre
3257 4224 3293 4345 4.
3377 4224 3567 4345 pour
3627 4224 3674 4345 le
3781 4224 4008 4345 moins
4079 4224 4258 4345 ou5.
4317 4224 4508 4345 pour
4567 4224 4615 4345 le
4698 4224 4913 4345 plus:

2794 4347 3325 4470 pourſuivant
3396 4347 3408 4470 à
3491 4347 3821 4470 avancer
3892 4347 3951 4470 le
4022 4347 4199 4470 pied
4281 4347 4434 4470 plus
4529 4347 4741 4470 outre
4836 4347 4883 4470 du

2797 4475 2979 4597 long
3082 4475 3147 4597 de
3225 4475 3264 4597 la
3367 4475 3626 4597 meſme
3691 4475 3963 4597 ligne,
4054 4475 4339 4597 juſqu’à
4416 4475 4559 4597 tant
4663 4475 4792 4597 que
4857 4475 4909 4597 le

2810 4598 3031 4719 corps
3090 4598 3567 4719 commence
3613 4598 3625 4719 à
3695 4598 4230 4719 tresbucher:
4324 4598 4475 4719 lors
4521 4598 4556 4719 il
4603 4598 4649 4719 ſe
4708 4598 4917 4719 haſte

2819 4721 3191 4845 d’entrer,
3332 4721 3332 4845 &
3409 4721 3461 4845 de
3538 4721 3589 4845 le
3653 4721 3962 4845 planter
4013 4721 4116 4845 ſur
4154 4721 4206 4845 le
4270 4721 4462 4845 coſté
4527 4721 4578 4845 du
4706 4721 4912 4845 Quar-

2811 4847 2858 4947 ré
2916 4847 3184 4947 Inſcrit
3231 4847 3243 4947 à
3289 4847 3336 4947 la
3383 4847 3616 4947 lettre
3709 4847 3756 4947 G,
3826 4847 4292 4947 continuant
4339 4847 4350 4947 à
4408 4847 4688 4947 eſlever
4747 4847 4910 4947 tout

2808 4969 2821 5095 à
2885 4969 3229 5095 l’inſtant
3280 4969 3331 5095 le
3408 4969 3574 5095 pied
3663 4969 4007 5095 gauche,
4147 4969 4147 5095 &
4224 4969 4237 5095 à
4313 4969 4364 5095 le
4428 4969 4696 5095 porter
4760 4969 4913 5095 lent

2864 5096 2876 5214 &
2946 5096 3588 5214 circulairement
3670 5096 3716 5214 en
3798 5096 3938 5214 l’air
3996 5096 4183 5214 avec
4241 5096 4276 5214 la
4346 5096 4603 5214 jambe
4662 5096 4907 5214 roide,

2798 5221 3094 5346 juſqu’à
3197 5221 3249 5346 ce
3339 5221 3506 5346 qu’il
3597 5221 3867 5346 vienne
3931 5221 3944 5346 à
4009 5221 4421 5346 l’oppoſité
4524 5221 4575 5346 du
4691 5221 4923 5346 creux

2839 5346 2889 5472 de
2951 5346 3226 5472 l’autre
3276 5346 3501 5472 pied,
3588 5346 3701 5472 qui
3776 5346 3863 5472 eſt
3926 5346 4175 5472 planté
4263 5346 4300 5472 en
4388 5346 4637 5472 terre.
4787 5346 4837 5472 Or
4900 5346 4900 5472 à

2849 5469 3117 5595 meſure
3187 5469 3316 5595 que
3374 5469 3432 5595 le
3502 5469 3724 5595 corps
3782 5469 4132 5595 s’avance
4202 5469 4377 5595 avec
4436 5469 4541 5595 les
4587 5469 4914 5595 ſuſdites

2813 5590 3146 5720 aions,
3208 5590 3245 5720 il
3306 5590 3664 5720 emporte
3713 5590 3886 5720 auſſi
3923 5590 4194 5720 l’eſpee
4255 5590 4638 5720 contraire
4687 5590 4699 5720 à
4749 5590 4921 5720 l’ad-

2821 5717 3162 5848 venant,
3221 5717 3350 5848 luy
3444 5717 3785 5848 donnant
3856 5717 3914 5848 un
4008 5717 4196 5848 petit
4255 5717 4549 5848 branſle
4620 5717 4667 5848 du
4761 5717 4914 5848 poi-

2835 5843 2990 5970 gnet
3085 5843 3144 5970 de
3204 5843 3251 5970 la
3359 5843 3501 5970 main
3597 5843 3787 5970 pour
3847 5843 4311 5970 l’aſſujettir,
4382 5843 4418 5970 en
4525 5843 4906 5970 tournant

2811 5969 2905 6092 les
2963 5969 3350 6092 branches
3432 5969 3502 6092 de
3560 5969 3607 6092 ſa
3701 5969 3923 6092 garde
3994 5969 4041 6092 en
4146 5969 4415 6092 dedans
4497 5969 4907 6092 verticale-

2843 6091 3064 6215 ment,
3163 6091 3175 6215 &
3225 6091 3582 6215 plantant
3619 6091 3668 6215 le
3730 6091 3902 6215 pied
3964 6091 4247 6215 gauche
4309 6091 4321 6215 à
4383 6091 4690 6215 preſent
4752 6091 4912 6215 eſle-

2826 6214 2886 6338 vé
2958 6214 3007 6338 en
3067 6214 3212 6338 l’air
3284 6214 3646 6338 parallele
3694 6214 3754 6338 au
3827 6214 3995 6338 pied
4080 6214 4297 6338 droit,
4357 6214 4466 6338 ſur
4514 6214 4550 6338 la
4623 6214 4924 6338 circon-

2822 6334 3136 6460 ference
3227 6334 3280 6460 du
3410 6334 3698 6460 Cercle,
3842 6334 3855 6460 &
3920 6334 4012 6460 ſur
4077 6334 4130 6460 le
4208 6334 4404 6460 coſté
4483 6334 4535 6460 du
4653 6334 4914 6460 Quarré

2828 6462 3323 6584 circonſcrit,
3371 6462 3479 6584 les
3552 6462 3805 6584 orteils
3854 6462 3962 6584 ſur
4010 6462 4059 6584 le
4155 6462 4529 6584 Diametre
4590 6462 4915 6584 oblique

2961 6586 3025 6714 S,
3190 6586 3190 6714 &
3240 6586 3291 6714 le
3367 6586 3545 6714 talon
3646 6586 3646 6714 à
3722 6586 3760 6714 la
3836 6586 4052 6714 lettre
4166 6586 4229 6714 D;
4356 6586 4521 6714 dont
4584 6586 4635 6714 le
4724 6586 4914 6714 coſté

2835 6709 3120 6841 gauche
3191 6709 3239 6841 du
3345 6709 3559 6841 corps
3606 6709 3665 6841 ſe
3736 6709 4009 6841 tourne
4080 6709 4151 6841 un
4234 6709 4353 6841 peu
4460 6709 4507 6841 en
4614 6709 4922 6841 devant,

2879 6837 2892 6963 &
2931 6837 2983 6963 le
3048 6837 3230 6963 talon
3321 6837 3360 6963 du
3438 6837 3607 6963 pied
3697 6837 3879 6963 droit
3957 6837 3996 6963 en
4100 6837 4178 6963 eſt
4243 6837 4373 6963 tiré
4425 6837 4529 6963 ſur
4581 6837 4632 6963 la
4697 6837 4918 6963 colla-

4688 6967 4912 7060 terale

1482 1821 1670 1997 Pres
1765 1821 1934 1997 que
2085 1821 2555 1997 Lacharie
2649 1821 2668 1997 a
2781 1821 2913 1997 veu
3007 1821 3064 1997 la
3195 1821 3609 1997 maniere
3722 1821 4438 1997 d’Alexandre
4532 1821 4909 1997 d’avan-

1421 2028 1519 2181 cer
1589 2028 1673 2181 ſes
1744 2028 2207 2181 approches
2263 2028 2530 2181 contre
2586 2028 2628 2181 la
2712 2028 2937 2181 droite
2993 2028 3246 2181 ligne,
3316 2028 3358 2181 en
3442 2028 4018 2181 aſſujettiſſant
4060 2028 4340 2181 l’eſpee
4425 2028 4804 2181 contraire
4874 2028 4874 2181 à

1407 2175 1449 2320 la
1532 2175 1560 2320 2.
1629 2175 2045 2320 Inſtance,
2115 2175 2281 2320 avec
2351 2175 2531 2320 tout
2614 2175 2670 2320 ce
2753 2175 2864 2320 qui
2934 2175 2989 2320 en
3100 2175 3461 2320 depend;
3516 2175 3544 2320 il
3614 2175 3655 2320 ſe
3738 2175 3794 2320 va
3863 2175 4169 2320 planter
4266 2175 4627 2320 derechef
4696 2175 4752 2320 en
4835 2175 4890 2320 la

1444 2312 1714 2459 meſme
1768 2312 2133 2459 poſture,
2187 2312 2363 2459 avec
2403 2312 2809 2459 intention
2917 2312 2971 2459 de
3065 2312 3322 2459 mettre
3376 2312 3471 2459 les
3511 2312 3971 2459 approches
4065 2312 4606 2459 d’Alexandre
4674 2312 4674 2459 à
4741 2312 4890 2459 l’eſ-

1407 2448 1730 2603 preuve,
1843 2448 1857 2603 &
1941 2448 1998 2603 de
2054 2448 2152 2603 les
2209 2448 2589 2603 travailler
2645 2448 2701 2603 en
2771 2448 3053 2603 toutes
3109 2448 3362 2603 ſortes
3419 2448 3419 2603 à
3489 2448 3616 2603 luy
3686 2448 4108 2603 poſsibles.
4249 2448 4347 2603 Car
4417 2448 4474 2603 en
4544 2448 4586 2603 la
4685 2448 4896 2603 Table

1401 2588 1906 2739 precedente
1957 2588 1996 2739 il
2048 2588 2333 2739 n’avoit
2410 2588 2539 2739 rien
2630 2588 2746 2739 fait
2811 2588 3329 2739 alencontre,
3380 2588 3587 2739 ſinon
3691 2588 3742 2739 ce
3833 2588 3988 2739 qu’il
4040 2588 4273 2739 eſtoit
4337 2588 4738 2739 contraint
4829 2588 4894 2739 de

515 2727 699 2883 faire
756 2727 869 2883 par
939 2727 1378 2883 neceſsité;
1448 2727 1646 2883 pour
1703 2727 1745 2883 la
1802 2727 2085 2883 ſimple
2169 2727 2466 2883 defenſe
2565 2727 2622 2883 de
2693 2727 2735 2883 ſa
2792 2727 3244 2883 perſonne:
3343 2727 3498 2883 mais
3569 2727 3626 2883 en
3696 2727 3739 2883 la
3824 2727 4177 2883 preſente
4234 2727 4262 2883 il
4319 2727 4361 2883 ſe
4417 2727 4757 2883 propoſe
4842 2727 4898 2883 de

508 2871 889 3022 traverſer
955 2871 1428 3022 l’approche
1507 2871 1560 3022 de
1625 2871 1730 3022 ſon
1835 2871 2230 3022 contraire
2295 2871 2414 3022 par
2479 2871 2860 3022 pluſieurs
2939 2871 3399 3022 eſtocades,
3465 2871 3688 3022 tirees
3741 2871 3807 3022 au
3912 2871 4727 3022 commencement,
4779 2871 4792 3022 à
4845 2871 4884 3022 la

532 3004 1162 3163 continuation,
1288 3004 1288 3163 &
1344 3004 1442 3163 ſur
1513 3004 1555 3163 la
1625 3004 1695 3163 fin
1807 3004 1863 3163 de
1919 3004 2704 3163 l’aſſujettiſſement
2802 3004 2858 3163 de
2928 3004 3236 3163 l’eſpee:
3306 3004 3643 3163 prenant
3713 3004 3769 3163 le
3825 3004 4077 3163 temps
4161 3004 4329 3163 qu’il
4385 3004 4539 3163 leve
4595 3004 4652 3163 le
4722 3004 4904 3163 pied

529 3143 758 3298 droit,
839 3143 893 3298 ou
1001 3143 1163 3298 qu’il
1204 3143 1555 3298 l’avance
1636 3143 1879 3298 devers
1946 3143 1987 3298 la
2068 3143 2095 3298 2.
2149 3143 2554 3298 Inſtance,
2608 3143 2662 3298 le
2729 3143 3013 3298 tenant
3080 3143 3310 3298 encor
3391 3143 3431 3298 en
3526 3143 3890 3298 balance,
3971 3143 4025 3298 ou
4133 3143 4295 3298 qu’il
4336 3143 4673 3298 l’abaiſſe
4727 3143 4903 3298 avec

511 3285 552 3442 le
635 3285 1348 3442 tresbuchement
1444 3285 1499 3442 du
1595 3285 1856 3442 corps,
1938 3285 1993 3442 ou
2103 3285 2281 3442 qu’il
2336 3285 2377 3442 le
2460 3285 2720 3442 plante
2789 3285 2789 3442 à
2858 3285 3077 3442 terre,
3160 3285 3214 3442 ou
3324 3285 3475 3442 qu’il
3557 3285 3557 3442 y
3626 3285 3763 3442 ſoit
3832 3285 3997 3442 deſia
4065 3285 4340 3442 arrivé.
4463 3285 4902 3442 Alexandre

543 3426 728 3567 donc
807 3426 887 3567 ne
953 3426 1283 3567 ſachant
1350 3426 1482 3567 rien
1588 3426 1654 3567 de
1746 3426 1945 3567 ceſte
1997 3426 2473 3567 intention,
2553 3426 3148 3567 recommence
3214 3426 3227 3567 à
3306 3426 3690 3567 travailler
3756 3426 3862 3567 ſur
3915 3426 3954 3567 la
4060 3426 4298 3567 droite
4364 3426 4628 3567 ligne,
4721 3426 4774 3567 en
4853 3426 4893 3567 la

550 3562 822 3718 meſme
874 3562 1082 3718 ſorte
1146 3562 1276 3718 que
1354 3562 1665 3718 devant,
1717 3562 1768 3718 ſe
1859 3562 2183 3718 mettant
2235 3562 2235 3718 à
2287 3562 2339 3718 la
2403 3562 3220 3718 premieeIſtance
3272 3562 3272 3718 a
3324 3562 3596 3718 l’autre
3648 3562 3842 3718 bout
3920 3562 3972 3718 du
4101 3562 4360 3718 Cercle,
4412 3562 4581 3718 avec
4633 3562 4905 3718 l’eſpee

521 3692 1247 3840 ſemblablement
1302 3692 1343 3840 en
1425 3692 1631 3840 liguc
1713 3692 1946 3840 dioite
2001 3692 2357 3840 parallele
2412 3692 2480 3840 au
2563 3692 2864 3840 deſſous
2933 3692 2987 3840 de
3042 3692 3344 3840 l’autre.

1265 3978 1557 4150 Cercle
1808 3978 1996 4150 N.

545 4165 849 4316 Alexandre
895 4165 1164 4316 aſſujettit
1211 4165 1410 4316 l’eſpee
1445 4165 1713 4316 contraire
1772 4165 1772 4316 à
1830 4165 1865 4316 la
1924 4165 2146 4316 Seconde
2204 4165 2426 4316 Inſtance
2473 4165 2519 4316 en
2578 4165 2648 4316 de-

652 4306 763 4441 dans
819 4306 853 4441 du
908 4306 1053 4441 bras;
1120 4306 1120 4441 y
1176 4306 1466 4441 procedant
1511 4306 1634 4441 avec
1701 4306 1890 4441 grande
1946 4306 2404 4441 circonſpection,
2460 4306 2571 4441 tant
2627 4306 2627 4441 à

630 4434 826 4567 eſlever
872 4434 895 4567 le
953 4434 1068 4567 pied
1115 4434 1241 4567 droit
1276 4434 1311 4567 en
1368 4434 1691 4567 accouplant
1749 4434 1818 4567 les
1864 4434 2072 4567 eſpees,
2164 4434 2164 4567 &
2210 4434 2222 4567 à
2268 4434 2556 4567 l’avancer
2602 4434 2637 4567 en

634 4560 840 4690 faiſant
888 4560 925 4690 la
985 4560 1457 4690 deſgraduation,
1530 4560 1638 4690 qu’à
1711 4560 2062 4690 tranſporter
2110 4560 2171 4690 les
2207 4560 2377 4690 lames
2473 4560 2473 4690 &
2534 4560 2546 4690 à
2606 4560 2643 4690 en

632 4680 858 4818 prendre
937 4680 1196 4818 deuement
1253 4680 1287 4818 la
1332 4680 1704 4818 ſuperiorité,
1772 4680 1806 4818 en
1874 4680 2122 4818 plantant
2178 4680 2212 4818 le
2257 4680 2370 4818 pied
2415 4680 2573 4818 eſlevé
2641 4680 2641 4818 à

642 4805 775 4946 terre
836 4805 872 4946 au
933 4805 1018 4946 lieu
1115 4805 1127 4946 &
1188 4805 1297 4946 avec
1358 4805 1395 4946 la
1467 4805 1637 4946 uſteſſe
1686 4805 1941 4946 requiſe,
2050 4805 2062 4946 &
2111 4805 2123 4946 à
2172 4805 2487 4946 pourſuivre
2536 4805 2645 4946 avec

638 4937 845 5069 l’autre
891 4937 995 5069 lent
1145 4937 1582 5069 circulairement
1628 4937 1836 5069 juſqu’a
1882 4937 1916 5069 ce
1962 4937 2089 5069 qu’il
2123 4937 2354 5069 revienne
2411 4937 2538 5069 droit
2573 4937 2653 5069 ſur

642 5063 714 5196 ſes
750 5063 967 5196 jambes;
1015 5063 1051 5196 en
1100 5063 1136 5196 la
1184 5063 1353 5196 forme
1401 5063 1533 5196 qu’on
1582 5063 1606 5196 le
1654 5063 1750 5196 voit
1798 5063 1859 5196 icy
1907 5063 1943 5196 en
1991 5063 2244 5196 figure.

1021 5215 1291 5356 Tpour
1342 5215 1728 5356 aſſujettir
1779 5215 2036 5356 l’eſpee
2114 5215 2486 5356 contraire
2538 5215 2551 5356 à
2602 5215 2641 5356 la

989 5346 1340 5459 ſeconde
1398 5346 1796 5459 Inſtance,
1831 5346 1866 5459 il
1924 5346 2392 5459 commence
2450 5346 2462 5459 à
2532 5346 2661 5459 tra-

1004 5468 1261 5604 vailler
1322 5468 1371 5604 du
1444 5468 1628 5604 pied
1701 5468 1909 5604 droit,
1946 5468 2337 5604 l’eſlevant
2410 5468 2471 5604 de
2520 5468 2667 5604 ter-

992 5591 1053 5731 re
1114 5591 1298 5731 avec
1371 5591 1420 5731 le
1505 5591 1822 5731 genouil
1883 5591 2164 5731 roide,
2262 5591 2311 5731 en
2384 5591 2652 5731 faiſant

566 5725 858 5861 monter
903 5725 960 5861 au
1061 5725 1320 5861 meſme
1376 5725 1624 5861 temps
1680 5725 1793 5861 par
1849 5725 1984 5861 une
2041 5725 2288 5861 petite
2345 5725 2649 5861 accom-

571 5844 937 5986 modation
1055 5844 1103 5986 du
1197 5844 1528 5986 poignet
1622 5844 1681 5986 de
1740 5844 1788 5986 la
1882 5844 2024 5986 main
2118 5844 2154 5986 ſa
2225 5844 2496 5986 pointe
2579 5844 2626 5986 en

534 5968 754 6110 haut,
811 5968 1204 6110 touchant
1262 5968 1527 6110 l’eſpee
1608 5968 1989 6110 contraire
2058 5968 2105 6110 en
2197 5968 2509 6110 dedans,
2578 5968 2624 6110 du

596 6095 914 6235 Nombre
975 6095 1024 6235 3.
1098 6095 1147 6235 le
1257 6095 1575 6235 Nombre
1649 6095 1685 6235 8.
1759 6095 1930 6235 avec
2016 6095 2358 6235 quelque
2420 6095 2664 6235 petite

538 6218 794 6358 pauſe:
867 6218 1087 6358 apres
1148 6218 1502 6358 laquelle
1550 6218 1587 6358 il
1648 6218 1941 6358 avance
2002 6218 2063 6358 le
2160 6218 2417 6358 meſme
2478 6218 2649 6358 pied

564 6343 744 6478 droit
816 6343 1093 6478 devers
1141 6343 1238 6478 ſon
1322 6343 1514 6478 coſté
1599 6343 1948 6478 gauche,
2020 6343 2369 6478 hauſſant
2441 6343 2670 6478 enco-

540 6468 602 6602 re
676 6468 948 6602 l’eſpee
1022 6468 1208 6602 pour
1270 6468 1319 6602 la
1405 6468 1752 6602 ſeconde
1813 6468 1962 6602 fois
2036 6468 2048 6602 à
2122 6468 2159 6602 la
2234 6468 2505 6602 faveur
2580 6468 2641 6602 du

552 6599 913 6730 poignet,
949 6599 1130 6730 avec
1178 6599 1275 6730 les
1323 6599 1720 6730 branches
1781 6599 1853 6730 de
1901 6599 1937 6730 la
2009 6599 2226 6730 garde
2274 6599 2660 6730 tournees

542 6719 616 6853 un
689 6719 812 6853 peu
898 6719 948 6853 en
1034 6719 1353 6853 dedans;
1427 6719 1488 6853 de
1537 6719 1746 6853 façon
1845 6719 2005 6853 qu’il
2066 6719 2115 6853 en
2213 6719 2533 6853 conduit
2607 6719 2644 6853 la

554 6845 820 6972 pointe
881 6845 954 6972 de
1002 6845 1038 6972 ſa
1099 6845 1293 6972 lame
1341 6845 1414 6972 un
1486 6845 1607 6972 peu
1704 6845 1765 6972 de
1825 6845 2152 6972 travers,
2213 6845 2540 6972 croiſant
2649 6845 2661 6972 &
