5520 7640
714 423 945 529 terale
1066 423 1066 529 G
1212 423 1248 529 M;
1297 423 1479 529 avec
1527 423 1576 529 le
1624 423 1794 529 bras
1867 423 2340 529 deſcendant
2449 423 2462 529 &
2534 423 2813 529 medio-

723 550 1071 670 crement
1155 550 1515 670 eſtendu,
1575 550 1623 670 la
1683 550 1899 670 garde
1935 550 2055 670 luy
2127 550 2510 670 revenant
2558 550 2570 670 à
2618 550 2798 670 l’op-

713 674 955 792 poſite
1027 674 1100 792 de
1160 674 1197 792 la
1269 674 1571 792 hanche
1644 674 1910 792 droite,
1982 674 2043 792 un
2115 674 2248 792 peu
2321 674 2478 792 plus
2526 674 2792 792 haute,

701 798 747 920 ſa
794 798 992 920 lame
1050 798 1377 920 croiſant
1411 798 1691 920 l’eſpee
1749 798 2134 920 contraire
2204 798 2250 920 en
2320 798 2612 920 travers
2681 798 2798 920 par

732 924 996 1047 devant
1068 924 1104 1047 ſa
1188 924 1572 1047 poitrine,
1704 924 1704 1047 &
1764 924 1908 1047 aux
2028 924 2400 1047 Nombres
2460 924 2796 1047 ſuſmen-

708 1049 1114 1171 tionneez,
1150 1049 1198 1171 ſa
1245 1049 1520 1171 pointe
1568 1049 1998 1171 aſcendant
2033 1049 2320 1171 juſqu’à
2368 1049 2404 1171 la
2463 1049 2798 1171 hauteur

721 1162 770 1293 du
843 1162 1185 1293 ſommet
1246 1162 1306 1293 de
1355 1162 1392 1293 la
1453 1162 1636 1293 teſte
1697 1162 2111 1293 contraire,
2160 1162 2209 1293 le
2294 1162 2501 1293 corps
2575 1162 2794 1293 dreſſé

706 1293 1702 1413 perpendiculairement,
1760 1293 1866 1413 les
1959 1293 2252 1413 muſcles
2334 1293 2393 1413 du
2486 1293 2650 1413 bras
2779 1293 2791 1413 &

718 1411 826 1540 des
898 1411 1198 1540 genoux
1258 1411 1581 1540 tendus,
1629 1411 1725 1540 les
1797 1411 2012 1540 pieds
2072 1411 2120 1540 en
2228 1411 2552 1540 diſtance
2600 1411 2791 1540 juſte

751 1542 762 1665 &
808 1542 1494 1665 proportionnée,
1528 1542 1722 1665 pour
1768 1542 1974 1665 avoir
2031 1542 2203 1665 tous
2248 1542 2340 1665 ſes
2420 1542 2786 1665 membres

699 1664 711 1789 à
783 1664 1535 1789 commandement,
1583 1664 1977 1789 prompts,
2085 1664 2085 1789 &
2144 1664 2383 1789 aifs.

854 1787 1000 1903 Ceſt
1086 1787 1781 1903 aſſujettiſſement
1878 1787 2110 1903 eſtant
2195 1787 2610 1903 deuement
2695 1787 2805 1903 ac-

704 1915 1014 2037 compli,
1074 1915 1110 2037 il
1157 1915 1301 2037 ſera
1360 1915 1635 2037 trouvé
1706 1915 1826 2037 que
1885 1915 1933 2037 le
2017 1915 2279 2037 Centre
2363 1915 2422 2037 de
2494 1915 2792 2037 l’attou-

704 2035 1073 2160 chement
1168 2035 1275 2160 des
1370 2035 1620 2160 eſpees
1704 2035 2120 2160 reſpondra
2204 2035 2644 2160 juſtement
2716 2035 2763 2160 au

712 2158 949 2276 deſſus
1031 2158 1149 2276 des
1232 2158 1409 2276 deux
1492 2158 1977 2276 collaterales
2059 2158 2603 2276 exterieures,
2686 2158 2792 2276 qui

695 2288 1363 2410 s’entrecoupent
1435 2288 1530 2410 ſur
1578 2288 1626 2410 le
1721 2288 2103 2410 Diametre
2151 2288 2795 2410 perpendiculai-

699 2412 785 2537 re,
846 2412 846 2537 à
907 2412 944 2537 la
993 2412 1226 2537 lettre
1336 2412 1385 2537 M.
1446 2412 1483 2537 Il
1544 2412 1630 2537 eſt
1691 2412 1851 2537 vray
1924 2412 2047 2537 que
2096 2412 2145 2537 la
2230 2412 2488 2537 meſme
2549 2412 2806 2537 opera-

697 2535 831 2632 tion
905 2535 990 2632 eſt
1039 2535 1210 2632 auſſi
1272 2535 1589 2632 deſcrite
1651 2535 1700 2632 en
1773 2535 1810 2632 la
1895 2535 2115 2632 Table
2189 2535 2286 2632 VI.
2360 2535 2800 2632 toutesfois

699 2658 1219 2782 conſiderant,
1281 2658 1541 2782 qu’elle
1628 2658 1640 2782 y
1727 2658 1814 2782 eſt
1875 2658 2359 2782 demonſtrée
2433 2658 2532 2782 par
2606 2658 2792 2782 figu-

688 2780 784 2905 res
879 2780 939 2905 de
1046 2780 1380 2905 moindre
1452 2780 1690 2905 taille,
1845 2780 1845 2905 &
1929 2780 2191 2905 qu’elle
2275 2780 2525 2905 devoit
2609 2780 2788 2905 eſtre

689 2906 1054 3031 propoſée
1140 2906 1189 3031 en
1286 2906 1347 3031 ce
1432 2906 1737 3031 Tableau
1810 2906 2115 3031 preſent
2188 2906 2237 3031 en
2322 2906 2566 3031 forme
2627 2906 2786 3031 plus

686 3030 973 3149 royale,
1020 3030 1581 3149 repreſentant
1665 3030 2262 3149 diſtinement
2309 3030 2357 3149 la
2417 3030 2644 3149 tenue
2715 3030 2775 3149 du

687 3156 930 3280 corps,
991 3156 1040 3280 du
1112 3156 1307 3280 bras,
1380 3156 1440 3280 de
1489 3156 1805 3280 l’eſpee,
1877 3156 2266 3280 enſemble
2315 3156 2363 3280 la
2424 3156 2776 3280 ſituation

703 3275 806 3409 des
857 3275 1075 3409 pieds
1126 3275 1229 3409 ſur
1280 3275 1331 3409 le
1434 3275 1728 3409 Cercle,
1856 3275 1856 3409 &
1933 3275 2100 3409 qu’il
2164 3275 2382 3409 eſtoit
2446 3275 2561 3409 icy
2638 3275 2804 3409 pro-

678 3408 1037 3530 prement
1144 3408 1479 3530 queſtion
1598 3408 1658 3530 de
1730 3408 1778 3530 la
1885 3408 2148 3530 mettre
2220 3408 2232 3530 à
2303 3408 2793 3530 l’eſpreuve;

658 3536 857 3649 nous
905 3536 1141 3649 avons
1198 3536 1473 3649 rroivé
1530 3536 1710 3649 hon,
1805 3536 1928 3649 que
2041 3536 2297 3649 omme
2345 3536 2392 3649 la
2449 3536 2695 3649 figure
2771 3536 2771 3649 V

676 3641 762 3761 eſt
836 3641 996 3761 plus
1081 3641 1401 3761 grande,
1462 3641 1597 3761 que
1659 3641 1818 3761 auſſi
1868 3641 1966 3761 les
2039 3641 2641 3761 particularitez
2715 3641 2764 3761 en

662 3766 943 3888 ſoyent
1028 3766 1431 3888 declarées
1493 3766 1541 3888 en
1615 3766 1651 3888 la
1725 3766 2189 3888 deſcription
2262 3766 2421 3888 plus
2495 3766 2800 3888 exae-

688 3891 934 4011 ment,
1057 3891 1069 4011 &
1142 3891 1425 4011 quelles
1498 3891 1584 4011 s’y
1646 3891 1867 4011 liſent
1940 3891 2247 4011 comme
2345 3891 2394 4011 en
2505 3891 2566 4011 de
2627 3891 2787 4011 plus

676 4015 838 4140 gros
914 4015 1440 4140 charaeres.
1565 4015 1665 4140 Car
1728 4015 1978 4140 quelle
2041 4015 2254 4140 choſe
2304 4015 2467 4140 plus
2517 4015 2792 4140 noble,

677 4138 813 4262 que
925 4138 986 4262 de
1073 4138 1370 4262 ſçavoir
1445 4138 1816 4262 attaquer
1952 4138 1965 4262 &
2039 4138 2435 4262 aſſujettir
2510 4138 2782 4262 l’eſpee

679 4266 1109 4385 contraire?
1193 4266 1253 4385 ou
1336 4266 1587 4385 quelle
1647 4266 1814 4385 plus
1862 4266 2077 4385 utile,
2136 4266 2268 4385 que
2339 4266 2399 4385 de
2447 4266 2626 4385 faire
2686 4266 2793 4385 ſes

669 4390 1130 4511 approches
1191 4390 1373 4511 avec
1434 4390 1507 4511 un
1567 4390 1604 4511 ſi
1665 4390 1992 4511 notable
2041 4390 2526 4511 advantage?
2660 4390 2793 4511 Mais

669 4516 935 4637 autant
1020 4516 1274 4637 qu’elle
1346 4516 1431 4637 eſt
1503 4516 2011 4637 excellente,
2096 4516 2422 4637 d’autant
2495 4516 2579 4637 eſt
2664 4516 2785 4637 elle

695 4639 1035 4758 difficile:
1121 4639 1279 4758 c’eſt
1340 4639 1522 4758 l’une
1619 4639 1729 4758 des
1778 4639 1948 4758 plus
1997 4639 2544 4758 importantes
2617 4639 2788 4758 ope-

672 4766 882 4884 tions
957 4766 1018 4884 de
1130 4766 1352 4884 Noſtre
1451 4766 1859 4884 Pratique,
1970 4766 2019 4884 où
2094 4766 2131 4884 il
2180 4766 2341 4884 faut
2390 4766 2786 4884 proceder

671 4892 847 5009 avec
918 4892 953 5009 la
1035 4892 1328 5009 caution
1422 4892 1481 5009 de
1539 4892 1915 5009 pluſieurs
1985 4892 2595 5009 obſervations,
2677 4892 2795 5009 qui

670 5015 927 5132 ſeront
1001 5015 1393 5132 declarées
1454 5015 1454 5132 à
1527 5015 1564 5132 la
1638 5015 1821 5132 ſuite
1883 5015 1944 5132 de
2017 5015 2201 5132 ceſte
2275 5015 2777 5132 deſcription,

673 5141 825 5259 ſans
900 5141 1318 5259 leſquelles
1368 5141 1406 5259 il
1470 5141 1697 5259 ſeroit
1748 5141 2203 5259 impoſſible
2292 5141 2355 5259 de
2418 5141 2785 5259 prevenir

670 5267 833 5383 tant
891 5267 960 5383 de
1030 5267 1436 5383 traverſes,
1505 5267 1610 5383 qui
1656 5267 1714 5383 ſe
1761 5267 2271 5383 pourroyent
2340 5267 2514 5383 faire
2572 5267 2781 5383 alen-

687 5387 955 5506 contre
1040 5387 1113 5506 de
1198 5387 1381 5506 ceſte
1454 5387 1856 5506 approche
1917 5387 2197 5506 juſqu’à
2258 5387 2319 5506 un
2465 5387 2782 5506 Nombre

669 5515 937 5631 infini;
1030 5515 1193 5631 dont
1251 5515 1438 5631 vous
1496 5515 1542 5631 en
1624 5515 1880 5631 verrez
1950 5515 1997 5631 en
2090 5515 2148 5631 ce
2230 5515 2533 5631 Tableau
2626 5515 2789 5631 pre-

671 5639 832 5760 ſent
869 5639 968 5760 les
1030 5639 1191 5760 plus
1241 5639 1638 5760 notables,
1700 5639 1811 5760 qui
1861 5639 1911 5760 ſe
1973 5639 2134 5760 font
2196 5639 2307 5760 par
2369 5639 2419 5760 le
2518 5639 2766 5760 moyen

689 5769 747 5856 de
804 5769 838 5856 la
918 5769 1306 5856 cavation.

838 5879 890 6009 On
994 5879 1176 6009 peut
1241 5879 1423 6009 faire
1489 5879 1632 6009 ceſt
1684 5879 2400 6009 aſſujettiſſement
2465 5879 2556 6009 ſur
2634 5879 2790 6009 plu-

671 6011 903 6130 ſieurs
963 6011 1377 6130 differents
1450 6011 1718 6130 degrez
1803 6011 1852 6130 de
1913 6011 2375 6130 ſentiment,
2436 6011 2558 6130 que
2607 6011 2777 6130 l’ad-

685 6133 1004 6254 verſaire
1051 6133 1253 6254 nous
1335 6133 1643 6254 donne,
1702 6133 1714 6254 à
1785 6133 1998 6254 raiſon
2105 6133 2164 6254 de
2211 6133 2258 6254 la
2341 6133 2614 6254 grande
2685 6133 2779 6254 ſu-

676 6257 1047 6375 periorité
1133 6257 1405 6375 d’avoir
1479 6257 1837 6375 aſſemblé
1898 6257 1948 6375 le
2084 6257 2392 6375 Nombre
2491 6257 2528 6375 8.
2602 6257 2775 6375 avec

672 6384 730 6499 le
845 6384 1156 6499 Nombre
1225 6384 1260 6499 4.
1329 6384 1387 6499 ou
1479 6384 1525 6499 5.
1605 6384 1663 6499 de
1732 6384 1997 6499 l’eſpee
2066 6384 2481 6499 contraire,
2550 6384 2769 6499 avant

701 6510 820 6626 que
891 6510 951 6626 de
1011 6510 1130 6626 rien
1225 6510 1570 6626 attenter
1630 6510 1737 6626 ſur
1785 6510 1999 6626 icelle
2047 6510 2237 6626 pour
2297 6510 2333 6626 la
2392 6510 2785 6626 tranſpor-

679 6634 822 6756 ter.
954 6634 1360 6756 Toutefois
1419 6634 1622 6756 qu’on
1694 6634 1766 6756 ne
1825 6634 1885 6756 ſe
1945 6634 2016 6756 fie
2088 6634 2208 6756 pas
2279 6634 2422 6756 tant
2494 6634 2602 6756 ſur
2673 6634 2769 6756 cet

688 6750 1184 6877 advantage,
1273 6750 1477 6877 qu’on
1553 6750 1757 6877 laiſſe
1846 6750 1909 6877 de
1973 6750 2317 6877 prendre
2380 6750 2647 6877 garde,
2724 6750 2775 6877 le

685 6881 844 7008 plus
924 6881 1415 7008 exaement
1481 6881 1640 7008 qu’il
1693 6881 1813 7008 ſoit
1866 6881 2224 7008 poſſible,
2264 6881 2277 7008 à
2330 6881 2782 7008 l’accroiſſe-

2981 385 3199 537 ment,
3302 385 3302 537 &
3353 385 3366 537 à
3417 385 3455 537 la
3519 385 3981 537 diminution
4083 385 4134 537 de
4186 385 4224 537 la
4301 385 4621 537 vigueur
4698 385 4762 537 de
4814 385 5083 537 l’eſpee

2962 530 3395 658 contraire.
3524 530 3629 658 Car
3688 530 3723 658 il
3781 530 3934 658 faut
4004 530 4414 658 touſiours
4496 530 4906 658 temperer
4976 530 5081 658 ſes

2953 653 3218 785 forces
3268 653 3281 785 à
3331 653 3810 785 l’advenant.
3886 653 3924 785 Si
3987 653 4113 785 elle
4176 653 4593 785 s’affoiblit,
4630 653 4668 785 il
4706 653 4870 785 faut
4933 653 5072 785 que

2946 780 2983 912 la
3044 780 3302 912 noſtre
3376 780 3733 912 decroiſſe
3794 780 4409 912 pareillement;
4483 780 4507 912 ſi
4593 780 4704 912 elle
4778 780 4839 912 ſe
4913 780 5073 912 ren-

2949 907 3190 1038 force,
3238 907 3274 1038 il
3322 907 3479 1038 faut
3551 907 3672 1038 que
3720 907 3756 1038 la
3829 907 4082 1038 noſtre
4142 907 4636 1038 s’augmente
4708 907 5082 1038 alencon-

2948 1029 3079 1164 tre,
3139 1029 3330 1164 pour
3401 1029 3783 1164 travailler
3842 1029 4248 1164 touſiours
4295 1029 4462 1164 avec
4522 1029 4748 1164 poids
4832 1029 5070 1164 egale-

2976 1155 3165 1287 ment
3228 1155 3870 1287 proportionné.
4022 1155 4160 1287 Mais
4236 1155 4311 1287 s’il
4374 1155 4500 1287 fait
4576 1155 4639 1287 un
4727 1155 4765 1287 ſi
4841 1155 5067 1287 grand

2959 1283 3237 1412 effort,
3322 1283 3443 1412 que
3516 1283 3564 1412 le
3624 1283 4060 1412 ſentiment
4132 1283 4338 1412 nous
4399 1283 4810 1412 rapporte,
4907 1283 5064 1412 qu’il

2946 1408 3068 1537 s’en
3141 1408 3202 1537 va
3251 1408 3678 1537 forligner,
3800 1408 3812 1537 &
3861 1408 4044 1537 faire
4093 1408 4166 1537 un
4240 1408 4459 1537 angle
4532 1408 4703 1537 avec
4777 1408 4825 1537 le
4899 1408 5057 1537 bras

3006 1534 3006 1663 &
3080 1534 3413 1663 l’eſpee,
3475 1534 3623 1663 lors
3709 1534 3758 1663 on
3845 1534 3894 1663 le
3956 1534 4166 1663 laiſſe
4227 1534 4400 1663 aller
4462 1534 4634 1663 tout
4721 1534 4770 1663 du
4869 1534 5079 1663 com-

2965 1657 3505 1791 mencement,
3553 1657 3697 1791 ſans
3757 1657 3949 1791 nulle
4009 1657 4453 1791 reſiſtence,
4501 1657 4609 1791 afin
4705 1657 4861 1791 qu’il
4921 1657 5065 1791 s’eſ-

2950 1783 3139 1915 carte
3222 1783 3376 1915 tant
3447 1783 3601 1915 qu’il
3684 1783 4027 1915 voudra,
4157 1783 4157 1915 &
4252 1783 4453 1915 qu’on
4548 1783 4596 1915 ſe
4690 1783 4915 1915 mette
4998 1783 5057 1915 ce

2938 1907 3193 2040 temps
3253 1907 3605 2040 pendant
3678 1907 3957 2040 dedans
4005 1907 4272 2040 l’angle
4333 1907 4515 2040 pour
4563 1907 4684 2040 luy
4769 1907 5060 2040 donner

2955 2029 3702 2146 conſecutivement
3747 2029 4137 2146 l’atteinte
4204 2029 4249 2146 en
4316 2029 4539 2146 haut,
4617 2029 4673 2146 ou
4773 2029 4829 2146 en
4896 2029 5052 2146 bas,

2934 2154 3235 2292 ſuivant
3273 2154 3675 2292 l’occaſion
3763 2154 3926 2292 qu’il
3976 2154 4365 2292 preſente.

3082 2281 3635 2400 Pareillement
3708 2281 3807 2400 s’il
3868 2281 4236 2400 advient,
4310 2281 4543 2400 eſtant
4617 2281 4666 2400 en
4752 2281 4911 2400 ae
4997 2281 5071 2400 de

2935 2408 3113 2538 faire
3189 2408 4015 2538 l’aſſujettiſſement,
4130 2408 4270 2538 que
4333 2408 4714 2538 l’ennemi
4791 2408 5070 2538 s’affoi-

2934 2537 3177 2659 bliſſe,
3281 2537 3292 2659 &
3362 2537 3489 2659 que
3546 2537 3731 2659 vous
3801 2537 4239 2659 continuez
4286 2537 4343 2659 au
4436 2537 4829 2659 contraire
4875 2537 4909 2659 la
4979 2537 5060 2659 vi-

2955 2658 3188 2789 gueur
3269 2658 3839 2789 precedente,
3933 2658 4096 2789 ſans
4165 2658 4433 2789 l’avoir
4503 2658 4922 2789 temperée
4980 2658 5038 2789 au

2963 2779 3223 2917 meſme
3273 2779 3595 2917 inſtant,
3706 2779 3706 2917 &
3768 2779 3781 2917 à
3830 2779 4041 2917 l’egal
4115 2779 4177 2917 de
4239 2779 4276 2917 la
4338 2779 4635 2917 ſienne,
4709 2779 4895 2917 vous
4957 2779 5056 2917 ſe-

2944 2911 3061 3035 rez
3132 2911 3179 3035 en
3273 2911 3695 3035 tresgrand
3777 2911 4047 3035 danger
4118 2911 4188 3035 de
4235 2911 4728 3035 tresbucher
4799 2911 4869 3035 de
4939 2911 5057 3035 vo-

2929 3039 3059 3157 ſtre
3106 3039 3342 3157 lame,
3461 3039 3461 3157 &
3543 3039 3603 3157 de
3685 3039 4040 3157 recevoir
4123 3039 4466 3157 quelque
4525 3039 4868 3157 atteinte
4939 3039 5057 3157 par

2958 3164 3198 3287 deſſus
3258 3164 3318 3287 le
3378 3164 3606 3287 bras,
3702 3164 3823 3287 par
3883 3164 3931 3287 le
4039 3164 4279 3287 moyen
4387 3164 4459 3287 de
4519 3164 4555 3287 la
4640 3164 5060 3287 cavation.

2988 3286 3126 3409 Que
3176 3286 3263 3409 s’il
3313 3286 3651 3409 affoiblit
3701 3286 3738 3409 ſa
3813 3286 4014 3409 lame
4076 3286 4114 3409 ſi
4176 3286 4439 3409 avant,
4526 3286 4664 3409 que
4726 3286 4914 3409 vous
4989 3286 5039 3409 en

2929 3404 3270 3542 perdiez
3330 3404 3379 3542 le
3440 3404 3938 3542 ſentiment,
4072 3404 4072 3542 &
4157 3404 4412 3542 qu’elle
4497 3404 4971 3542 commence
5044 3404 5056 3542 à

2927 3535 3424 3660 tresbucher
3494 3535 3679 3660 vous
3736 3535 4199 3660 allongerez
4268 3535 4326 3660 au
4442 3535 4707 3660 meſme
4765 3535 5054 3660 inſtant

2921 3662 2976 3781 Ie
3042 3662 3186 3781 brae
3352 3662 3628 3781 l’eſpee
3683 3662 3727 3781 en
3804 3662 4014 3781 angle
4081 3662 4313 3781 obtus
4379 3662 4644 3781 devers
4699 3662 4799 3781 ſon
4887 3662 5053 3781 viſa-

2954 3773 3053 3890 ge;
3130 3773 3306 3890 avec
3361 3773 3427 3890 un
3504 3773 3702 3890 petit
3768 3773 4307 3890 avancement
4406 3773 4461 3890 de
4527 3773 4571 3890 la
4648 3773 4890 3890 partie
4956 3773 5066 3890 ſu-

2935 3889 3294 4020 perieure
3375 3889 3422 4020 du
3526 3889 3769 4020 corps,
3816 3889 3862 4020 le
3920 3889 4198 4020 tenant
4279 3889 4731 4020 cependant
4812 3889 4859 4020 en
4951 3889 5067 4020 ba-

2922 4017 3170 4140 lance,
3299 4017 3299 4140 &
3370 4017 3417 4140 en
3488 4017 3923 4140 aguettant
3982 4017 4017 4140 la
4088 4017 4253 4140 part
4312 4017 4371 4140 ou
4441 4017 4477 4140 la
4535 4017 4818 4140 pointe
4900 4017 5065 4140 con-

2921 4141 3151 4267 traire
3199 4141 3369 4267 tire,
3417 4141 3550 4267 ſoit
3611 4141 3659 4267 en
3732 4141 3913 4267 haut
3974 4141 4252 4267 devers
4301 4141 4349 4267 le
4422 4141 4688 4267 viſage,
4773 4141 4833 4267 ou
4930 4141 5063 4267 deſ-

2919 4267 3087 4390 ſous
3147 4267 3207 4390 le
3279 4267 3495 4390 bras,
3567 4267 3627 4390 ou
3723 4267 3735 4390 à
3818 4267 4070 4390 coſté;
4190 4267 4238 4390 ce
4334 4267 4466 4390 que
4550 4267 5053 4390 diſcernant,

2929 4391 3117 4496 vous
3176 4391 3682 4496 ſeconderez
3753 4391 4200 4496 l’extenſion
4306 4391 4365 4496 du
4447 4391 4612 4496 bras
4742 4391 4753 4496 &
4812 4391 4871 4496 de
4942 4391 5048 4496 l’e-

2916 4517 3082 4650 ſpee
3142 4517 3320 4650 avec
3367 4517 3462 4650 les
3557 4517 4068 4650 mouvemens
4140 4517 4187 4650 du
4282 4517 4532 4650 corps,
4591 4517 4781 4650 ſelon
4888 4517 5043 4650 qu’il

2918 4642 3064 4762 ſera
3113 4642 3284 4762 plus
3345 4642 3772 4762 expedient
3833 4642 4016 4762 pour
4090 4642 4334 4762 voſtre
4407 4642 4749 4762 defenſe.

3085 4770 3132 4901 On
3213 4770 3586 4901 trouvera
3644 4770 3760 4901 par
3830 4770 4354 4901 experience,
4447 4770 4575 4901 que
4656 4770 4842 4901 ceux
4935 4770 5040 4901 qui

2920 4891 2997 5026 ne
3048 4891 3214 5026 ſont
3278 4891 3393 5026 pas
3456 4891 3699 5026 ſtylez
3775 4891 3826 5026 en
3916 4891 4184 5026 l’uſage
4260 4891 4324 5026 de
4388 4891 4579 5026 ceſte
4656 4891 5052 5026 Pratique,

2978 5022 2989 5139 &
3036 5022 3177 5139 n’en
3270 5022 3856 5139 comprennent
3938 5022 4160 5139 encor
4230 5022 4242 5139 à
4312 5022 4499 5139 plein
4581 5022 4687 5139 les
4745 5022 5038 5139 raiſons

2911 5143 3609 5260 fondamentales,
3689 5143 4250 5260 permettront
4319 5143 4959 5260 ordinairement
5017 5143 5028 5260 à

2915 5256 3284 5389 l’ennemi
3370 5256 3800 5389 d’affoiblir,
3874 5256 4070 5389 voire
4181 5256 4427 5389 meſme
4513 5256 4574 5389 de
4648 5256 5041 5389 deſtacher

2917 5381 3015 5516 ſon
3100 5381 3308 5516 eſpee
3370 5381 3370 5516 à
3431 5381 3467 5516 ſa
3529 5381 3871 5516 fantaſie,
3908 5381 4067 5516 ſans
4116 5381 4508 5516 travailler
4569 5381 5034 5516 alencontre

2909 5521 3199 5648 juſqu’à
3262 5521 3414 5648 tant
3489 5521 3691 5648 qu’ils
3742 5521 4045 5648 voyent
4108 5521 4171 5648 ou
4234 5521 4272 5648 il
4335 5521 4550 5648 dreſſe
4625 5521 4663 5648 ſa
4739 5521 5042 5648 pointe.

2965 5645 3136 5782 Dont
3185 5645 3271 5782 ils
3332 5645 3700 5782 viennent
3749 5645 3761 5782 à
3822 5645 4104 5782 perdre
4153 5645 4202 5782 le
4263 5645 4557 5782 temps,
4655 5645 4655 5782 &
4704 5645 4753 5782 la
4815 5645 5047 5782 vraye

2929 5768 3264 5896 occaſion
3348 5768 3420 5896 de
3468 5768 3623 5896 leur
3707 5768 4066 5896 defenſe;
4126 5768 4317 5896 pour
4401 5768 4461 5896 ce
4556 5768 4688 5896 que
4748 5768 5047 5896 l’enne-

2945 5891 3006 6017 mi
3079 5891 3336 6017 quand
3384 5891 3421 6017 il
3494 5891 3580 6017 eſt
3653 5891 3824 6017 venu
3909 5891 3946 6017 ſi
4007 5891 4239 6017 avant
4325 5891 4447 6017 que
4532 5891 4703 6017 cela,
4776 5891 4813 6017 il
4874 5891 5033 6017 s’eſt

2931 6018 3229 6141 emparé
3288 6018 3705 6141 tellement
3788 6018 3848 6141 de
3919 6018 3955 6141 la
4038 6018 4515 6141 ſuperiorité
4574 6018 4681 6141 des
4753 6018 5039 6141 lames,

2940 6142 3129 6259 qu’on
3200 6142 3282 6259 ne
3341 6142 3459 6259 luy
3518 6142 3695 6259 peut
3766 6142 4368 6259 d’oreſenavant
4450 6142 4674 6259 clorre
4722 6142 4769 6259 la
4851 6142 5028 6259 droi-

2918 6265 2979 6399 te
3028 6265 3283 6399 ligne;
3343 6265 3428 6399 ne
3489 6265 3756 6399 reſtant
3805 6265 4024 6399 autre
4084 6265 4534 6399 apparence
4594 6265 4728 6399 que
4801 6265 4862 6399 de
4922 6265 5044 6399 fai-

2917 6392 2976 6521 re
3047 6392 3190 6521 une
3249 6392 3510 6521 ſimple
3569 6392 3878 6521 parade,
3949 6392 4554 6521 accompagnée
4637 6392 4838 6521 d’une
4910 6392 5040 6521 ou-

2931 6518 3238 6647 verture
3312 6518 3667 6647 d’angle,
3778 6518 3827 6647 où
3901 6518 4281 6647 l’ennemi
4342 6518 4404 6647 ſe
4477 6518 4649 6647 peut
4723 6518 5030 6647 fourrer

2931 6640 3275 6771 dedans,
3371 6640 3454 6771 s’il
3537 6640 3822 6771 entend
3882 6640 3929 6771 la
4036 6640 4345 6771 maniere
4440 6640 4500 6771 de
4559 6640 4904 6771 prendre
4975 6640 5023 6771 le

2918 6766 3242 6901 temps,
3398 6766 3410 6901 &
3505 6766 3565 6901 de
3649 6766 4128 6901 pourſuivre
4188 6766 4284 6901 ſon
4380 6766 4775 6901 avantage
4847 6766 5027 6901 avec

2922 6894 3093 7027 telle
3146 6894 3344 7027 ſorte
3409 6894 3949 7027 d’execution,
4015 6894 4186 7027 qu’il
4225 6894 4344 7027 luy
4423 6894 4726 7027 viendra
4791 6894 4949 7027 plus
5015 6894 5028 7027 à

4708 7063 5022 7160 propos.
