5520 7640
548 337 905 478 propos.
1045 337 1262 478 Choſe
1338 337 1453 478 qui
1542 337 1976 478 demonſtre
2040 337 2193 478 bien
2269 337 2307 478 la
2384 337 2664 478 grande

549 459 922 591 neceſſité
1018 459 1078 591 de
1151 459 1548 591 travailler
1608 459 1620 591 à
1692 459 1957 591 temps
2017 459 2125 591 ſur
2186 459 2282 591 les
2366 459 2667 591 mouve-

583 590 766 728 mens
852 590 1316 728 contraires,
1427 590 1439 728 &
1488 590 1524 728 la
1598 590 2026 728 difference
2111 590 2270 728 qu’il
2332 590 2344 728 y
2405 590 2405 728 a
2491 590 2552 728 de
2601 590 2650 728 ſe

543 706 785 835 laiſſer
854 706 1269 835 eſchapper
1315 706 1419 835 les
1488 706 2215 835 commencemens
2284 706 2388 835 des
2446 706 2653 835 occa-

546 835 736 966 ſions
802 835 969 966 hors
1036 835 1147 966 des
1236 835 1481 966 mains,
1548 835 1604 966 ou
1693 835 1749 966 de
1804 835 1904 966 les
1960 835 2428 966 rencontrer
2483 835 2650 966 tout

537 962 548 1108 à
619 962 667 1108 la
737 962 1127 1108 premiere
1198 962 1600 1108 abordee.
1718 962 1895 1108 dont
1955 962 2073 1108 l’un
2167 962 2226 1108 ſe
2285 962 2404 1108 fait
2474 962 2652 1108 avec

538 1087 1020 1235 tresgrande
1091 1087 1585 1235 aſſeurance,
1714 1087 1714 1235 &
1773 1087 2044 1235 l’autre
2103 1087 2279 1235 avec
2338 1087 2361 1235 ſi
2432 1087 2667 1235 extre-

575 1213 651 1362 me
728 1213 1048 1362 danger,
1111 1213 1265 1362 qu’il
1329 1213 1418 1362 eſt
1482 1213 1776 1362 comme
1827 1213 2274 1362 impoſſible
2338 1213 2428 1362 d’y
2504 1213 2670 1362 don-

546 1341 659 1474 ner
761 1341 1034 1474 ordre.
1204 1341 1374 1474 Pour
1465 1341 1703 1474 eviter
1805 1341 1941 1474 ceſt
2010 1341 2645 1474 inconvenient,

534 1466 568 1613 il
637 1466 797 1613 faut
889 1466 1439 1613 recognoiſtre
1519 1466 1623 1613 les
1714 1466 2436 1613 commencemens
2551 1466 2654 1613 des

534 1591 843 1738 aions
969 1591 1404 1738 contraires
1518 1591 1633 1738 par
1736 1591 2434 1738 l’attouchement
2537 1591 2652 1738 des

558 1717 866 1867 eſpees;
1006 1717 1006 1867 &
1070 1717 1173 1867 les
1250 1717 1903 1867 recognoiſſant,
1979 1717 2248 1867 aſſiſter
2325 1717 2376 1867 le
2440 1717 2671 1867 ſenti-

565 1846 754 1991 ment
801 1846 978 1991 avec
1037 1846 1084 1991 le
1143 1846 1461 1991 ſecours
1520 1846 1579 1991 du
1662 1846 1910 1991 corps,
1992 1846 2040 1991 du
2110 1846 2311 1991 bras,
2441 1846 2452 1991 &
2547 1846 2653 1991 des

548 1967 768 2117 pieds
829 1967 1318 2117 egalement,
1380 1967 1490 2117 afin
1588 1967 1710 2117 que
1771 1967 1942 2117 tout
1991 1967 2138 2117 aille
2211 1967 2285 2117 un
2395 1967 2652 2117 meſme

539 2094 759 2245 train.
857 2094 1016 2245 C’eſt
1065 2094 1542 2245 pourquoy,
1591 2094 1787 2245 nous
1836 2094 2081 2245 avons
2142 2094 2411 2245 deſcrit
2473 2094 2497 2245 ſi
2558 2094 2668 2245 cu-

543 2223 1035 2340 rieuſement
1188 2223 1188 2340 &
1275 2223 1788 2340 exaement
1887 2223 2062 2340 tous
2138 2223 2236 2340 les
2356 2223 2662 2340 mouve-

571 2343 759 2491 mens
865 2343 970 2491 qui
1041 2343 1217 2491 vont
1287 2343 1405 2491 par
1487 2343 1933 2491 enſemble,
2003 2343 2156 2491 tant
2238 2343 2297 2491 du
2391 2343 2649 2491 corps,

560 2471 690 2618 que
761 2471 808 2618 du
879 2471 1092 2618 bras,
1222 2471 1222 2618 &
1304 2471 1411 2618 des
1458 2471 1730 2618 pieds:
1812 2471 2108 2618 comme
2190 2471 2533 2618 d’eſlever
2604 2471 2651 2618 le

536 2598 716 2740 pied
799 2598 979 2740 droit
1062 2598 1134 2740 de
1206 2598 1445 2740 terre,
1516 2598 1636 2740 d’en
1732 2598 1899 2740 faire
1971 2598 2114 2740 une
2174 2598 2413 2740 petite
2485 2598 2652 2740 pau-

531 2721 651 2872 ſe,
782 2721 842 2872 de
914 2721 1309 2872 l’avancer
1368 2721 1548 2872 avec
1620 2721 1655 2872 la
1727 2721 1990 2872 jambe
2074 2721 2361 2872 roide,
2481 2721 2528 2872 de
2600 2721 2660 2872 le

537 2844 844 2991 planter
914 2844 1457 2991 haſtivement
1505 2844 1517 2991 à
1576 2844 1823 2991 terre:
1894 2844 2437 2991 pareillement
2485 2844 2650 2991 auſſi

528 2970 576 3119 la
671 2970 1087 3119 demarche
1171 2970 1230 3119 du
1314 2970 1492 3119 pied
1576 2970 1897 3119 gauche,
1956 2970 2135 3119 avec
2206 2970 2480 3119 toutes
2552 2970 2647 3119 ſes

529 3094 1175 3239 particularitez.
1284 3094 1382 3239 Car
1430 3094 1455 3239 ſi
1503 3094 1552 3239 le
1613 3094 2051 3239 ſentiment
2112 3094 2429 3239 n’eſtoit
2477 3094 2636 3239 bien

537 3219 762 3366 aſſiſté
833 3219 880 3366 du
987 3219 1497 3366 mouvement
1568 3219 1686 3366 des
1745 3219 1982 3366 pieds,
2054 3219 2089 3366 il
2148 3219 2219 3366 ne
2291 3219 2658 3366 pourroit

544 3343 717 3495 eſtre
792 3343 978 3495 aſſez
1040 3343 1275 3495 juſte,
1325 3343 1511 3495 pour
1585 3343 2130 3495 recognoiſtre
2254 3343 2254 3495 &
2316 3343 2651 3495 rencon-

538 3473 682 3623 trer
727 3473 827 3623 les
882 3473 1182 3623 aions
1248 3473 1681 3623 contraires
1792 3473 1792 3623 &
1858 3473 2058 3623 leurs
2147 3473 2657 3623 commence-

556 3599 815 3694 ments.

705 3718 764 3844 Ce
824 3718 955 3844 que
1002 3718 1109 3844 les
1157 3718 1371 3844 pieds
1442 3718 1752 3844 doivent
1811 3718 1978 3844 ainſi
2026 3718 2335 3844 tomber
2395 3718 2395 3844 à
2454 3718 2656 3844 terre

528 3851 540 3967 à
588 3851 624 3967 la
708 3851 1070 3967 Seconde
1130 3851 1515 3967 Inſtance,
1624 3851 1624 3967 &
1696 3851 1744 3967 en
1805 3851 2082 3967 tenant
2130 3851 2407 3967 l’eſpee
2491 3851 2660 3967 con-

533 3974 752 4091 traire
825 3974 1287 4091 aſſujettie,
1396 3974 1578 4091 eſtre
1639 3974 1882 4091 ſituez
1955 3974 2490 4091 preciſement
2551 3974 2660 4091 ſur

527 4100 630 4223 les
675 4100 926 4223 lignes
994 4100 1119 4223 que
1176 4100 1369 4223 nous
1415 4100 1654 4223 avons
1734 4100 2132 4223 deſcrites;
2200 4100 2371 4223 avec
2428 4100 2473 4223 le
2541 4100 2644 4223 co-

529 4223 624 4349 ſté
683 4223 977 4349 gauche
1060 4223 1107 4349 du
1201 4223 1414 4349 corps
1484 4223 1767 4349 tourné
1838 4223 1897 4349 un
1991 4223 2109 4349 peu
2204 4223 2251 4349 en
2333 4223 2640 4349 devant,

593 4348 593 4446 &
640 4348 699 4446 le
758 4348 924 4446 bras
983 4348 1515 4446 deſcendant,
1633 4348 1645 4446 &
1728 4348 2355 4446 mediocrement
2414 4348 2650 4446 eſten-

553 4473 660 4602 du,
707 4473 743 4602 la
838 4473 1040 4602 garde
1100 4473 1480 4602 revenant
1551 4473 1813 4602 devers
1872 4473 1920 4602 le
2003 4473 2194 4602 coſté
2265 4473 2503 4602 droit,
2562 4473 2633 4602 un

532 4599 654 4725 peu
739 4599 898 4725 plus
959 4599 1191 4725 haute
1276 4599 1410 4725 que
1471 4599 1508 4725 la
1581 4599 1935 4725 hanche:
2020 4599 2167 4725 c’eſt
2240 4599 2423 4725 pour
2508 4599 2643 4725 deſ-

554 4725 845 4843 couvrir
906 4725 918 4843 à
978 4725 1354 4843 l’ennemi
1414 4725 1463 4843 le
1536 4725 1729 4843 coſté
1814 4725 2166 4843 gauche,
2262 4725 2371 4843 qui
2444 4725 2529 4843 eſt
2590 4725 2638 4843 le

548 4848 697 4988 plus
750 4848 979 4988 facile
1020 4848 1033 4988 à
1101 4848 1505 4988 defendre,
1572 4848 1747 4988 ainſi
1801 4848 1963 4988 qu’il
2017 4848 2367 4988 paroiſtra
2435 4848 2542 4988 par
2596 4848 2637 4988 le

567 4974 811 5092 Cercle
896 4974 933 5092 2.
1042 4974 1091 5092 du
1189 4974 1554 5092 ſuivant;
1700 4974 1713 5092 &
1798 4974 1981 5092 pour
2054 4974 2249 5092 tenir
2310 4974 2359 5092 le
2444 4974 2639 5092 coſté

556 5100 737 5224 droit
809 5100 1134 5224 d’autant
1194 5100 1351 5224 plus
1399 5100 1712 5224 arriere,
1749 5100 1929 5224 avec
1978 5100 2026 5224 le
2074 5100 2243 5224 bras
2351 5100 2351 5224 &
2399 5100 2435 5224 la
2508 5100 2652 5224 gar-

548 5224 622 5350 de
684 5224 1055 5350 preparés
1105 5224 1105 5350 à
1167 5224 1204 5350 ſa
1303 5224 1637 5350 defenſe,
1699 5224 1997 5350 comme
2083 5224 2294 5350 celuy
2380 5224 2492 5350 qui
2554 5224 2640 5350 eſt

531 5352 579 5474 le
651 5352 807 5474 plus
879 5352 1142 5474 expoſé
1202 5352 1262 5474 au
1346 5352 1657 5474 danger,
1729 5352 1789 5474 ce
1861 5352 2053 5474 qu’on
2136 5352 2328 5474 verra
2388 5352 2496 5474 par
2544 5352 2652 5474 les

557 5481 966 5597 exemples
1026 5481 1086 5597 du
1182 5481 1495 5597 Tableau
1567 5481 1904 5597 preſent.

706 5605 766 5723 Or
813 5605 1004 5723 pour
1087 5605 1134 5723 en
1206 5605 1408 5723 venir
1455 5605 1467 5723 à
1527 5605 1562 5723 ſa
1645 5605 2145 5723 deſcription,
2192 5605 2394 5723 nous
2454 5605 2644 5723 com-

574 5723 1027 5848 mencerons
1100 5723 1210 5848 par
1259 5723 1308 5848 le
1418 5723 1650 5848 Cercle
1736 5723 1784 5848 4.
1870 5723 2151 5848 duquel
2200 5723 2298 5848 les
2359 5723 2652 5848 figures

547 5851 1097 5974 repreſentent
1168 5851 1367 5974 deux
1437 5851 1882 5974 differentes
1964 5851 2468 5974 operations:
2527 5851 2656 5974 l’u-

548 5975 619 6097 ne
714 5975 821 6097 qui
904 5975 952 6097 va
1047 5975 1107 6097 de
1202 5975 1392 6097 droit
1475 5975 1796 6097 devant,
1951 5975 1951 6097 &
2010 5975 2283 6097 l’autre
2343 5975 2462 6097 qui
2509 5975 2640 6097 ſuit

537 6101 759 6223 apres
806 6101 852 6223 le
946 6101 1191 6223 Cercle
1261 6101 1296 6223 2.
1366 6101 1565 6223 nous
1623 6101 2032 6223 parlerons
2103 6101 2278 6223 donc
2336 6101 2640 6223 preſen-

531 6226 842 6352 tement
911 6226 980 6352 de
1026 6226 1060 6352 la
1129 6226 1544 6352 premiere.

3018 373 3503 544 CERCLE
3774 373 3871 544 N.
3987 373 4026 544 4.
4181 373 4840 544 PREMIERE

3447 590 4314 669 OPERATION.

2831 772 2910 908 Des
2979 772 3412 908 qu’Alexandre
3457 772 3731 908 commence
3788 772 3799 908 à
3845 772 4039 908 vouloir
4084 772 4358 908 accoupler
4403 772 4472 908 les
4529 772 4734 908 eſpees;
4836 772 4916 908 Za-

2916 895 3098 1032 charie
3143 895 3211 1032 luy
3257 895 3347 1032 tire
3393 895 3472 1032 une
3518 895 3756 1032 eſtocade
3801 895 3835 1032 en
3903 895 4074 1032 dehors
4142 895 4187 1032 du
4232 895 4346 1032 bras
4403 895 4573 1032 devers
4618 895 4641 1032 le
4686 895 4902 1032 vſage:

2933 1024 3032 1163 dont
3082 1024 3107 1163 il
3144 1024 3206 1163 eſt
3243 1024 3305 1163 luy
3379 1024 3528 1163 meſme
3565 1024 3814 1163 ſurprins
3900 1024 3913 1163 &
3962 1024 4099 1163 bleſſé
4148 1024 4235 1163 par
4310 1024 4657 1163 Alexandre,
4731 1024 4756 1163 en
4843 1024 4905 1163 de-

2907 1153 3183 1285 ſtournant
3239 1153 3283 1285 la
3360 1153 3626 1285 demarche
3681 1153 3725 1285 un
3792 1153 3869 1285 peu
3936 1153 3969 1285 en
4057 1153 4267 1285 dehors,
4389 1153 4389 1285 &
4456 1153 4522 1285 luy
4566 1153 4798 1285 fermant
4854 1153 4898 1285 la

2939 1282 3082 1397 droite
3130 1282 3285 1397 ligne.

3304 1484 3547 1619 Eſtans
3608 1484 3948 1619 trouvez
4008 1484 4106 1619 les
4179 1484 4361 1619 deux
4422 1484 4701 1619 parties
4762 1484 4774 1619 à
4847 1484 4883 1619 la

3277 1617 3657 1751 Premiere
3730 1617 4098 1751 Inſtance
4183 1617 4220 1751 en
4318 1617 4624 1751 poſture
4722 1617 4784 1751 de
4845 1617 4882 1751 la

3270 1737 3511 1866 droite
3549 1737 3790 1866 ligne,
3840 1737 3942 1866 les
4005 1737 4258 1866 eſpees
4322 1737 4714 1866 paralleles
4778 1737 4891 1866 l’u-

3257 1865 3333 1965 ne
3376 1865 3387 1965 à
3431 1865 3736 1965 l’autre.
3844 1865 3855 1965 A
3931 1865 4421 1965 LEXANDRE
4497 1865 4900 1965 commen-

2807 1991 2868 2122 ce
2916 1991 2928 2122 à
2989 1991 3364 2122 travailler
3412 1991 3593 2122 avec
3642 1991 4029 2122 intention
4114 1991 4561 2122 d’aſſujettir
4622 1991 4888 2122 l’eſpee

2806 2115 3187 2235 contraire
3235 2115 3247 2235 à
3295 2115 3330 2235 la
3414 2115 3760 2235 Seconde
3819 2115 4213 2235 Inſtance.
4308 2115 4356 2235 Et
4403 2115 4594 2235 pour
4665 2115 4725 2235 ce
4785 2115 4892 2235 fai-

2796 2239 2881 2363 re,
2955 2239 3187 2363 ayant
3224 2239 3383 2363 levé
3432 2239 3481 2363 le
3543 2239 3714 2363 pied
3775 2239 3996 2363 droit,
4069 2239 4118 2363 en
4191 2239 4583 2363 touchant
4632 2239 4902 2363 l’eſpee

2805 2360 3184 2465 contraire
3244 2360 3291 2465 en
3374 2360 3694 2465 dedans,
3766 2360 3813 2465 du
3896 2360 4121 2465 foible
4169 2360 4228 2465 le
4276 2360 4477 2465 fort;
4572 2360 4572 2465 Z
4632 2360 4703 2465 Ac
4786 2360 4893 2465 HA-

2792 2490 2896 2611 RIE
2966 2490 3082 2611 fait
3140 2490 3175 2611 ſa
3244 2490 3650 2611 cavation,
3790 2490 3801 2611 &
3848 2490 3975 2611 luy
4033 2490 4161 2611 tire
4219 2490 4393 2611 avec
4440 2490 4498 2611 le
4544 2490 4707 2611 bras
4753 2490 4892 2611 roi-

2792 2612 2864 2738 de
2924 2612 3055 2738 une
3127 2612 3473 2738 eſtocade
3532 2612 3831 2738 reſolue
3915 2612 4177 2738 devers
4225 2612 4285 2738 le
4344 2612 4583 2738 viſage
4655 2612 4703 2738 en
4798 2612 4906 2738 de-

2782 2737 2954 2864 hors
3040 2737 3089 2864 du
3186 2737 3407 2864 bras,
3468 2737 3860 2864 avançant
3921 2737 3970 2864 le
4031 2737 4215 2864 pied
4288 2737 4484 2864 droit
4533 2737 4876 2864 juſqu’au

2792 2866 3008 2984 point
3092 2866 3128 2984 R.
3188 2866 3296 2984 ſur
3343 2866 3391 2984 le
3475 2866 3882 2984 Diametre.
4014 2866 4649 2984 ALEXANDRE
4721 2866 4901 2984 s’ap-

2790 2987 3224 3111 percevant
3271 2987 3388 3111 par
3435 2987 3482 3111 le
3529 2987 3998 3111 ſentiment,
4057 2987 4186 3111 que
4233 2987 4502 3111 l’eſpee
4573 2987 4890 3111 contrai-

2791 3108 2837 3211 re
2896 3108 2954 3211 ſe
3012 3108 3478 3211 commence
3536 3108 3548 3211 à
3594 3108 3641 3211 ſe
3711 3108 4142 3211 deſtacher,
4165 3108 4212 3211 il
4258 3108 4515 3211 eſtend
4573 3108 4736 3211 tout
4806 3108 4864 3211 au

2816 3235 3071 3357 meſme
3119 3235 3410 3357 inſtant
3447 3235 3507 3357 le
3556 3235 3726 3357 bras
3835 3235 3835 3357 &
3883 3235 4150 3357 l’eſpee
4235 3235 4502 3357 devers
4550 3235 4647 3357 ſon
4732 3235 4902 3357 viſa-

2803 3360 2900 3483 ge,
2948 3360 2984 3483 la
3044 3360 3310 3483 pointe
3371 3360 3648 3483 d’icelle
3709 3360 3769 3483 un
3841 3360 3962 3483 peu
4035 3360 4542 3483 aſcendante,
4590 3360 4638 3483 en
4723 3360 4892 3483 croi-

2788 3484 2927 3607 ſant
2996 3484 3261 3607 l’eſpee
3342 3484 3723 3607 contraire
3849 3484 3849 3607 &
3919 3484 3976 3607 en
4080 3484 4588 3607 deſtournant
4657 3484 4703 3607 ſa
4784 3484 4888 3607 de-

2811 3602 3100 3724 marche
3169 3602 3215 3724 en
3330 3602 3653 3724 dehors,
3723 3602 3896 3724 avec
3965 3602 4011 3724 le
4103 3602 4219 3724 dos
4276 3602 4576 3724 panché
4645 3602 4657 3724 à
4715 3602 4888 3724 l’en-

2806 3725 2984 3852 vers,
3086 3725 3086 3852 &
3137 3725 3188 3852 le
3252 3725 3469 3852 corps
3533 3725 3749 3852 dreſſé
3813 3725 3864 3852 en
3928 3725 4247 3852 pourfil,
4298 3725 4323 3852 il
4400 3725 4565 3852 poſe
4604 3725 4655 3852 le
4718 3725 4884 3852 pied

2788 3850 2788 3949 à
2846 3850 3044 3949 terre
3102 3850 3207 3949 ſur
3253 3850 3300 3949 la
3370 3850 3707 3949 ſeconde
3754 3850 4266 3949 interſeion
4359 3850 4417 3949 de
4464 3850 4510 3949 la
4580 3850 4894 3949 collate-

2791 3974 2925 4103 rale
3034 3974 3046 4103 C
3131 3974 3192 4103 S.
3277 3974 3325 4103 en
3434 3974 3810 4103 graduant
3907 3974 4551 4103 circulairement
4611 3974 4878 4103 l’eſpee

2817 4095 2866 4224 de
2927 4095 3025 4224 ſon
3110 4095 3465 4224 ennemi,
3587 4095 3599 4224 &
3648 4095 3697 4224 le
3746 4095 4076 4224 bleſſant
4125 4095 4186 4224 au
4259 4095 4552 4224 viſage;
4675 4095 4675 4224 &
4736 4095 4882 4224 laiſ-

2791 4220 2935 4350 ſant
2995 4220 3236 4350 ſuivre
3308 4220 3357 4350 le
3417 4220 3585 4350 pied
3658 4220 3946 4350 gauche
4031 4220 4079 4350 en
4163 4220 4500 4350 trainant
4560 4220 4898 4350 propor-

2789 4346 3462 4475 tionnellement,
3569 4346 3758 4475 pour
3829 4346 4207 4475 accoiſtre
4266 4346 4313 4475 la
4408 4346 4727 4475 vigueur
4821 4346 4880 4475 de

2788 4471 2882 4599 ſon
2965 4471 3367 4599 eſtocade:
3438 4471 3603 4599 ainſi
3662 4471 3852 4599 qu’on
3923 4471 3970 4599 le
4041 4471 4183 4599 voit
4230 4471 4289 4599 au
4360 4471 4750 4599 pourtrait
4821 4471 4880 4599 de

2796 4596 2835 4713 ſa
2900 4596 3174 4713 figure,
3265 4596 3500 4713 Cercle
3579 4596 3618 4713 4.

2964 4719 3013 4848 Or
3075 4719 3249 4848 ainſi
3323 4719 3447 4848 que
3533 4719 3719 4848 ceſte
3806 4719 4128 4848 cavation
4214 4719 4227 4848 à
4313 4719 4450 4848 eſté
4511 4719 4685 4848 faite
4771 4719 4883 4848 par

2839 4843 3181 4970 Zacharie
3230 4843 3401 4970 tout
3475 4843 3475 4970 à
3548 4843 3927 4970 l’inſtant,
3988 4843 4208 4970 apres
4244 4843 4708 4970 l’eſlevation
4818 4843 4867 4970 du

2790 4967 2971 5089 pied
3044 4967 3225 5089 droit
3298 4967 3879 5089 d’ALExandre,
4000 4967 4000 5089 &
4084 4967 4145 5089 de
4205 4967 4883 5089 l’attouchement

2810 5092 2916 5222 des
2998 5092 3186 5222 deux
3245 5092 3550 5222 lames,
3644 5092 3962 5222 aſſavoir
4044 5092 4314 5222 durant
4373 5092 4420 5222 la
4502 5092 4890 5222 premiere

2786 5217 3062 5341 pauſe;
3159 5217 3327 5341 auſſi
3387 5217 3435 5341 la
3507 5217 3784 5341 pourra
3844 5217 3880 5341 il
3941 5217 4121 5341 faire
4205 5217 4470 5341 durant
4518 5217 4891 5341 l’avance-

2810 5344 3000 5473 ment
3059 5344 3106 5473 du
3213 5344 3463 5473 meſme
3522 5344 3688 5473 pied
3759 5344 4020 5473 devers
4068 5344 4115 5473 le
4199 5344 4389 5473 coſté
4460 5344 4745 5473 gauche
4804 5344 4863 5473 au

2795 5471 3521 5593 commencement
3613 5471 3659 5593 du
3774 5471 4155 5593 tranſport
4259 5471 4316 5593 de
4397 5471 4489 5593 ſon
4604 5471 4869 5593 eſpee,

2782 5592 3006 5717 avant
3095 5592 3230 5717 que
3286 5592 3341 5717 le
3420 5592 3632 5717 corps
3722 5592 4258 5717 d’ALExandre
4348 5592 4806 5717 commence
4862 5592 4862 5717 à

2788 5718 3308 5841 tresbucher.
3432 5718 3568 5841 Cela
3654 5718 3914 5841 eſtant,
3963 5718 4000 5841 il
4038 5718 4087 5841 ſe
4137 5718 4396 5841 faudra
4470 5718 4705 5841 regler
4767 5718 4879 5841 en-

2798 5844 2905 5966 cor
2987 5844 3035 5966 en
3129 5844 3176 5966 la
3283 5844 3542 5966 meſme
3601 5844 3838 5966 ſorte.
3979 5844 4133 5966 C’eſt
4204 5844 4393 5966 qu’on
4487 5844 4865 5966 entrerera

2783 5969 2887 6067 ſur
2945 5969 3317 6067 l’ennemi
3387 5969 3434 6067 en
3527 5969 3747 6067 allant
3840 5969 4096 6067 devers
4154 5969 4201 6067 le
4317 5969 4724 6067 Diametre,
4828 5969 4875 6067 le

2789 6091 2956 6216 plus
3033 6091 3201 6216 qu’il
3265 6091 3394 6216 ſera
3471 6091 3832 6216 poſſible,
3935 6091 4051 6216 afin
4154 6091 4205 6216 de
4282 6091 4540 6216 porter
4604 6091 4875 6216 l’eſpee

2784 6216 2937 6340 tant
2996 6216 3160 6340 plus
3207 6216 3701 6340 facilement,
3783 6216 3972 6340 quaſi
4019 6216 4124 6340 par
4230 6216 4536 6340 maniere
4630 6216 4689 6340 de
4747 6216 4888 6340 jet-

2789 6337 2923 6457 ter,
2983 6337 3020 6457 en
3105 6337 3468 6457 croiſant,
3529 6337 3578 6457 au
3675 6337 3905 6457 deſſus
3966 6337 4026 6457 de
4099 6337 4257 6457 celle
4330 6337 4451 6457 qui
4487 6337 4609 6457 fait
4657 6337 4706 6457 la
4778 6337 4875 6457 ca-

2801 6458 3085 6586 vation.
3192 6458 3287 6586 Car
3346 6458 3607 6586 autant
3654 6458 3820 6586 plus
3879 6458 4069 6586 qu’on
4140 6458 4259 6586 s’en
4330 6458 4733 6586 approche
4804 6458 4851 6586 en

2789 6589 3023 6708 tirant
3093 6589 3257 6708 vers
3327 6589 3374 6708 le
3491 6589 3888 6708 Diametre,
3947 6589 4204 6708 autant
4274 6589 4438 6708 plus
4496 6589 4870 6708 aiſement

2808 6708 2857 6843 on
2932 6708 3056 6843 luy
3130 6708 3390 6843 pourra
3452 6708 3724 6843 fermer
3774 6708 3811 6843 la
3886 6708 4121 6843 droite
4195 6708 4418 6843 ligne,
4542 6708 4542 6843 &
4604 6708 4877 6843 autant

2809 6838 2964 6979 plus
3042 6838 3262 6979 grand
3314 6838 3456 6979 ſera
3508 6838 3844 6979 l’angle,
3948 6838 4051 6979 qui
4116 6838 4310 6979 nous
4388 6838 4517 6979 ſera
4608 6838 4879 6979 ouvert

4694 7002 4874 7090 pour
