5520 7640
3573 3387 3880 3586 Cercle
4077 3387 4339 3586 N.4.

2856 3617 3111 3752 Zacharie
3155 3617 3244 3752 fait
3300 3617 3344 3752 ſa
3399 3617 3687 3752 cavation,
3787 3617 3787 3752 &
3832 3617 3931 3752 tire
3976 3617 4253 3752 l’eſtocade
4308 3617 4341 3752 en
4408 3617 4585 3752 dehors
4641 3617 4674 3752 du
4718 3617 4829 3752 bras
4896 3617 4962 3752 de-

2953 3743 3056 3878 vers
3102 3743 3125 3878 le
3182 3743 3354 3878 viſage
3422 3743 3456 3878 de
3514 3743 3548 3878 ſa
3605 3743 3777 3878 partie
3834 3743 4051 3878 adverſe
4097 3743 4143 3878 au
4200 3743 4372 3878 temps
4429 3743 4520 3878 que
4578 3743 4635 3878 ſon
4715 3743 4841 3878 eſpee
4909 3743 4966 3878 eſt

2952 3859 3261 4008 aſſujettie:
3339 3859 3438 4008 dont
3537 3859 3836 4008 Alexandre
3891 3859 4090 4008 marché
4134 3859 4145 4008 à
4189 3859 4433 4008 l’envers
4477 3859 4598 4008 avec
4642 3859 4665 4008 le
4731 3859 4797 4008 dos
4841 3859 4963 4008 pan-

2944 3986 3025 4129 ché
3084 3986 3107 4129 de
3177 3986 3375 4129 meſme,
3445 3986 3480 4129 en
3527 3986 3597 4129 luy
3655 3986 3877 4129 donnant
3924 3986 4215 4129 l’atteinte
4274 3986 4367 4129 par
4425 3986 4577 4129 deſſus
4635 3986 4822 4129 l’eſpee
4892 3986 4962 4129 du-

2937 4107 3058 4252 rant
3091 4107 3124 4252 le
3168 4107 3344 4252 temps
3410 4107 3432 4252 de
3487 4107 3520 4252 la
3564 4107 3860 4252 cavation,
3926 4107 4234 4252 l’aſsiſtant
4300 4107 4410 4252 avec
4465 4107 4509 4252 la
4552 4107 4827 4252 pourſuite
4915 4107 4948 4252 du

2941 4244 3052 4365 pied
3113 4244 3335 4365 gauche.

3331 4392 3486 4531 Oicy
3534 4392 3678 4531 une
3749 4392 4084 4531 cavation
4167 4392 4287 4531 qui
4335 4392 4335 4531 a
4406 4392 4538 4531 eſté
4597 4392 4777 4531 faite
4836 4392 4956 4531 en-

3297 4518 3405 4655 cor
3453 4518 3621 4655 plus
3682 4518 3874 4655 tard,
3934 4518 4054 4655 que
4102 4518 4151 4655 la
4211 4518 4752 4655 precedente.
4848 4518 4944 4655 Car

3284 4647 3496 4783 apres
3567 4647 4277 4783 qu’ALEXANDRE
4360 4647 4608 4783 tenoit
4667 4647 4939 4783 l’eſpee

3293 4767 3676 4898 contraire
3723 4767 4130 4898 aſſujettie
4201 4767 4201 4898 à
4261 4767 4309 4898 la
4392 4767 4751 4898 Seconde
4834 4767 4942 4898 In-

2819 4893 3108 5037 ſtance,
3168 4893 3216 5037 en
3301 4893 3337 5037 la
3397 4893 3638 5037 forme
3711 4893 3771 5037 du
3879 4893 4120 5037 Cercle
4181 4893 4217 5037 1.
4313 4893 4494 5037 avec
4578 4893 4639 5037 un
4723 4893 4952 5037 ſenti-

2843 5022 3025 5150 ment
3134 5022 3424 5150 moderé
3509 5022 3570 5150 de
3642 5022 3800 5150 part
3933 5022 3933 5150 &
4018 5022 4357 5150 d’autre;
4502 5022 4938 5150 ZACHARIE

2807 5145 2928 5269 luy
3001 5145 3085 5269 eſt
3146 5145 3315 5269 venu
3388 5145 3570 5269 faire
3618 5145 3763 5269 une
3836 5145 4078 5269 feinte
4139 5145 4332 5269 pour
4381 5145 4441 5269 le
4502 5145 4780 5269 bleſſer
4865 5145 4913 5269 en

2834 5269 3075 5401 droite
3113 5269 3315 5401 ligne
3378 5269 3429 5401 au
3517 5269 3796 5401 viſage,
3859 5269 3985 5401 par
4049 5269 4327 5401 dehors
4453 5269 4453 5401 &
4517 5269 4630 5401 par
4706 5269 4947 5401 deſſus

2806 5391 3139 5533 l’eſpee;
3246 5391 3294 5533 en
3377 5391 3769 5533 avançant
3829 5391 3888 5533 le
3971 5391 4245 5533 corps,
4387 5391 4387 5533 &
4459 5391 4768 5533 entrant
4851 5391 4911 5533 du

2822 5513 2985 5659 pied
3061 5513 3237 5659 droit
3288 5513 3351 5659 un
3426 5513 3540 5659 peu
3628 5513 3741 5659 par
3804 5513 3968 5659 deça
4031 5513 4082 5659 le
4170 5513 4586 5659 Diametre,
4661 5513 4863 5659 quaſi
4926 5513 4926 5659 à

2807 5645 2856 5784 la
2929 5645 3161 5784 lettre
3271 5645 3332 5784 R.
3430 5645 3955 5784 pourſuivant
4016 5645 4016 5784 à
4102 5645 4273 5784 faire
4346 5645 4383 5784 la
4493 5645 4773 5784 charge
4859 5645 4908 5784 du

2830 5773 3045 5896 corps
3105 5773 3213 5896 ſur
3272 5773 3320 5896 le
3404 5773 3714 5896 genouil
3798 5773 3858 5896 de
3942 5773 4276 5896 devant,
4336 5773 4348 5896 à
4419 5773 4455 5896 la
4551 5773 4754 5896 mode
4826 5773 4933 5896 ac-

2829 5887 3334 6033 couſtumée.
3451 5887 3510 6033 Au
3628 5887 3886 6033 meſme
3945 5887 4227 6033 inſtant
4309 5887 4497 6033 donc
4579 5887 4943 6033 qu’ALE-

2844 6014 3161 6155 XANDRE
3222 6014 3710 6155 s’apperçoit
3771 6014 3881 6155 par
3929 6014 3978 6155 le
4039 6014 4478 6155 ſentiment
4552 6014 4613 6155 de
4661 6014 4930 6155 l’affoi-

2819 6138 3277 6276 bliſſement
3350 6138 3410 6276 de
3470 6138 3748 6276 l’eſpee
3820 6138 4206 6276 contraire
4279 6138 4327 6276 ſe
4412 6138 4737 6276 voulant
4822 6138 4942 6276 de-

2809 6267 3034 6411 livrer
3109 6267 3159 6411 de
3209 6267 3247 6411 la
3309 6267 3598 6411 ſienne,
3660 6267 3698 6411 il
3735 6267 3848 6411 luy
3923 6267 4186 6411 eſtend
4224 6267 4274 6411 le
4336 6267 4499 6411 bras
4599 6267 4612 6411 &
4662 6267 4925 6411 l’eſpee

2844 6390 3101 6536 devers
3163 6390 3224 6536 le
3297 6390 3579 6536 viſage,
3640 6390 3824 6536 avec
3885 6390 3934 6536 la
4007 6390 4277 6536 pointe
4363 6390 4705 6536 quelque
4791 6390 4914 6536 peu

2818 6514 3189 6639 hauſſée,
3308 6514 3678 6639 marchant
3786 6514 3834 6639 du
3929 6514 4108 6639 pied
4204 6514 4383 6639 droit
4455 6514 4467 6639 à
4550 6514 4933 6639 reculons

2818 6633 2986 6780 avec
3045 6633 3093 6780 la
3165 6633 3428 6780 jambe
3475 6633 3690 6780 roide
3810 6633 3822 6780 &
3870 6633 3917 6780 le
3989 6633 4109 6780 dos
4156 6633 4467 6780 panché
4515 6633 4527 6780 à
4598 6633 4921 6780 l’envers

2820 6765 2869 6907 au
2968 6765 3103 6907 delà
3201 6765 3250 6907 du
3361 6765 3779 6907 Diametre,
3902 6765 3914 6907 &
3988 6765 4210 6907 outre
4271 6765 4320 6907 la
4382 6765 4615 6907 lettre
4701 6765 4738 6907 E.
4787 6765 4935 6907 jet-

2807 6886 2965 7031 tant
3026 6886 3074 7031 au
3171 6886 3426 7031 meſme
3487 6886 3742 7031 temps
3791 6886 3888 7031 ſon
3985 6886 4191 7031 eſpee
4276 6886 4920 7031 circulairement

4821 7052 4919 7136 ſur

3615 429 3936 623 Cercle
4142 429 4371 623 N.3.

2882 649 3175 786 Alexandre
3222 649 3421 786 faiſant
3468 649 3796 786 l’execution
3866 649 3902 786 de
3960 649 4253 786 l’eſtocade
4312 649 4347 786 en
4394 649 4640 786 rigueur,
4687 649 4710 786 il
4769 649 4898 786 force
4933 649 4968 786 le

2965 777 3071 915 bras
3224 777 3413 915 l’eſpee
3460 777 3756 915 contraire,
3803 777 3838 915 en
3885 777 4110 915 entrant
4145 777 4393 915 juſqu’au
4464 777 4665 915 Centre,
4818 777 4972 915 pouſ-

2961 907 3065 1054 ſant
3123 907 3320 1054 l’eſpee
3377 907 3412 1054 de
3458 907 3597 1054 toute
3644 907 3678 1054 ſa
3736 907 3863 1054 force
3933 907 3933 1054 à
3979 907 4210 1054 travers
4257 907 4291 1054 la
4361 907 4477 1054 teſte
4558 907 4581 1054 de
4638 907 4708 1054 ſon
4766 907 4974 1054 adver-

2964 1047 3182 1151 ſaire.

3353 1190 3428 1308 Eſt
3478 1190 3528 1308 la
3591 1190 3804 1308 finale
3892 1190 4306 1308 execution
4407 1190 4469 1308 de
4532 1190 4971 1308 l’eſtocade

3300 1326 3853 1457 precedente,
3935 1326 4111 1457 faite
4170 1326 4288 1457 par
4382 1326 4958 1457 ALEXANDRE,

3312 1450 3359 1580 en
3430 1450 3822 1580 avançant
3869 1450 3917 1580 le
3988 1450 4237 1580 corps,
4296 1450 4676 1580 graduant
4723 1450 4830 1580 les
4877 1450 4972 1580 la-

3320 1578 3443 1681 mes
3510 1578 3689 1681 avec
3756 1578 3801 1681 le
3890 1578 4047 1681 bras
4114 1578 4394 1681 roide,
4561 1578 4561 1681 &
4651 1578 4953 1681 entrant

2842 1703 3014 1828 avec
3063 1703 3112 1828 le
3173 1703 3333 1828 pied
3407 1703 3591 1828 droit
3652 1703 3984 1828 juſqu’au
4094 1703 4401 1828 centre,
4475 1703 4524 1828 en
4610 1703 4856 1828 pliant
4905 1703 4954 1828 le

2858 1831 3169 1952 genouil
3240 1831 3587 1952 d’iceluy,
3646 1831 3838 1952 pour
3897 1831 3909 1952 y
3981 1831 4148 1952 faire
4208 1831 4387 1952 avec
4447 1831 4936 1952 l’execution

2860 1954 2909 2077 du
2993 1954 3175 2077 coup
3247 1954 3296 2077 la
3380 1954 3646 2077 charge
3719 1954 3767 2077 du
3852 1954 4106 2077 corps,
4167 1954 4203 2077 en
4276 1954 4687 2077 panchant
4735 1954 4844 2077 ſur
4892 1954 4953 2077 le

2859 2078 3162 2199 devant;
3258 2078 3258 2199 &
3319 2078 3645 2199 trainant
3694 2078 3742 2199 le
3803 2078 3972 2199 pied
4044 2078 4335 2199 gauche
4395 2078 4722 2199 derriere
4782 2078 4927 2199 bien

2832 2199 2999 2327 pres
3082 2199 3142 2327 de
3189 2199 3225 2327 la
3273 2199 3511 2327 lettre
3606 2199 3654 2327 G.
3737 2199 3797 2327 de
3857 2199 4047 2327 ſorte
4119 2199 4285 2327 qu’il
4345 2199 4547 2327 vient
4619 2199 4964 2327 rencon-

2842 2323 2974 2457 trer
3034 2323 3058 2457 ſi
3106 2323 3539 2457 rudement
3587 2323 3623 2457 la
3695 2323 3912 2457 garde
3996 2323 4441 2457 contraire,
4537 2323 4790 2457 qu’elle
4874 2323 4958 2457 eſt

2843 2458 3287 2578 contrainte
3371 2458 3431 2578 de
3491 2458 3611 2578 luy
3695 2458 3971 2578 ceder,
4103 2458 4103 2578 &
4175 2458 4404 2578 pliant
4476 2458 4524 2578 le
4584 2458 4800 2578 bras,
4944 2458 4956 2578 &

2833 2578 3121 2681 laiſſant
3184 2578 3535 2681 eſcouler
3585 2578 3623 2681 ſa
3673 2578 3873 2681 lame
3936 2578 3949 2681 à
4024 2578 4249 2681 coſté;
4375 2578 4538 2681 dont
4600 2578 4638 2681 il
4701 2578 4751 2681 ſe
4826 2578 4951 2681 fait

2833 2704 2970 2833 une
3045 2704 3069 2833 ſi
3132 2704 3331 2833 large
3406 2704 3842 2833 ouverture
3941 2704 4278 2833 d’angle,
4377 2704 4539 2833 qu’il
4626 2704 4664 2833 en
4763 2704 4950 2833 perd

2831 2832 3050 2951 toute
3111 2832 3548 2951 apparence
3621 2832 3682 2951 de
3730 2832 3767 2951 ſa
3852 2832 4180 2951 defenſe.

607 439 793 555 pour
886 439 898 555 y
991 439 1247 555 entrer
1329 439 1387 555 au
1526 439 1782 555 meſme
1864 439 2189 555 temps,
2282 439 2457 555 avec
2538 439 2701 555 plus

628 555 1171 673 d’aſſeurance.

1294 750 1606 924 Cercle
1829 750 2097 924 N.2.

643 977 643 1103 A
709 977 943 1103 l’inſtant
1010 977 1088 1103 que
1132 977 1166 1103 le
1221 977 1333 1103 pied
1411 977 1522 1103 droit
1589 977 1978 1103 d’Alexandre
2023 977 2301 1103 commence
2379 977 2379 1103 à
2457 977 2691 1103 tres-bu-

717 1105 835 1226 cher
878 1105 985 1226 vers
1028 1105 1221 1226 terre;
1339 1105 1586 1226 Zacharie
1640 1105 1704 1226 luy
1769 1105 1811 1226 va
1865 1105 1994 1226 tirer
2037 1105 2123 1226 une
2165 1105 2391 1226 eſtocade
2455 1105 2627 1226 devers
2670 1105 2702 1226 le

726 1235 894 1345 viſage
947 1235 978 1345 en
1052 1235 1220 1345 dehors
1294 1235 1326 1345 du
1399 1235 1547 1345 bras:
1631 1235 1726 1345 dont
1820 1235 2115 1345 Alexandre
2168 1235 2199 1345 le
2252 1235 2483 1345 previent
2536 1235 2694 1345 avant

723 1350 838 1471 qu’il
900 1350 963 1471 ait
1036 1350 1223 1471 achevé
1265 1350 1296 1471 ſa
1348 1350 1630 1471 cavation,
1671 1350 1703 1471 en
1776 1350 1984 1471 entrant
2036 1350 2140 1471 plus
2182 1350 2338 1471 avant
2401 1350 2589 1471 dedans
2682 1350 2693 1471 &

731 1477 1002 1595 graduant
1036 1477 1081 1595 ſa
1126 1477 1284 1595 lame;
1330 1477 1442 1595 avec
1488 1477 1521 1595 le
1566 1477 1668 1595 bras
1713 1477 1849 1595 roide
1939 1477 1939 1595 &
1995 1477 2029 1595 la
2074 1477 2244 1595 pointe
2300 1477 2469 1595 dreſſée
2526 1477 2695 1595 contre

722 1602 784 1711 ſon
847 1602 1098 1711 viſage.

1081 1766 1171 1887 Ais
1239 1766 1453 1887 voicy
1532 1766 1655 1887 que
1745 1766 2218 1887 ZACHARIE
2297 1766 2691 1887 commen-

1065 1888 1121 2005 ce
1165 1888 1176 2005 à
1221 1888 1400 2005 faire
1456 1888 1490 2005 ſa
1568 1888 1960 2005 cavation,
2004 1888 2060 2005 au
2139 1888 2385 2005 temps
2463 1888 2586 2005 que
2631 1888 2687 2005 le

1059 2018 1269 2134 corps
1336 2018 1402 2134 de
1446 2018 1490 2134 ſa
1546 2018 1789 2134 partie
1844 2018 2154 2134 adverſe
2221 2018 2685 2134 commence

1045 2136 1045 2249 à
1115 2136 1658 2249 tresbucher;
1774 2136 1820 2249 en
1936 2136 2341 2249 eſtendant
2422 2136 2688 2249 l’eſpee

590 2261 773 2359 avec
830 2261 887 2359 le
945 2261 1105 2359 bras
1174 2261 1460 2359 roide,
1620 2261 1620 2359 &
1700 2261 1746 2359 en
1838 2261 2067 2359 tirant
2136 2261 2502 2359 derechef
2571 2261 2674 2359 ſon

603 2380 954 2504 eſtocade
1014 2380 1063 2504 en
1135 2380 1341 2504 ligne
1413 2380 1680 2504 droite,
1740 2380 1909 2504 ainſi
1970 2380 2103 2504 que
2176 2380 2442 2504 deſſus,
2526 2380 2684 2504 vers

585 2506 631 2625 le
713 2506 946 2625 viſage
1028 2506 1098 2625 de
1156 2506 1191 2625 ſa
1249 2506 1494 2625 partie
1552 2506 1657 2625 par
1751 2506 2019 2625 dehors
2077 2506 2124 2625 le
2194 2506 2392 2625 bras,
2473 2506 2695 2625 avan-

601 2633 762 2749 çant
800 2633 849 2749 le
924 2633 1135 2749 corps
1247 2633 1247 2749 &
1296 2633 1346 2749 le
1408 2633 1569 2749 pied
1632 2633 1917 2749 juſqu’à
1967 2633 2004 2749 la
2066 2633 2290 2749 lettre
2376 2633 2426 2749 V.
2488 2633 2600 2749 ſur
2637 2633 2687 2749 le

632 2755 1028 2872 Diametre.
1112 2755 1148 2872 Si
1196 2755 1340 2872 toſt
1412 2755 2132 2872 qu’ALEXANDRE
2204 2755 2685 2872 s’apperçoit

588 2874 692 2998 par
750 2874 808 2998 le
877 2874 1352 2998 ſentiment,
1422 2874 1561 2998 que
1607 2874 1653 2998 la
1700 2874 1897 2998 lame
1978 2874 2360 2998 contraire
2418 2874 2696 2998 s’affoi-

579 2996 730 3118 blit,
776 2996 986 3118 voire
1044 2996 1311 3118 qu’elle
1369 2996 1788 3118 s’amortit;
1834 2996 1985 3118 ſans
2032 2996 2404 3118 attendre
2474 2996 2683 3118 qu’el-

573 3122 631 3226 le
677 3122 817 3226 ſoit
887 3122 1317 3226 deſtachee,
1363 3122 1398 3226 il
1445 3122 1445 3226 a
1503 3122 1724 3226 vance
1770 3122 1817 3226 la
1875 3122 2131 3226 ſienne
2189 3122 2363 3226 avec
2410 3122 2468 3226 le
2515 3122 2677 3226 bras

587 3243 951 3368 eſtendu,
985 3243 1030 3368 la
1087 3243 1360 3368 pointe
1417 3243 1474 3368 un
1554 3243 1679 3368 peu
1804 3243 2202 3368 montante
2270 3243 2418 3368 vers
2464 3243 2521 3368 le
2600 3243 2691 3368 vi-

569 3370 734 3493 ſage
816 3370 863 3493 du
957 3370 1393 3493 contraire,
1463 3370 1522 3493 au
1616 3370 1910 3493 travers
1969 3370 2040 3493 de
2087 3370 2122 3493 ſa
2192 3370 2334 3493 dite
2428 3370 2687 3493 eſpee;

561 3495 784 3615 icelle
867 3495 1289 3615 graduant,
1419 3495 1430 3615 &
1524 3495 1818 3615 entrant
1889 3495 2076 3615 avec
2147 3495 2194 3615 le
2253 3495 2429 3615 pied
2499 3495 2676 3615 droit

560 3613 633 3732 un
706 3613 828 3732 peu
901 3613 950 3732 au
1035 3613 1327 3732 dedans
1388 3613 1436 3732 du
1570 3613 1826 3732 Quarré
1887 3613 2203 3732 Inſcrit;
2325 3613 2325 3732 &
2373 3613 2678 3732 laiſſant

558 3737 847 3858 trainer
893 3737 951 3858 le
1020 3737 1309 3858 gauche
1378 3737 2336 3858 proportionnellement
2417 3737 2683 3858 derrie-

571 3862 619 3953 re
678 3862 785 3953 ſur
821 3862 868 3953 la
940 3862 1380 3953 collaterale
1452 3862 1904 3953 exterieure
2023 3862 2023 3953 G
2154 3862 2214 3953 M.
2297 3862 2464 3953 dont
2547 3862 2583 3953 il
2630 3862 2678 3953 ſe

591 3988 714 4111 met
792 3988 836 4111 en
926 3988 1250 4111 pourfil,
1328 3988 1372 4111 en
1462 3988 1841 4111 arreſtant
1886 3988 1931 4111 ſa
1998 3988 2265 4111 pointe
2332 3988 2377 4111 en
2466 3988 2679 4111 cour-

560 4111 771 4228 toiſie
853 4111 1122 4228 devant
1169 4111 1263 4228 les
1333 4111 1532 4228 yeux
1603 4111 1661 4228 de
1708 4111 1755 4228 ſa
1813 4111 2083 4228 partie,
2130 4111 2434 4228 ſuivant
2481 4111 2516 4228 la
2587 4111 2680 4228 re-

560 4237 1095 4356 preſentation
1180 4237 1253 4356 de
1301 4237 1338 4356 la
1398 4237 1678 4356 figure.

731 4358 945 4478 C’eſte
1033 4358 1361 4478 cavation
1474 4358 1575 4478 qui
1638 4358 1688 4478 ſe
1764 4358 1877 4478 fait
1952 4358 1952 4478 à
2028 4358 2355 4478 l’inſtant
2443 4358 2569 4478 que
2632 4358 2683 4478 la

591 4484 807 4606 Partie
897 4484 1362 4606 commence
1442 4484 1442 4606 à
1521 4484 1997 4606 tresbucher
2088 4484 2145 4606 du
2247 4484 2508 4606 corps,
2587 4484 2678 4606 eſt

565 4606 734 4730 plus
807 4606 1279 4730 dangereuſe
1339 4606 1521 4730 pour
1605 4606 2113 4730 ALExandre,
2198 4606 2331 4730 que
2404 4606 2452 4730 la
2525 4606 2682 4730 pre-

579 4732 949 4852 cedente,
1035 4732 1146 4852 qui
1195 4732 1244 4852 ſe
1318 4732 1429 4852 fait
1503 4732 1774 4852 durant
1848 4732 2008 4852 qu’il
2057 4732 2106 4852 ſe
2180 4732 2574 4852 ſouſtient
2624 4732 2673 4852 le

576 4860 797 4976 corps
855 4860 1076 4976 encor
1145 4860 1192 4976 en
1261 4860 1621 4976 balance,
1714 4860 1726 4976 &
1784 4860 1889 4976 par
1958 4860 2458 4976 conſequent
2527 4860 2678 4976 qu’il

562 4982 610 5101 le
670 4982 861 5101 peut
944 4982 1183 5101 mieux
1243 4982 1720 5101 gouverner.
1851 4982 2018 5101 C’eſt
2066 4982 2114 5101 la
2185 4982 2388 5101 cauſe
2448 4982 2687 5101 pour-

587 5107 779 5225 quoy
835 5107 1027 5225 nous
1072 5107 1310 5225 avons
1366 5107 1570 5225 voulu
1649 5107 2146 5225 repreſenter
2214 5107 2395 5225 ceſte
2462 5107 2688 5225 deux-

562 5231 757 5348 ieme
814 5231 1238 5348 rencontre
1306 5231 1352 5348 en
1432 5231 1707 5348 figure,
1776 5231 2074 5348 comme
2143 5231 2372 5348 eſtant
2418 5231 2452 5348 la
2509 5231 2681 5348 plus

595 5354 913 5471 difficile.
1036 5354 1219 5471 Auſſi
1280 5354 1513 5471 devez
1586 5354 1770 5471 vous
1818 5354 2112 5471 ſçavoir
2185 5354 2320 5471 que
2406 5354 2552 5471 c’eſt
2614 5354 2675 5471 le

565 5478 830 5607 temps
914 5478 1034 5607 que
1155 5478 1504 5607 Zacharie
1576 5478 1901 5607 prendra
1961 5478 2022 5607 le
2106 5478 2262 5607 plus
2347 5478 2684 5607 ſouvent

573 5603 754 5724 pour
810 5603 991 5724 tirer
1036 5603 1217 5724 avec
1285 5603 1318 5724 ſa
1409 5603 1815 5724 cavation;
1906 5603 2030 5724 que
2086 5603 2176 5724 s’il
2233 5603 2504 5724 attend
2583 5603 2685 5724 en-

574 5728 683 5846 cor
780 5728 1229 5846 d’avantage
1301 5728 1580 5846 juſqu’à
1653 5728 1811 5846 tant
1907 5728 2041 5846 que
2101 5728 2150 5846 le
2235 5728 2404 5846 pied
2489 5728 2683 5846 droit

592 5850 1142 5969 d’ALExandre
1191 5850 1325 5969 ſoit
1386 5850 1435 5969 en
1508 5850 1655 5969 ae
1728 5850 1790 5969 de
1851 5850 2266 5969 s’abaiſſer,
2327 5850 2388 5969 de
2449 5850 2657 5969 façon

579 5975 735 6095 qu’il
807 5975 892 6095 ne
964 5975 1096 6095 ſoit
1157 5975 1325 6095 plus
1409 5975 1457 6095 en
1542 5975 1638 6095 ſon
1734 5975 2071 6095 pouvoir
2144 5975 2204 6095 de
2252 5975 2312 6095 le
2384 5975 2685 6095 planter

574 6100 1041 6222 autrepart,
1148 6100 1268 6222 qu’à
1352 6100 1387 6222 la
1459 6100 1698 6222 lettre
1818 6100 1866 6222 G.
1961 6100 2009 6222 ou
2105 6100 2141 6222 il
2213 6100 2679 6222 s’attendoit

584 6225 1038 6342 d’aſſujettir
1100 6225 1431 6342 l’eſpee,
1492 6225 1529 6342 la
1615 6225 1947 6342 cavation
2020 6225 2143 6342 luy
2192 6225 2388 6342 ſera,
2462 6225 2511 6342 en
2622 6225 2671 6342 ce

568 6348 864 6469 faifant,
935 6348 1160 6469 encor
1207 6348 1373 6469 plus
1420 6348 1989 6469 avantageuſe.
2084 6348 2534 6469 Toutesfois
2593 6348 2652 6469 on

578 6473 633 6587 en
698 6473 840 6587 fera
905 6473 949 6587 la
1003 6473 1440 6587 rencontre
1505 6473 1549 6587 en
1614 6473 1658 6587 la
1745 6473 1996 6587 meſme
2051 6473 2291 6587 ſorte,
2367 6473 2673 6587 moyen-

566 6597 748 6709 nant
812 6597 1005 6709 qu’on
1090 6597 1465 6709 cõmence
1519 6597 1519 6709 à
1583 6597 1968 6709 travailler
2011 6597 2064 6709 au
2161 6597 2664 6709 commence-

602 6718 781 6838 ment
848 6718 904 6838 du
971 6718 1262 6838 temps,
1318 6718 1362 6838 en
1463 6718 1776 6838 mettant
1843 6718 2559 6838 conſequemment
2603 6718 2659 6838 le

582 6850 795 6968 corps
866 6850 913 6968 en
984 6850 1269 6968 pourfil
1316 6850 1482 6968 tout
1553 6850 1612 6968 de
1707 6850 1956 6968 meſme
2027 6850 2643 6968 qu’auparavant
