5520 7640
477 420 581 553 ſur
645 420 917 553 l’eſpee
1021 420 1072 553 de
1150 420 1241 553 ſon
1344 420 1732 553 contraire
1797 420 1849 553 en
1926 420 2289 553 croiſant,
2405 420 2418 553 &
2470 420 2586 553 luy

492 548 841 680 donnant
891 548 1328 680 l’atteinte;
1390 548 1739 680 laquelle
1802 548 1839 680 il
1889 548 2238 680 pourſuit
2300 548 2487 680 avec
2537 548 2587 680 le

484 672 653 806 pied
738 672 1064 806 gauche,
1137 672 1475 806 trainant
1523 672 2478 806 proportionnellement
2538 672 2599 806 a-

490 801 688 930 pres,
763 801 812 930 en
899 801 1283 930 graduant
1320 801 1432 930 les
1494 801 1779 930 eſpees,
1903 801 1915 930 &
1977 801 2027 930 ſe
2126 801 2436 930 mettant
2523 801 2572 930 en

494 925 818 1061 pourfil;
870 925 1180 1061 comme
1219 925 1258 1061 il
1323 925 1400 1061 eſt
1465 925 1905 1061 demonſtré
1970 925 2022 1061 en
2086 925 2125 1061 ſa
2190 925 2462 1061 figure.

1230 1113 1553 1308 Cercle
1761 1113 2015 1308 N.5.

504 1298 621 1466 C’eſt
679 1298 1006 1466 l’execution
1087 1298 1122 1466 de
1180 1298 1215 1466 la
1285 1298 1647 1466 precedente,
1705 1298 1996 1466 procedant
2054 1298 2089 1466 en
2159 1298 2462 1466 conformité
2544 1298 2614 1466 des

608 1496 811 1585 autres.

1012 1628 1090 1758 Eſt
1155 1628 1272 1758 icy
1337 1628 1831 1758 l’execution
1922 1628 2130 1758 finale
2221 1628 2286 1758 de
2325 1628 2377 1758 la
2468 1628 2624 1758 meſ-

996 1757 1070 1883 me
1144 1757 1552 1883 eſtocade,
1601 1757 1774 1883 faite
1836 1757 1947 1883 par
2021 1757 2614 1883 ALEXANDRE

957 1881 1141 1990 avec
1222 1881 1268 1990 le
1360 1881 1521 1990 bras
1602 1881 1878 1990 roide,
1994 1881 2040 1990 en
2155 1881 2454 1990 entrant
2535 1881 2592 1990 du

963 2009 1138 2131 pied
1225 2009 1412 2131 droit
1475 2009 1575 2131 ſur
1637 2009 1687 2131 le
1812 2009 2186 2131 Diametre
2286 2009 2486 2131 entre
2561 2009 2611 2131 la

498 2133 731 2230 lettre
854 2133 915 2230 H.
1038 2133 1050 2230 &
1112 2133 1161 2230 le
1271 2133 1603 2230 Centre:
1713 2133 2180 2230 continuant
2241 2133 2241 2230 à
2315 2133 2487 2230 faire
2560 2133 2609 2230 la

512 2259 780 2383 charge
853 2259 902 2383 en
975 2259 1377 2383 panchant
1438 2259 1536 2383 ſur
1585 2259 1646 2383 le
1707 2259 2024 2383 genouil
2072 2259 2499 2383 anterieur,
2597 2259 2609 2383 &

495 2380 507 2508 à
568 2380 861 2508 trainer
897 2380 946 2508 le
1007 2380 1190 2508 pied
1251 2380 1544 2508 gauche
1605 2380 1873 2508 apres,
1947 2380 1995 2508 en
2081 2380 2447 2508 graduant
2508 2380 2606 2508 les

488 2510 739 2635 lames
776 2510 1064 2635 juſqu’à
1139 2510 1615 2635 rencontrer
1678 2510 1728 2635 la
1803 2510 2016 2635 garde
2104 2510 2154 2635 de
2216 2510 2617 2635 l’ennemi,

511 2633 583 2759 de
643 2633 870 2759 toute
917 2633 953 2759 ſa
1013 2633 1228 2759 force
1276 2633 1312 2759 ſi
1372 2633 1838 2759 rudement,
1897 2633 2065 2759 qu’il
2100 2633 2160 2759 le
2232 2633 2614 2759 contraint

514 2758 588 2887 de
649 2758 981 2887 courber
1055 2758 1104 2887 le
1166 2758 1387 2887 bras,
1510 2758 1510 2887 &
1583 2758 1645 2887 de
1706 2758 1952 2887 laiſſer
2026 2758 2185 2887 aller
2247 2758 2284 2887 ſa
2345 2758 2603 2887 pointe

514 2883 559 3022 en
627 2883 809 3022 haut
877 2883 922 3022 en
1001 2883 1217 3022 angle
1285 2883 1568 3022 obtus;
1681 2883 1976 3022 comme
2067 2883 2123 3022 on
2191 2883 2248 3022 le
2327 2883 2463 3022 voit
2543 2883 2599 3022 re

504 3009 871 3126 preſenté
934 3009 985 3126 en
1061 3009 1099 3126 ſa
1149 3009 1440 3126 figure.

1242 3536 1541 3697 Cercle
1754 3536 2031 3697 N.

538 3734 791 3875 Zacharie
860 3734 1067 3875 faiſant
1136 3734 1366 3875 derechef
1436 3734 1470 3875 la
1528 3734 1815 3875 cavation,
1965 3734 2426 3875 conſequemment
2472 3734 2644 3875 l’eſto-

628 3853 743 3998 cade
801 3853 847 3998 au
893 3853 1066 3998 temps
1158 3853 1158 3998 &
1204 3853 1239 3998 en
1297 3853 1331 3998 la
1377 3853 1539 3998 forme
1585 3853 1677 3998 que
1723 3853 1896 3998 deſſus,
1977 3853 2138 3998 Cercle
2196 3853 2242 3998 4.
2334 3853 2633 3998 Alexandre

623 3984 655 4123 le
698 3984 943 4123 previent
986 3984 1029 4123 en
1072 3984 1157 4123 une
1221 3984 1371 4123 autre
1414 3984 1574 4123 ſorte,
1617 3984 1649 4123 ſe
1713 3984 1937 4123 mettant
1990 3984 2183 4123 durant
2215 3984 2247 4123 le
2290 3984 2461 4123 temps
2514 3984 2546 4123 de
2599 3984 2631 4123 la

635 4101 886 4247 cavation
966 4101 1149 4247 dedans
1195 4101 1447 4247 l’angle,
1516 4101 1550 4247 en
1618 4101 1882 4247 prennant
1927 4101 1962 4247 la
2019 4101 2168 4247 droite
2225 4101 2408 4247 ligne,
2511 4101 2522 4247 &
2568 4101 2637 4247 luy

639 4243 857 4373 perçant
901 4243 934 4373 en
988 4243 1218 4373 rigueur
1251 4243 1283 4373 la
1338 4243 1480 4373 teſte.

1014 4372 1152 4510 Eſte
1228 4372 1631 4510 operation
1719 4372 2072 4510 procede
2160 4372 2324 4510 auſſi
2425 4372 2475 4510 de
2538 4372 2651 4510 l’a-

1000 4497 1322 4638 vantage
1372 4497 1843 4638 repreſenté
1893 4497 1942 4638 au
2066 4497 2302 4638 Cercle
2376 4497 2401 4638 1.
2537 4497 2636 4638 Car

1015 4621 1669 4760 ALEXANDRE
1730 4621 1730 4760 a
1829 4621 1952 4760 eſté
2014 4621 2261 4760 planté
2322 4621 2643 4760 prealla-

990 4745 1351 4888 blement
1400 4745 1412 4888 à
1460 4745 1496 4888 la
1568 4745 2339 4888 SecondeInſtance,
2375 4745 2640 4888 tenant

520 4869 800 5022 l’eſpee
860 4869 1249 5022 contraire
1322 4869 1771 5022 aſſujettie,
1832 4869 2002 5022 avec
2075 4869 2135 5022 un
2208 4869 2645 5022 ſentiment

562 4994 943 5144 mediocre
1075 4994 1086 5144 &
1158 4994 1516 5144 temperé
1599 4994 1706 5144 des
1802 4994 1993 5144 deux
2076 4994 2362 5144 coſtez.
2481 4994 2672 5144 Lors.

575 5121 1111 5271 ZACHARIE
1195 5121 1326 5271 luy
1386 5121 1397 5271 a
1469 5121 1588 5271 fait
1660 5121 1803 5271 une
1898 5121 2232 5271 cavation
2339 5121 2530 5271 pour
2590 5121 2637 5271 le

534 5242 818 5377 bleſſer
909 5242 1284 5377 derechef
1348 5242 1400 5377 au
1503 5242 1736 5377 viſage
1813 5242 1930 5377 par
2020 5242 2291 5377 dehors
2343 5242 2653 5377 l’eſpee,

549 5365 598 5510 en
696 5365 1002 5510 entrant
1063 5365 1173 5510 ſur
1234 5365 1357 5510 luy
1430 5365 1602 5510 avec
1663 5365 1724 5510 le
1785 5365 1956 5510 bras
2042 5365 2336 5510 eſtendu
2434 5365 2532 5510 ſur
2593 5365 2642 5510 le

584 5500 999 5623 Diametre,
1048 5500 1097 5623 au
1207 5500 1427 5623 milieu
1512 5500 1622 5623 des
1671 5500 1952 5623 lettres
2037 5500 2086 5623 V.
2196 5500 2208 5623 &
2293 5500 2342 5623 R.

673 5598 712 5768 Il
776 5598 853 5768 eſt
918 5598 1085 5768 vray
1150 5598 1278 5768 que
1330 5598 1729 5768 l’occaſion
1807 5598 1884 5768 eſt
1935 5598 2154 5768 toute
2219 5598 2644 5768 ſemblable

541 5740 553 5894 à
637 5740 805 5894 celle
890 5740 938 5894 du
1070 5740 1311 5894 Cercle
1383 5740 1419 5894 4.
1492 5740 1901 5894 toutefois
1961 5740 2009 5894 la
2081 5740 2503 5894 rencontre
2587 5740 2635 5894 en

561 5866 648 6016 eſt
711 5866 1161 6016 differente.
1299 5866 1399 6016 Car
1474 5866 1574 6016 dés
1636 5866 2424 6016 qu’ALEXANDRE
2487 5866 2662 6016 s’ap-

549 5992 862 6142 perçoit
924 5992 1037 6142 par
1112 5992 1162 6142 le
1225 5992 1700 6142 ſentiment,
1787 5992 1925 6142 que
1988 5992 2025 6142 la
2088 5992 2275 6142 lame
2363 5992 2425 6142 de
2525 5992 2663 6142 ZA-

574 6120 897 6257 CHARIE
972 6120 1370 6257 s’affoiblit
1433 6120 1619 6257 pour
1669 6120 1719 6257 ſe
1781 6120 2217 6257 deſtacher,
2292 6120 2454 6257 dont
2541 6120 2653 6257 elle

547 6238 681 6377 ſera
741 6238 1008 6377 forcee
1069 6238 1299 6377 (pour
1347 6238 1517 6377 faire
1578 6238 1614 6377 la
1687 6238 2354 6377 cavation)d’aller
2427 6238 2657 6377 circu-

547 6363 969 6516 lairement
1017 6363 1029 6516 à
1089 6363 1427 6516 l’entour
1511 6363 1571 6516 de
1644 6363 1740 6516 ſon
1813 6363 2017 6516 bras,
2126 6363 2138 6516 &
2198 6363 2524 6516 d’ouvrir
2572 6363 2644 6516 un

550 6487 775 6634 angle
846 6487 1036 6634 avec
1131 6487 1795 6634 deſcouvrement
1889 6487 1937 6634 du
2032 6487 2340 6634 viſage,
2447 6487 2660 6634 avant

570 6614 732 6758 qu’il
783 6614 1020 6758 puiſſe
1096 6614 1384 6758 donner
1434 6614 1859 6758 l’atteinte;
1922 6614 1972 6758 au
2085 6614 2335 6758 meſme
2410 6614 2661 6758 temps

596 6738 609 6879 A
671 6738 1157 6879 LEXANDRE
1231 6738 1530 6879 allonge
1580 6738 1642 6879 le
1705 6738 1867 6879 bras
1916 6738 2103 6879 avec
2141 6738 2415 6879 l’eſpee
2477 6738 2527 6879 en
2589 6738 2664 6879 li-

585 6868 701 6995 gne
765 6868 1047 6995 droite,
1098 6868 1150 6995 ſe
1227 6868 1547 6995 mettant
1624 6868 1893 6995 dedans
1945 6868 2201 6995 l’angle
2253 6868 2535 6995 ſuſdit,
2650 6868 2714 6995 &)

2756 423 3207 547 cheminant
3268 423 3756 547 droitement
3829 423 3926 547 ſur
3963 423 4341 547 l’ennemi
4402 423 4694 547 aulong
4768 423 4829 547 de

2731 549 2780 674 la
2852 549 3325 674 collaterale;
3386 549 3447 674 ou
3507 549 3544 674 il
3592 549 3835 674 tenoit
3883 549 4259 674 paravant
4308 549 4356 674 le
4417 549 4587 674 pied
4648 549 4830 674 droit

2746 672 3066 790 arreſté;
3143 672 3194 790 le
3245 672 3578 790 bleſſant
3616 672 3680 790 au
3783 672 4243 790 deſcouvert
4307 672 4358 790 du
4448 672 4717 790 viſage,
4832 672 4832 790 &

2745 798 3010 922 poſant
3060 798 3111 922 le
3161 798 3338 922 pied
3388 798 3401 922 à
3451 798 3703 922 terreà
3753 798 3804 922 la
3854 798 4094 922 lettre
4169 798 4207 922 L.
4257 798 4434 922 avec
4484 798 4850 922 pourſui-

2742 922 2802 1049 te
2922 922 2934 1049 &
3006 922 3412 1049 execution
3532 922 3580 1049 du
3700 922 3951 1049 meſme
4035 922 4274 1049 coup,
4334 922 4346 1049 à
4417 922 4597 1049 faire
4669 922 4848 1049 ainſi

2761 1046 2918 1178 qu’il
2970 1046 2970 1178 a
3036 1046 3167 1178 eſté
3245 1046 3324 1178 dit
3376 1046 3376 1178 à
3441 1046 3821 1178 pluſieurs
3860 1046 4004 1178 fois
4069 1046 4122 1178 cy
4200 1046 4462 1178 deſſus;
4514 1046 4567 1178 en
4645 1046 4841 1178 char-

2754 1169 2968 1300 geant
3016 1169 3063 1300 le
3135 1169 3349 1300 corps
3420 1169 3599 1300 avec
3670 1169 3730 1300 un
3813 1169 4349 1300 panchement
4420 1169 4527 1300 ſur
4587 1169 4635 1300 le
4730 1169 4837 1300 ge-

2744 1300 2954 1430 nouil
3015 1300 3077 1430 de
3151 1300 3459 1430 devant,
3558 1300 3558 1430 &
3619 1300 3952 1430 trainant
4002 1300 4051 1430 le
4100 1300 4273 1430 pied
4334 1300 4630 1430 gauche
4680 1300 4852 1430 pro-

2743 1425 3535 1551 portionnellement
3621 1425 3938 1551 derriere
4023 1425 4169 1551 bien
4254 1425 4425 1551 pres
4474 1425 4815 1551 juſqu’au

2803 1550 2842 1692 G.
2895 1550 3067 1692 ainſi
3146 1550 3305 1692 qu’il
3371 1550 3424 1692 ſe
3503 1550 3649 1692 voit
3715 1550 3755 1692 en
3847 1550 3887 1692 la
3953 1550 4244 1692 figure,
4323 1550 4376 1692 ou
4442 1550 4482 1692 il
4535 1550 4641 1692 s’en
4720 1550 4839 1692 fait

2745 1682 3217 1800 l’execution
3292 1682 3404 1800 par
3478 1682 3827 1800 rigueur.

3510 1816 3830 2060 Cercle
4036 1816 4287 2060 N.7.

2768 2087 2827 2212 La
2885 2087 3132 2212 cavation
3191 2087 3356 2212 eſtant
3403 2087 3532 2212 faite
3579 2087 3673 2212 par
3743 2087 4026 2212 Zacharie,
4120 2087 4131 2212 &
4178 2087 4461 2212 l’eſtocade
4508 2087 4625 2212 tirée
4684 2087 4848 2212 devers

2867 2211 2901 2341 le
2956 2211 3134 2341 viſage
3201 2211 3235 2341 en
3312 2211 3490 2341 dehors
3546 2211 3579 2341 du
3624 2211 3746 2341 bras
3791 2211 3824 2341 en
3880 2211 4002 2341 ligne
4069 2211 4292 2341 courbe,
4358 2211 4403 2341 au
4470 2211 4637 2341 temps
4692 2211 4781 2341 que
4826 2211 4848 2341 le

2864 2335 2981 2462 pied
3056 2335 3440 2462 d’Alexandre
3505 2335 3782 2462 commence
3857 2335 3857 2462 à
3911 2335 4220 2462 tresbucher
4274 2335 4306 2462 en
4359 2335 4541 2462 terre;
4594 2335 4722 2462 ledit
4819 2335 4851 2462 A-

2865 2462 3129 2589 lexandre
3201 2462 3345 2589 ayant
3393 2462 3573 2589 planté
3621 2462 3645 2589 le
3705 2462 3825 2589 pied
3921 2462 3933 2589 &
3993 2462 4137 2589 dreſſé
4173 2462 4209 2589 ſa
4269 2462 4461 2589 pointe
4497 2462 4533 2589 il
4569 2462 4593 2589 en
4677 2462 4857 2589 modere

2877 2585 2915 2712 la
2965 2585 3179 2712 courſe,
3292 2585 3292 2712 &
3354 2585 3392 2712 en
3455 2585 3794 2712 divertiſſant
3844 2585 4032 2712 l’eſpee
4070 2585 4333 2712 contraire
4383 2585 4409 2712 il
4446 2585 4785 2712 l’aſſujettit
4823 2585 4860 2712 en

2886 2720 3086 2848 dehors,
3130 2720 3164 2848 en
3219 2720 3253 2848 ſe
3319 2720 3530 2848 mettant
3597 2720 3774 2848 dedans
3830 2720 3885 2848 les
3930 2720 4129 2848 angles.

3271 2888 3487 2994 Eſtant
3596 2888 3957 2994 derechef
4041 2888 4378 2994 trouvez
4474 2888 4582 2994 les
4679 2888 4859 2994 deux

3231 3019 3667 3119 contraires
3750 3019 3761 3119 à
3844 3019 3879 3119 la
3997 3019 4362 3119 Premiere
4456 3019 4869 3119 Inſtance,

3250 3142 3878 3241 ALEXANDRE
3976 3142 3987 3241 a
4073 3142 4539 3241 commencé
4626 3142 4637 3241 à
4723 3142 4864 3241 tra-

3232 3267 3479 3386 vailler
3561 3267 3784 3386 encor
3867 3267 3937 3386 de
4031 3267 4349 3386 meſme,
4443 3267 4631 3386 pour
4690 3267 4866 3386 faire

2766 3391 3514 3518 l’aſſujettiſſement
3565 3391 3577 3518 à
3628 3391 3679 3518 la
3755 3391 4161 3518 Seconde,
4224 3391 4452 3518 ayant
4503 3391 4757 3518 hauſſé
4858 3391 4871 3518 &

2758 3513 3050 3629 avancé
3093 3513 3147 3629 le
3201 3513 3374 3629 pied
3449 3513 3655 3629 droit,
3709 3513 3806 3629 ſui
3849 3513 4011 3629 vant
4054 3513 4151 3629 les
4194 3513 4723 3629 inſtruions
4788 3513 4842 3629 du

2811 3627 3055 3751 Cercle
3107 3627 3158 3751 1.
3287 3627 3287 3751 &
3377 3627 3725 3751 emporté
3790 3627 4124 3751 l’eſpee,
4202 3627 4485 3751 juſqu’à
4575 3627 4627 3751 ce
4717 3627 4872 3751 qu’il

2779 3752 2983 3878 vient
3030 3752 3138 3878 ſur
3174 3752 3222 3878 le
3282 3752 3497 3878 point
3557 3752 3628 3878 de
3676 3752 4202 3878 tresbucher:
4250 3752 4549 3878 auquel
4585 3752 4872 3878 inſtant

2820 3879 3271 4000 ZACHARIE
3342 3879 3461 4000 fait
3520 3879 3556 4000 la
3651 3879 4054 4000 cavation,
4185 3879 4197 4000 &
4256 3879 4375 4000 luy
4446 3879 4671 4000 porte
4730 3879 4873 4000 une

2788 3998 3146 4124 eſtocade
3217 3998 3539 4124 courbe,
3599 3998 3646 4124 en
3730 3998 4004 4124 dehors
4076 3998 4135 4124 du
4207 3998 4374 4124 bras
4481 3998 4493 4124 &
4541 3998 4660 4124 par
4743 3998 4874 4124 deſ-

2777 4125 2886 4246 ſus
2947 4125 3216 4246 l’eſpee
3313 4125 3570 4246 devers
3631 4125 3692 4246 le
3765 4125 4070 4246 viſage,
4180 4125 4485 4246 entrant
4558 4125 4619 4246 du
4705 4125 4876 4246 pied

2795 4247 2982 4358 droit
3032 4247 3131 4358 ſur
3181 4247 3231 4358 le
3331 4247 3704 4358 Diametre
3754 4247 3754 4358 à
3804 4247 3853 4358 la
3903 4247 4140 4358 lettre
4227 4247 4277 4358 V.

2931 4368 3466 4497 ALEXANDRE
3539 4368 4134 4497 s’appercevant
4219 4368 4584 4497 derechef
4657 4368 4766 4497 par
4827 4368 4887 4497 le

2777 4496 3244 4615 ſentiment,
3314 4496 3430 4615 que
3477 4496 3524 4615 la
3571 4496 3757 4615 lame
3816 4496 4247 4615 inferieure
4294 4496 4341 4615 ſe
4411 4496 4878 4615 commence

2784 4620 2796 4742 à
2869 4620 3298 4742 deſtacher,
3347 4620 3518 4742 tout
3579 4620 3641 4742 au
3738 4620 3996 4742 meſme
4044 4620 4338 4742 inſtant
4375 4620 4412 4742 il
4461 4620 4767 4742 allonge
4828 4620 4877 4742 le

2787 4745 2946 4864 bras
3044 4745 3056 4864 &
3105 4745 3411 4864 l’eſpee,
3496 4745 3643 4864 mais
3692 4745 4145 4864 lentement
4218 4745 4267 4864 en
4353 4745 4561 4864 ligne
4646 4745 4879 4864 droitẽ

2803 4867 3072 4991 devers
3111 4867 3162 4991 le
3227 4867 3458 4991 viſage
3535 4867 3882 4991 d’iceluy,
3933 4867 4306 4991 abaiſſant
4357 4867 4409 4991 le
4460 4867 4627 4991 pied
4704 4867 4884 4991 droit

2784 4992 2796 5120 à
2846 4992 2883 5120 la
2933 4992 3170 5120 lettre
3269 4992 3306 5120 G.
3406 4992 3406 5120 &
3468 4992 3792 5120 eſlevant
3842 4992 3991 5120 fort
4041 4992 4576 5120 haſtivement
4613 4992 4675 5120 le
4750 4992 4899 5120 gau-

2797 5118 2972 5237 che:
3030 5118 3182 5237 lors
3252 5118 3859 5237 s’appercevant
3929 5118 3988 5237 de
4046 5118 4093 5237 la
4163 5118 4502 5237 courbe,
4619 5118 4619 5237 &
4700 5118 4887 5237 com-

2814 5240 3004 5363 ment
3051 5240 3146 5363 ſon
3229 5240 3536 5363 ennemi
3584 5240 3631 5363 ſe
3690 5240 3820 5363 plie
3868 5240 3927 5363 le
3974 5240 4140 5363 bras
4199 5240 4247 5363 en
4341 5240 4649 5363 dedans,
4708 5240 4886 5363 avec

2787 5365 2823 5493 la
2896 5365 3248 5493 branche
3308 5365 3745 5493 interieure
3830 5365 3890 5493 de
3963 5365 4000 5493 la
4097 5365 4303 5493 garde
4363 5365 4703 5493 tournée
4763 5365 4885 5493 dia-

2810 5490 3302 5615 gonalement
3370 5490 3416 5615 en
3485 5490 3691 5615 haut,
3793 5490 3805 5615 &
3862 5490 3908 5615 la
3977 5490 4251 5615 pointe
4331 5490 4652 5615 venante
4732 5490 4880 5615 vers

2797 5614 2897 5740 ſon
2985 5614 3273 5740 viſage;
3335 5614 3373 5740 il
3410 5614 3685 5740 arreſte
3735 5614 3773 5740 la
3848 5614 4098 5740 courſe
4173 5614 4236 5740 de
4286 5614 4324 5740 ſa
4386 5614 4699 5740 pointe,
4786 5614 4899 5740 qui

2805 5738 3026 5864 eſtoit
3085 5738 3131 5864 en
3201 5738 3364 5864 train
3492 5738 3503 5864 &
3550 5738 3550 5864 à
3643 5738 4097 5864 my-chemin
4190 5738 4248 5864 de
4318 5738 4597 5864 donner
4655 5738 4713 5864 au
4806 5738 4888 5864 vi-

2798 5861 2960 5989 ſage
3047 5861 3096 5989 du
3196 5861 3632 5989 contraire,
3719 5861 3893 5989 dont
3943 5861 3968 5989 il
4030 5861 4067 5989 la
4167 5861 4578 5989 deſtourne
4640 5861 4690 5989 en
4777 5861 4901 5989 fai-

2803 5987 2952 6109 ſant
3014 5987 3063 6109 ſa
3163 5987 3523 6109 defenſe,
3659 5987 3672 6109 &
3734 5987 4218 6109 accouplant
4280 5987 4380 6109 les
4454 5987 4702 6109 eſpees
4777 5987 4889 6109 par

2823 6106 3087 6224 dehors
3159 6106 3207 6224 le
3279 6106 3447 6224 bras
3531 6106 3579 6224 en
3687 6106 4060 6224 croiſant,
4156 6106 4192 6224 ſa
4264 6106 4528 6224 pointe
4624 6106 4888 6224 dreſſée

2815 6234 2863 6360 en
2947 6234 3164 6360 haut,
3285 6234 3297 6360 &
3357 6234 3394 6360 ſa
3478 6234 3695 6360 garde
3779 6234 4298 6360 deſcendante
4358 6234 4539 6360 avec
4611 6234 4659 6360 le
4732 6234 4900 6360 bras

2814 6357 3116 6482 eſtendu
3225 6357 3358 6482 (ce
3455 6357 3600 6482 qu’il
3661 6357 3782 6482 fait
3866 6357 4120 6482 durant
4181 6357 4762 6482 l’avancement
4882 6357 4895 6482 &

2803 6478 3123 6616 l’entree
3185 6478 3246 6616 du
3320 6478 3517 6616 coſté
3566 6478 3899 6616 gauche)
3960 6478 4342 6616 tournant
4403 6478 4453 6616 le
4526 6478 4736 6616 corps
4785 6478 4896 6616 ſur

2806 6602 2857 6735 le
2920 6602 3084 6735 pied
3159 6602 3336 6735 droit
3399 6602 3449 6735 en
3525 6602 3764 6735 forme
3827 6602 4255 6735 circulaire,
4331 6602 4394 6735 de
4444 6602 4658 6735 façon
4747 6602 4898 6735 qu’il

2806 6729 3178 6846 aſſemble
3250 6729 3514 6846 durant
3598 6729 3658 6846 ce
3730 6729 3982 6846 meſme
4054 6729 4305 6846 temps
4353 6729 4449 6846 ſon
4581 6729 4893 6846 Nombre

2810 6854 2860 6971 5.
2934 6854 3107 6971 avec
3156 6854 3218 6971 le
3316 6854 3625 6971 Nombre
3699 6854 3736 6971 8.
3810 6854 3921 6971 peu
4008 6854 4181 6971 plus
4242 6854 4304 6971 ou
4428 6854 4650 6971 moins
4724 6854 4786 6971 de
4860 6854 4897 6971 ſa

4611 6987 4906 7097 partie;
