5520 7640
2898 476 3073 625 faire
3135 476 3235 625 ſur
3298 476 3360 625 le
3435 476 3610 625 pied
3698 476 3910 625 droit,
4048 476 4048 625 &
4135 476 4535 625 enſuivant
4585 476 4647 625 au
4722 476 4910 625 reſte
4972 476 5010 625 la

2921 614 3426 748 deſcription,
3499 614 3610 748 qui
3672 614 3709 748 en
3807 614 3807 748 a
3881 614 4017 748 eſté
4103 614 4435 748 donnée.

3069 728 3117 864 Or
3190 728 3239 864 ce
3312 728 3603 864 dernier
3664 728 3919 864 temps
3980 728 4223 864 c’eſtle
4284 728 4442 864 plus
4490 728 4648 864 ſeur
4721 728 4794 864 de
4842 728 5025 864 tous

2893 853 3084 996 pour
3179 853 3704 996 ALExandre.
3835 853 3883 996 Et
3966 853 4133 996 vaut
4229 853 4467 996 mieux
4551 853 4753 996 qu’en
4837 853 5016 996 telle

2895 979 3327 1100 rencontre
3399 979 3423 1100 il
3483 979 3531 1100 ſe
3603 979 3807 1100 ſerve
3891 979 4011 1100 des
4071 979 4612 1100 inſtruions
4708 979 4756 1100 du
4864 979 5020 1100 Cer-

2903 1104 2989 1244 cle
3075 1104 3112 1244 6.
3248 1104 3359 1244 Car
3408 1104 3618 1244 apres
3692 1104 3853 1244 qu’il
3902 1104 3988 1244 eſt
4050 1104 4223 1244 venu
4297 1104 4334 1244 ſi
4383 1104 4655 1244 avant,
4729 1104 4864 1244 que
4951 1104 5012 1244 de

2891 1234 3141 1352 s’eſtre
3229 1234 3329 1352 mis
3379 1234 3379 1352 à
3442 1234 3479 1352 la
3567 1234 3917 1352 Seconde
3980 1234 4380 1352 Inſtance,
4443 1234 4580 1352 ſoit
4655 1234 4780 1352 que
4906 1234 4906 1352 Z
4956 1234 5018 1352 a-

2896 1360 3138 1497 charie
3186 1360 3307 1497 luy
3355 1360 3488 1497 tire
3549 1360 3730 1497 ceſte
3791 1360 4153 1497 eſtocade
4226 1360 4274 1497 en
4347 1360 4540 1497 ligne
4612 1360 4878 1497 droite,
4927 1360 4987 1497 ou

2900 1482 2939 1617 en
3016 1482 3210 1617 ligne
3275 1482 3597 1617 courbe,
3636 1482 3662 1617 il
3714 1482 3817 1617 n’y
3869 1482 3882 1617 a
3933 1482 4049 1617 pas
4114 1482 4372 1617 grand’
4437 1482 4837 1617 differẽce.
4915 1482 5018 1617 Car

2885 1605 3050 1732 auſſi
3101 1605 3253 1732 bien
3329 1605 3481 1732 faut
3544 1605 3582 1732 il
3646 1605 4369 1732 neceſſairement,
4432 1605 4597 1732 qu’il
4648 1605 4838 1732 paſſe
4914 1605 5016 1732 l’e-

2882 1732 3051 1861 ſpee
3111 1732 3762 1861 circulairement
3810 1732 3931 1861 par
4003 1732 4401 1861 deſſoubs,
4449 1732 4678 1861 avant
4750 1732 4883 1861 que
4955 1732 5015 1861 de

2875 1860 2919 1985 la
2974 1860 3395 1985 remonter
3461 1860 3505 1985 en
3583 1860 3760 1985 haut
3826 1860 4014 1985 pour
4092 1860 4269 1985 vous
4324 1860 4501 1985 tirer
4567 1860 4722 1985 vers
4789 1860 4844 1985 le
4933 1860 5010 1985 vi-

2882 1983 3084 2114 ſage.
3222 1983 3285 2114 De
3361 1983 3676 2114 maniere
3751 1983 3877 2114 que
3940 1983 3965 2114 ſi
4041 1983 4494 2114 ArExandre
4557 1983 4796 2114 prend
4859 1983 4985 2114 bon

2893 2111 3144 2237 eſgard
3216 2111 3276 2237 au
3360 2111 3826 2237 ſentiment,
3934 2111 3946 2237 &
4041 2111 4197 2237 qu’il
4269 2111 4747 2237 commence
4807 2111 4807 2237 à
4879 2111 5022 2237 tra-

2890 2233 3141 2366 vailler
3213 2233 3320 2366 dés
3392 2233 3523 2366 que
3595 2233 3965 2366 l’ennemi
4049 2233 4574 2366 commence,
4646 2233 4694 2366 en
4777 2233 5028 2366 allon-

2895 2352 3111 2489 geant
3162 2352 3213 2489 le
3264 2352 3429 2489 bras
3544 2352 3544 2489 &
3595 2352 3888 2489 l’eſpee,
3926 2352 4333 2489 avançant
4371 2352 4422 2489 le
4498 2352 4740 2489 corps,
4842 2352 4842 2489 &
4918 2352 5020 2489 en-

2886 2485 3087 2616 trant
3150 2485 3201 2616 du
3276 2485 3440 2616 pied
3516 2485 3730 2616 droit;
3781 2485 3819 2616 il
3869 2485 4033 2616 aura
4084 2485 4311 2616 bleſſé
4374 2485 4777 2616 l’ennemi,
4828 2485 4878 2616 en
4954 2485 5017 2616 ſe

2884 2606 3199 2736 logeant
3288 2606 3578 2736 dedans
3629 2606 3717 2736 les
3806 2606 4134 2736 angles,
4235 2606 4462 2736 avant
4538 2606 4677 2736 que
4740 2606 5005 2736 l’eſpee

2889 2736 3276 2871 contraire
3333 2736 3412 2871 ait
3469 2736 3879 2871 accompli
3924 2736 3958 2871 ſa
4038 2736 4436 2871 cavation.

3035 2853 3081 2996 En
3163 2853 3373 2996 outre
3443 2853 3746 2996 comme
3792 2853 3839 2996 il
3874 2853 3932 2996 ſe
4002 2853 4457 2996 preſentera
4527 2853 5016 2996 ſouventes-

2878 2986 3026 3090 fois
3087 2986 3124 3090 en
3198 2986 3468 3090 faiſant
3517 2986 3985 3090 l’Exercice,
4058 2986 4169 3090 des
4255 2986 4600 3090 doubtes
4661 2986 4661 3090 à
4759 2986 5018 3090 debat-

2878 3112 2974 3234 tre
3046 3112 3443 3234 touchant
3491 3112 3587 3234 les
3647 3112 4141 3234 operations,
4201 3112 4321 3234 qui
4381 3112 4489 3234 ont
4562 3112 4730 3234 leur
4790 3112 5007 3234 uſage

2892 3236 2942 3349 en
3016 3236 3252 3349 allant
3314 3236 3377 3349 de
3426 3236 3463 3349 la
3550 3236 3898 3349 Seconde
3960 3236 4321 3349 Inſtance
4370 3236 4370 3349 à
4420 3236 4470 3349 la
4557 3236 5016 3349 Troiſieme.

2903 3362 3077 3489 Pour
3127 3362 3551 3489 leſquelles
3625 3362 4024 3489 examiner
4086 3362 4124 3489 il
4186 3362 4273 3489 eſt
4335 3362 4771 3489 neceſſaire
4871 3362 4996 3489 d’en

2874 3486 3058 3611 faire
3107 3486 3573 3611 l’eſpreuve:
3696 3486 3696 3611 &
3757 3486 3953 3611 qu’en
4039 3486 4137 3611 tel
4211 3486 4346 3611 cas,
4395 3486 4591 3611 pour
4664 3486 4873 3611 venir
4922 3486 4983 3611 au

2887 3612 3144 3736 poin
3234 3612 3285 3736 de
3336 3612 3375 3736 la
3452 3612 3799 3736 diſpute,
3876 3612 3992 3736 qui
4069 3612 4184 3736 giſt
4274 3612 4480 3736 entre
4531 3612 4570 3736 la
4647 3612 5020 3736 Seconde

2933 3726 2944 3843 &
3002 3726 3049 3843 la
3165 3726 3572 3843 Troiſieme
3641 3726 4048 3843 Inſtanco,
4129 3726 4187 3843 on
4257 3726 4315 3843 ſe
4408 3726 4733 3843 diſpenſe
4815 3726 5012 3843 ordi-

2874 3846 3323 3965 nairement
3396 3846 3627 3965 d’aller
3675 3846 3967 3965 juſqu’à
4015 3846 4476 3965 laSeconde
4525 3846 4707 3965 avec
4792 3846 5022 3965 moins

2898 3968 2960 4096 de
3034 3968 3739 4096 circonſpeion.
3850 3968 3949 4096 s’Il
4010 3968 4332 4096 advient
4431 3968 4666 4096 donc,
4752 3968 4888 4096 que
4962 3968 4999 4096 la

2879 4096 3122 4219 partie
3192 4096 3516 4219 adverſe
3597 4096 3794 4219 nous
3864 4096 4095 4219 abuſe
4176 4096 4454 4219 durant
4535 4096 4593 4219 ce
4674 4096 5010 4219 premier

2869 4220 3128 4342 temps
3186 4220 3362 4342 (qui
3433 4220 3726 4342 devroit
3797 4220 3961 4342 eſtre
4032 4220 4349 4342 exempt
4419 4220 4489 4342 de
4536 4220 4818 4342 toutes
4889 4220 5018 4342 tra-

2879 4345 3170 4467 verſes,
3243 4345 3255 4467 à
3339 4345 3545 4467 cauſe
3618 4345 3751 4467 que
3824 4345 3872 4467 le
3945 4345 4163 4467 debat
4211 4345 4296 4467 ne
4345 4345 4393 4467 ſe
4454 4345 4635 4467 peut
4696 4345 4999 4467 vuider,

2894 4465 3229 4592 qu’apres
3279 4465 4050 4592 l’aſſujettiſſement
4112 4465 4174 4592 de
4224 4465 4498 4592 l’eſpee
4572 4465 5008 4592 deuement

2924 4592 2924 4711 &
2959 4592 3402 4711 librement
3460 4592 4055 4711 accompli:)s’il
4102 4592 4300 4711 nous
4370 4592 4614 4711 donne
4684 4592 4871 4711 donc
4941 4592 4976 4711 en

2877 4721 2935 4847 ce
3005 4721 3249 4847 temps
3296 4721 3342 4847 la
3412 4721 3760 4847 quelque
3807 4721 4156 4847 traverſe
4214 4721 4272 4847 de
4341 4721 4737 4847 cavation,
4806 4721 4992 4847 pour

2868 4844 3067 4968 nous
3114 4844 3465 4968 toucher
3524 4844 3582 4968 le
3664 4844 3898 4968 viſage
3980 4844 4027 4968 en
4121 4844 4355 4968 droite
4402 4844 4671 4968 ligne,
4776 4844 4835 4968 on
4917 4844 4999 4968 ne

2869 4967 3144 5094 pourra
3203 4967 3371 5094 faire
3430 4967 3454 5094 ſi
3502 4967 3657 5094 bien
3729 4967 3764 5094 la
3824 4967 4254 5094 rencontre
4326 4967 4373 5094 en
4433 4967 4648 5094 ligne
4719 4967 4994 5094 droite,

2881 5093 3189 5213 comme
3236 5093 3272 5213 il
3319 5093 3555 5213 ſeroit
3603 5093 3898 5213 requis,
3957 5093 4147 5213 pour
4206 5093 4490 5213 n’avoir
4549 5093 4750 5213 aſſez
4821 5093 4974 5213 bien

2879 5216 3349 5339 commencé
3418 5216 3463 5339 la
3544 5216 3933 5339 beſogne.
4070 5216 4254 5339 Vous
4311 5216 4666 5339 pourrez
4735 5216 4998 5339 amen-

2894 5338 3002 5468 der
3074 5338 3265 5468 ceſte
3325 5338 3912 5468 inadvertence
3972 5338 4091 5468 par
4151 5338 4199 5468 le
4295 5338 4546 5468 moyen
4702 5338 4702 5468 &
4762 5338 4774 5468 à
4834 5338 5001 5468 l’ex-

2885 5466 3129 5591 emple
3226 5466 3287 5591 de
3396 5466 3578 5591 ceſte
3676 5466 4077 5591 operation
4186 5466 4612 5591 preſente,
4721 5466 4770 5591 en
4879 5466 5001 5591 fai-

2870 5588 3016 5715 ſant
3089 5588 3271 5715 avec
3332 5588 3380 5715 le
3465 5588 3660 5715 coſté
3745 5588 4036 5715 gauche
4121 5588 4170 5715 du
4279 5588 4498 5715 corps
4558 5588 4850 5715 tourné
4935 5588 4983 5715 en

2889 5713 3219 5839 devant;
3333 5713 3498 5839 dont
3575 5713 3625 5839 le
3702 5713 3994 5839 viſage,
4083 5713 4197 5839 qui
4261 5713 4337 5839 eſt
4388 5713 4438 5839 le
4502 5713 4769 5839 poin
4832 5713 4896 5839 où
4959 5713 4997 5839 il

2875 5839 3085 5963 avoit
3147 5839 3431 5963 deſtiné
3480 5839 3863 5963 l’atteinte
3912 5839 4171 5963 ſortira
4258 5839 4319 5963 de
4381 5839 4801 5963 preſence,
4912 5839 4912 5963 &
4973 5839 4998 5963 ſi

2888 5966 2936 6084 en
3018 5966 3432 6084 gaignerez
3503 5966 3680 6084 vous
3727 5966 3775 6084 le
3834 5966 4082 6084 temps
4200 5966 4200 6084 &
4247 5966 4295 6084 la
4354 5966 4862 6084 commodité
4921 5966 4992 6084 de

2874 6087 3347 6210 pourſuivre
3395 6087 3444 6210 le
3492 6087 3686 6210 reſte
3735 6087 3735 6210 à
3795 6087 4220 6210 l’exemple
4305 6087 4414 6210 des
4474 6087 4838 6210 courbes,
4874 6087 5008 6210 ſui-

2887 6215 3049 6329 vant
3098 6215 3135 6329 la
3210 6215 3670 6329 deſcription
3757 6215 3819 6329 de
3881 6215 3993 6329 ces
4080 6215 4365 6329 Cercles
4440 6215 4489 6329 7.
4601 6215 4601 6329 &
4688 6215 4725 6329 8.

3019 6338 3564 6469 Pareillement
3613 6338 3697 6469 s’il
3746 6338 4109 6469 advient,
4170 6338 4303 6469 que
4364 6338 4545 6469 vous
4606 6338 4787 6469 ayez
4860 6338 4993 6469 fait

2877 6462 3033 6591 trop
3129 6462 3429 6591 d’effort
3537 6462 3585 6591 en
3693 6462 4149 6591 emportant
4233 6462 4509 6591 l’eſpee
4605 6462 5001 6591 contraire

2879 6582 3080 6714 pour
3130 6582 3343 6714 l’aller
3418 6582 3845 6714 aſſujettir,
3920 6582 3983 6714 ou
4083 6582 4221 6714 que
4283 6582 4334 6714 le
4409 6582 4584 6714 pied
4660 6582 4848 6714 droit
4910 6582 4998 6714 ait

2895 6707 3238 6850 cheminé
3302 6707 3455 6850 trop
3531 6707 3976 6850 viſtement;
4091 6707 4091 6850 &
4155 6707 4282 6850 que
4333 6707 4371 6850 la
4447 6707 4689 6850 deſſus
4740 6707 4778 6850 la
4842 6707 4994 6850 par-

2876 6836 2967 6966 tie
3036 6836 3356 6966 adverſe
3424 6836 3573 6966 face
3641 6836 3687 6966 la
3767 6836 4167 6966 cavation;
4235 6836 4315 6966 ne
4384 6836 4567 6966 vous
4635 6836 4990 6966 pouvant

2882 6956 3105 7091 ſervir
3171 6956 3354 7091 aſſez
3407 6956 3840 7091 juſtement
3905 6956 3971 7091 de
4010 6956 4063 7091 la
4115 6956 4312 7091 ligne
4377 6956 4653 7091 droite,
4705 6956 4718 7091 à
4784 6956 4994 7091 cauſe

4931 7111 4969 7201 du

664 509 941 640 partie;
1073 509 1073 640 &
1126 509 1350 640 aſſiſte
1403 509 1456 640 le
1508 509 1680 640 bras
1746 509 1812 640 de
1878 509 2076 640 l’aide
2155 509 2208 640 du
2300 509 2551 640 corps,
2617 509 2749 640 l’af-

651 636 1090 754 fermiſſant
1151 636 1408 754 contre
1469 636 1517 754 le
1579 636 1811 754 flanc,
1933 636 1945 754 &
2006 636 2055 754 ſe
2152 636 2275 754 met
2323 636 2372 754 au
2470 636 2738 754 dedans

675 759 737 888 de
786 759 824 888 la
886 759 1582 888 perpendiculaire
1682 759 1694 888 &
1769 759 1869 888 des
1918 759 2179 888 angles
2242 759 2403 888 qu’il
2453 759 2752 888 s’ouvre

644 886 764 1009 luy
849 886 1102 1009 meſme
1163 886 1211 1009 en
1295 886 1802 1009 deſtournant
1838 886 2116 1009 l’eſpee
2176 886 2587 1009 contraire,
2623 886 2743 1009 po-

645 1013 795 1136 ſant
845 1013 896 1136 le
946 1013 1121 1136 pied
1184 1013 1471 1136 gauche
1534 1013 1534 1136 à
1597 1013 1785 1136 terre
1835 1013 1947 1136 par
2010 1013 2185 1136 deça
2235 1013 2285 1136 le
2373 1013 2749 1136 Diametre

656 1131 656 1261 à
705 1131 755 1261 la
817 1131 1040 1261 lettre
1164 1131 1214 1261 Q.
1338 1131 1338 1261 &
1387 1131 1660 1261 tenant
1697 1131 1970 1261 l’eſpee
2057 1131 2428 1261 contraire
2503 1131 2552 1261 en
2627 1131 2738 1261 de-

660 1261 807 1382 voir
875 1261 1056 1382 avec
1135 1261 1203 1382 un
1305 1261 1736 1382 ſentiment
1804 1261 2234 1382 temperé,
2336 1261 2370 1382 ſa
2460 1261 2732 1382 pointe

663 1382 945 1505 dreſſée
1001 1382 1553 1505 contremont,
1598 1382 1778 1505 avec
1834 1382 1879 1505 le
1947 1382 2160 1505 corps
2217 1382 2273 1505 un
2352 1382 2498 1505 bien
2588 1382 2712 1505 peu

652 1506 1076 1630 panchant,
1193 1506 1205 1630 &
1252 1506 1299 1630 le
1370 1506 1687 1630 genouil
1758 1506 1817 1630 de
1876 1506 1911 1630 la
1981 1506 2228 1630 jambe
2287 1506 2734 1630 anterieure

650 1631 823 1755 plié;
897 1631 1194 1755 comme
1243 1631 1280 1755 il
1330 1631 1379 1755 ſe
1441 1631 1590 1755 voit
1664 1631 1701 1755 en
1775 1631 1812 1755 la
1874 1631 2146 1755 figure.

786 1752 834 1878 Il
894 1752 1061 1878 vaut
1133 1752 1181 1878 la
1253 1752 1468 1878 peine
1564 1752 1623 1878 de
1695 1752 1874 1878 faire
1958 1752 2353 1878 quelques
2425 1752 2747 1878 annota-

645 1874 846 2002 tions
894 1874 988 2002 ſur
1059 1874 1236 2002 ceſte
1307 1874 1650 2002 derniere
1709 1874 2158 2002 operation,
2194 1874 2194 2002 à
2265 1874 2466 2002 cauſe
2525 1874 2737 2002 qu’el-

633 1998 691 2125 le
749 1998 947 2125 vient
993 1998 1330 2125 ſouvent
1388 1998 1400 2125 à
1481 1998 1807 2125 propos,
1888 1998 2074 2125 quaſi
2144 1998 2191 2125 en
2284 1998 2551 2125 toutes
2621 1998 2737 2125 oc-

651 2127 1102 2249 currences,
1169 2127 1226 2249 où
1305 2127 1361 2249 on
1428 2127 1631 2249 nous
1676 2127 2037 2249 preſente
2082 2127 2127 2249 la
2205 2127 2532 2249 courbe.

801 2248 850 2373 Et
899 2248 1539 2373 premierement
1601 2248 1773 2373 poſé
1835 2248 1884 2373 le
1970 2248 2093 2373 cas,
2179 2248 2303 2373 que
2376 2248 2746 2373 l’ennemi

644 2371 830 2492 vous
900 2371 946 2492 en
1039 2371 1167 2492 tire
1213 2371 1353 2492 une
1422 2371 1469 2492 en
1539 2371 1806 2492 faiſant
1852 2371 1899 2492 la
1957 2371 2352 2492 cavation,
2421 2371 2526 2492 dés
2607 2371 2735 2492 que

647 2492 830 2621 vous
902 2492 1085 2621 avez
1157 2492 1315 2621 levé
1376 2492 1425 2621 le
1497 2492 1680 2621 pied
1752 2492 2007 2621 droit,
2153 2492 2165 2621 &
2238 2492 2554 2621 attaqué
2615 2492 2724 2621 ſon

658 2620 854 2742 eſpee
927 2620 927 2742 à
988 2620 1025 2742 la
1122 2620 1501 2742 Premiere
1562 2620 1954 2742 Inſtance.
2064 2620 2125 2742 Le
2198 2620 2516 2742 remede
2589 2620 2723 2742 ſera

654 2739 726 2864 d’a
774 2739 1051 2864 vancer
1111 2739 1172 2864 le
1232 2739 1436 2864 pied,
1497 2739 1617 2864 qui
1689 2739 1774 2864 eſt
1858 2739 2111 2864 eſlevé,
2195 2739 2327 2864 d’un
2412 2739 2532 2864 pas
2628 2739 2749 2864 me-

646 2863 889 2983 diocre
962 2863 1011 2983 en
1071 2863 1278 2983 ligne
1338 2863 1618 2983 droite,
1678 2863 1727 2983 en
1812 2863 2091 2983 dedans
2164 2863 2212 2983 du
2322 2863 2601 2983 Cercle,
2662 2863 2722 2983 un

636 2990 753 3113 peu
835 2990 940 3113 par
1021 2990 1184 3113 deça
1254 2990 1313 3113 le
1406 2990 1814 3113 Diametre,
1896 2990 1942 3113 en
2024 2990 2444 3113 obſervant
2490 2990 2549 3113 au
2642 2990 2747 3113 re-

619 3111 714 3232 ſte
761 3111 867 3232 les
949 3111 1256 3232 meſmes
1303 3111 1786 3232 prceptes.

771 3237 943 3361 Pour
992 3237 1041 3361 le
1090 3237 1421 3361 ſecond,
1495 3237 1654 3361 qu’il
1691 3237 1851 3361 face
1900 3237 1949 3361 la
2022 3237 2353 3361 cavation
2464 3237 2734 3361 durant

621 3358 1266 3484 l’advancement
1350 3358 1397 3484 du
1493 3358 1660 3484 pied
1744 3358 1982 3484 droit,
2042 3358 2269 3484 allant
2364 3358 2627 3484 devers
2687 3358 2723 3484 la

631 3482 993 3608 Seconde
1051 3482 1448 3608 Inſtance,
1518 3482 1775 3608 tandis
1857 3482 1985 3608 que
2067 3482 2254 3608 vous
2312 3482 2546 3608 l’avez
2628 3482 2745 3608 en-

619 3606 777 3694 Core
836 3606 846 3694 à
924 3606 1681 3694 commandement.
1779 3606 1838 3694 Le
1907 3606 2231 3694 1emcde
2300 3606 2448 3694 ſora
2536 3606 2693 3694 dore

634 3722 783 3847 chef
870 3722 932 3847 de
994 3722 1254 3847 porter
1317 3722 1379 3847 le
1428 3722 1614 3847 pied
1689 3722 2173 3847 droitement
2235 3722 2347 3847 ſur
2396 3722 2570 3847 luy,
2669 3722 2706 3847 en

622 3846 880 3970 faiſant
953 3846 1027 3970 un
1113 3846 1236 3970 pas
1334 3846 1788 3970 mediocre,
1935 3846 1935 3970 &
1997 3846 2058 3970 le
2107 3846 2463 3970 plantant
2512 3846 2623 3970 ſur
2684 3846 2721 3970 la

615 3970 1096 4070 traverſante
1186 3970 1633 4070 exterieure
1712 3970 1924 4070 entre
2003 3970 2103 4070 les
2193 3970 2372 4070 deux
2450 3970 2730 4070 lettres

682 4105 728 4192 G.
850 4105 896 4192 E.

750 4219 863 4343 s’Il
913 4219 1189 4343 attend
1240 4219 1528 4343 juſqu’à
1591 4219 1805 4343 tant,
1880 4219 2006 4343 que
2093 4219 2269 4343 vous
2319 4219 2558 4343 ſoyez
2621 4219 2734 4343 ſur

619 4343 666 4468 le
737 4343 949 4468 point
1032 4343 1091 4468 de
1173 4343 1705 4468 tresbucher,
1787 4343 2106 4468 encores
2177 4343 2437 4468 faudra
2508 4343 2543 4468 il
2626 4343 2732 4468 de-

623 4465 988 4588 ſtourner
1026 4465 1077 4588 la
1152 4465 1594 4588 demarche,
1644 4465 1795 4588 tant
1884 4465 2035 4588 qu’il
2098 4465 2237 4588 ſera
2300 4465 2615 4588 poſſible
2729 4465 2729 4588 &

617 4592 664 4686 la
735 4592 1005 4686 dreſſer
1064 4592 1229 4686 tout
1323 4592 1805 4686 droitement
1875 4592 2146 4686 contre
2193 4592 2569 4686 l’ennemi
2628 4592 2734 4686 ſur

625 4718 662 4842 la
724 4718 923 4842 ligne
985 4718 1432 4842 collaterale
1482 4718 1643 4842 plus
1693 4718 1916 4842 avant
1991 4718 2115 4842 que
2165 4718 2202 4842 la
2264 4718 2487 4842 lettre
2599 4718 2636 4842 G.

752 4838 789 4965 Il
839 4838 1102 4965 pourra
1165 4838 1328 4965 auſſi
1378 4838 1553 4965 faire
1603 4838 1641 4965 ſa
1703 4838 2092 4965 cavation,
2142 4838 2142 4965 à
2204 4838 2542 4965 l’inſtant
2605 4838 2730 4965 que

625 4965 674 5090 le
760 4965 981 5090 corps
1079 4965 1092 5090 &
1129 4965 1190 5090 le
1239 4965 1411 5090 pied
1460 4965 1620 5090 ſont
1694 4965 1866 5090 deſia
1939 4965 1988 5090 en
2074 4965 2222 5090 ae
2296 4965 2357 5090 de
2431 4965 2738 5090 tresbu-

643 5087 847 5213 cher,
949 5087 1013 5213 de
1089 5087 1306 5213 façon
1396 5087 1561 5213 qu’il
1612 5087 1791 5213 vous
1867 5087 1944 5213 eſt
1995 5087 2429 5213 impoſſible
2505 5087 2569 5213 de
2658 5087 2735 5213 di-

640 5214 862 5338 vertir
911 5214 961 5338 le
1010 5214 1219 5338 pied,
1293 5214 1453 5338 qu’il
1490 5214 1576 5338 ne
1626 5214 1897 5338 tombe
1958 5214 1958 5338 à
2020 5214 2057 5338 la
2106 5214 2340 5338 lettre
2438 5214 2488 5338 G.
2537 5214 2722 5338 ſelon

635 5335 885 5462 voſtre
969 5335 1350 5462 premiere
1434 5335 1899 5462 intention:
2006 5335 2125 5462 qui
2197 5335 2280 5462 eſt
2352 5335 2399 5462 le
2483 5335 2733 5462 temps

627 5457 676 5587 le
750 5457 911 5587 plus
972 5457 1428 5587 dangereux
1502 5457 1564 5587 de
1638 5457 1885 5587 touts.
2020 5457 2119 5587 Car
2205 5457 2538 5587 d’autant
2612 5457 2735 5587 que

637 5585 826 5707 vous
886 5585 1371 5707 tresbuchez
1443 5585 1502 5707 du
1585 5585 1798 5707 corps
1917 5585 1929 5707 &
2012 5585 2071 5707 de
2142 5585 2189 5707 la
2260 5585 2497 5707 lame,
2569 5585 2746 5707 auſſi

628 5709 787 5836 ſont
836 5709 909 5836 ils
958 5709 1129 5836 plus
1190 5709 1533 5836 difficiles
1570 5709 1582 5836 à
1655 5709 2157 5836 gouverner,
2279 5709 2279 5836 &
2328 5709 2328 5836 à
2414 5709 2597 5836 vous
2670 5709 2719 5836 en

630 5832 854 5961 ſervir
928 5832 1115 5961 pour
1177 5832 1214 5961 la
1314 5832 1662 5961 defenſe.
1786 5832 1948 5961 C’eſt
2022 5832 2458 5961 pourquoy
2545 5832 2744 5961 nous

630 5958 868 6091 avons
939 5958 1272 6091 propoſé
1343 5958 1403 6091 au
1522 5958 1819 6091 Tableau
1938 5958 1997 6091 ce
2056 5958 2318 6091 temps
2389 5958 2580 6091 pour
2651 5958 2710 6091 un

645 6082 1070 6222 exemple,
1180 6082 1483 6222 comme
1568 6082 1811 6222 eſtant
1872 6082 1933 6222 le
1993 6082 2163 6222 plus
2224 6082 2734 6222 avantageux

645 6215 832 6330 pour
867 6215 914 6330 la
960 6215 1159 6330 lame
1206 6215 1674 6330 inferieure.

839 6308 964 6457 fera
1039 6308 1554 6457 quelquefois
1604 6308 1642 6457 ſa
1717 6308 2056 6457 cavation
2131 6308 2345 6457 apres
2382 6308 2746 6457 l’aſſujet-

653 6453 1035 6579 tiſſement
1106 6453 1166 6579 de
1226 6453 1321 6579 ſon
1416 6453 1619 6579 eſpee
1667 6453 2060 6579 accompli
2120 6453 2168 6579 en
2239 6453 2275 6579 la
2335 6453 2585 6579 forme
2657 6453 2716 6579 du

675 6575 918 6708 Cercle
976 6575 1011 6708 1.
1127 6575 1289 6708 Lors
1324 6575 1358 6708 il
1416 6575 1601 6708 vous
1659 6575 2134 6708 conviendra
2204 6575 2574 6708 derechef
2632 6575 2725 6708 en-

644 6703 790 6830 trer
851 6703 1191 6830 quelque
1252 6703 1361 6830 peu
1434 6703 1617 6830 avec
1665 6703 1714 6830 le
1775 6703 1945 6830 pied
2018 6703 2224 6830 droit,
2285 6703 2334 6830 en
2419 6703 2735 6830 eſlevant

671 6824 892 6951 quant
1002 6824 1002 6951 &
1076 6824 1297 6951 quant
1359 6824 1408 6951 le
1482 6824 1813 6951 gauche,
1949 6824 1961 6951 &
2010 6824 2059 6951 le
2133 6824 2440 6951 portant
2502 6824 2735 6951 circu-

640 6950 1059 7075 lairement
1129 6950 1176 7075 en
1246 6950 1502 7075 avant,
1549 6950 1723 7075 avec
1770 6950 1840 7075 un
1910 6950 2084 7075 tour
2143 6950 2201 7075 du
2282 6950 2492 7075 corps
2562 6950 2749 7075 pour
