5520 7640
534 395 582 517 du
677 395 1370 517 tresbuchement
1430 395 1943 517 inevitable,
2039 395 2230 517 pour
2301 395 2349 517 la
2421 395 2624 517 faute

528 516 648 646 qui
708 516 792 646 eſt
864 516 1031 646 deſia
1103 516 1522 646 commiſe:
1594 516 1702 646 elle
1762 516 2038 646 pourra
2109 516 2624 646 neantmoins

527 648 707 772 eſtre
791 648 1176 772 amandée
1260 648 1369 772 par
1441 648 1489 772 la
1609 648 1862 772 meſme
1958 648 2355 772 operation
2451 648 2523 772 de
2583 648 2619 772 la

518 774 958 873 rencontre
1024 774 1134 873 des
1200 774 1574 873 courbes.

689 902 738 1020 Or
811 902 848 1020 ſi
897 902 958 1020 le
1043 902 1741 1020 tresbuchement
1814 902 2414 1020 dernierement
2500 902 2634 1020 dit,

533 1032 709 1157 vous
780 1032 862 1157 eſt
909 1032 1145 1157 arrivé
1215 1032 1321 1157 par
1368 1032 1933 1157 nonchalence
2003 1032 2062 1157 ou
2145 1032 2250 1157 par
2333 1032 2639 1157 meſgar-

530 1157 643 1283 de,
693 1157 855 1283 auſſi
905 1157 1043 1283 rien
1130 1157 1630 1283 n’empeſche
1718 1157 1855 1283 que
1905 1157 1930 1283 il
1993 1157 2068 1283 ne
2155 1157 2342 1283 vous
2392 1157 2630 1283 puiſſe

516 1282 1006 1409 aucunefois
1099 1282 1321 1409 ſervir
1426 1282 1730 1409 comme
1835 1282 1963 1409 d’un
2091 1282 2640 1409 ſtratageme,

523 1410 708 1531 pour
755 1410 1022 1531 abuſer
1068 1410 1126 1531 le
1196 1410 1637 1531 contraire;
1706 1410 1753 1531 en
1845 1410 2298 1531 cheminant
2344 1410 2634 1531 furieu-

519 1537 822 1662 ſement
900 1537 956 1662 en
1035 1537 1315 1662 avant,
1393 1537 1449 1662 ou
1550 1537 1595 1662 en
1685 1537 2111 1662 attaquant
2178 1537 2335 1662 bien
2425 1537 2649 1662 rude-

544 1661 727 1787 ment
776 1661 886 1787 les
947 1661 1240 1787 eſpees,
1277 1661 1399 1787 afin
1484 1661 1643 1787 qu’il
1692 1661 1777 1787 ait
1851 1661 2180 1787 occaſion
2266 1661 2327 1787 de
2400 1661 2632 1787 caver,

518 1788 702 1912 avec
759 1788 1207 1912 apparence
1276 1788 1345 1912 de
1403 1788 1586 1912 vous
1644 1788 1988 1912 toucher
2046 1788 2161 1912 par
2241 1788 2517 1912 dehors
2563 1788 2620 1912 au

527 1914 811 2039 viſage.
946 1914 995 2039 En
1094 1914 1278 2039 ceſte
1352 1914 1845 2039 occurrence
1906 1914 1943 2039 il
2005 1914 2140 2039 ſera
2202 1914 2350 2039 fort
2423 1914 2633 2039 facile

536 2039 606 2163 de
665 2039 724 2163 le
795 2039 1265 2163 rencontrer
1324 2039 1500 2163 avec
1571 2039 1759 2163 ceſte
1842 2039 2230 2163 operation
2324 2039 2371 2163 du
2500 2039 2653 2163 Cer-

530 2167 629 2289 cle
691 2167 740 2289 7.
826 2167 925 2289 Car
987 2167 1333 2289 d’autant
1382 2167 1543 2289 plus
1617 2167 1666 2289 de
1740 2167 2024 2289 courſe,
2074 2167 2271 2289 qu’on
2346 2167 2395 2289 ſe
2469 2167 2642 2289 don-

524 2294 605 2416 ne
663 2294 709 2416 en
790 2294 1218 2416 attaquant
1264 2294 1357 2416 les
1426 2294 1715 2416 eſpees,
1773 2294 2108 2416 d’autant
2155 2294 2316 2416 plus
2386 2294 2386 2416 a
2467 2294 2513 2416 on
2594 2294 2640 2416 le

530 2418 755 2539 corps
826 2418 1147 2539 prompt
1277 2418 1277 2539 &
1349 2418 1360 2539 à
1444 2418 2239 2539 commandement,
2334 2418 2524 2539 pour
2595 2418 2642 2539 ſe

537 2541 771 2665 volter
820 2541 869 2665 le
955 2541 1152 2665 coſté
1226 2541 1521 2665 gauche
1620 2541 1940 2665 devant,
2026 2541 2075 2665 en
2161 2541 2420 2665 faiſant
2481 2541 2654 2665 l’en-

521 2667 743 2792 trade
805 2667 978 2792 avec
1027 2667 1089 2792 le
1138 2667 1310 2792 pied
1360 2667 1767 2792 ſeneſtre;
1890 2667 1890 2792 &
1964 2667 2149 2792 pour
2223 2667 2654 2792 reprendre

520 2793 684 2917 tant
759 2793 922 2917 plus
997 2793 1412 2917 viſtement
1487 2793 1537 2917 la
1625 2793 2103 2917 ſuperiorité
2178 2793 2291 2917 ſur
2366 2793 2643 2917 l’eſpee

540 2919 922 3042 contraire
1005 2919 1053 3042 en
1149 2919 1638 3042 l’affrontant
1697 2919 1817 3042 par
1888 2919 2211 3042 dehors,
2354 2919 2354 3042 &
2425 2919 2652 3042 pour-

528 3043 830 3181 ſuivant
881 3043 881 3181 à
931 3043 1360 3181 l’exemple
1435 3043 1498 3181 de
1561 3043 1624 3181 ce
1687 3043 1826 3181 que
1889 3043 2166 3181 deſſus.

1238 3262 1554 3441 Cercle
1936 3262 2094 3441 .8.

564 3483 856 3615 Alexandre
902 3483 1147 3615 pourſuit
1205 3483 1263 3615 ſon
1322 3483 1648 3615 avantage,
1729 3483 2032 3615 moyennant
2091 3483 2463 3615 l’aſſeurance
2545 3483 2650 3615 d’un

642 3612 770 3751 petit
817 3612 1143 3751 pouſſement
1190 3612 1271 3751 ſur
1318 3612 1353 3751 la
1400 3612 1528 3751 lame
1586 3612 1889 3751 Contraire,
1948 3612 2052 3751 dont
2087 3612 2122 3751 il
2157 3612 2262 3751 leve
2297 3612 2321 3751 le
2379 3612 2484 3751 pied
2530 3612 2647 3751 gau-

635 3724 719 3844 che
835 3724 835 3844 &
887 3724 919 3844 en
1003 3724 1308 3844 deſtachant
1371 3724 1424 3844 ls
1518 3724 1708 3844 ſjees,
1760 3724 1802 3844 il
1865 3724 1918 3844 uy
1992 3724 2128 3844 donne
2191 3724 2486 3844 l’atteinte
2560 3724 2644 3844 deſ-

639 3863 736 3970 ſous
779 3863 812 3970 le
855 3863 995 3970 bras.

1030 4026 1154 4159 Ecy
1228 4026 1586 4159 contient
1623 4026 1673 4159 la
1722 4026 2143 4159 pourſuite
2217 4026 2278 4159 de
2340 4026 2649 4159 l’opera-

994 4152 1132 4272 tion
1223 4152 1820 4272 dernierement
1878 4152 2405 4272 precedente,
2463 4152 2509 4272 en
2578 4152 2646 4272 la-

1013 4282 1250 4407 quelle
1309 4282 1854 4407 s’appercevãt
1937 4282 2470 4407 ALEXANDRE
2541 4282 2648 4407 par

984 4406 1676 4502 l’attouchement
1734 4406 1861 4502 d’un
1930 4406 2299 4502 ſentimẽt
2379 4406 2645 4502 medio-

547 4534 643 4659 cre
727 4534 775 4659 en
847 4534 1111 4659 l’eſpee
1195 4534 1614 4659 contraire;
1662 4534 1698 4659 il
1746 4534 2106 4659 pourſuit
2166 4534 2622 4659 l’operation

531 4656 797 4785 faiſant
869 4656 1014 4785 une
1087 4656 1340 4785 petite
1437 4656 1848 4785 eſlevation
1957 4656 2005 4785 du
2102 4656 2271 4785 pied
2367 4656 2645 4785 gauche

546 4782 938 4908 enſemble
997 4782 1187 4908 avec
1234 4782 1305 4908 un
1388 4782 1578 4908 petit
1649 4782 2159 4908 pouſſement
2230 4782 2289 4908 ou
2360 4782 2645 4908 branſle

532 4907 639 5037 ſur
698 4907 971 5037 l’eſpee
1054 4907 1493 5037 contraire,
1588 4907 1623 5037 la
1695 4907 2062 5037 pouſſant
2146 4907 2300 5037 vers
2359 4907 2407 5037 le
2478 4907 2608 5037 bas

584 5033 765 5155 Dont
814 5033 850 5155 il
923 5033 1250 5155 advient
1323 5033 1966 5155 ordinairement
2039 5033 2172 5155 que
2233 5033 2645 5155 l’Ennemy

552 5154 600 5291 en
673 5154 1120 5291 augmente
1168 5154 1217 5291 la
1289 5154 1615 5291 vigueur
1724 5154 1724 5291 &
1772 5154 1821 5291 le
1881 5154 2304 5291 ſentiment
2365 5154 2437 5291 de
2485 5154 2522 5291 ſa
2582 5154 2618 5291 la

575 5282 684 5415 me.
805 5282 1108 5415 Auquel
1156 5282 1483 5415 inſtant,
1543 5282 1991 5415 deſtachant
2039 5282 2136 5415 les
2197 5282 2451 5415 eſpees
2499 5282 2536 5415 il
2596 5282 2644 5415 va

550 5410 895 5544 pancher
978 5410 1085 5544 des
1168 5410 1513 5544 eſpaules
1572 5410 1643 5544 un
1715 5410 1834 5544 peu
1929 5410 1929 5544 à
1988 5410 2345 5544 l’envers,
2452 5410 2463 5544 &
2535 5410 2618 5544 me

538 5530 665 5665 ner
712 5530 758 5665 ſa
816 5530 1093 5665 pointe
1151 5530 1798 5665 circulairement
1855 5530 1959 5665 par
2040 5530 2352 5665 maniere
2421 5530 2479 5665 de
2525 5530 2618 5665 jet

543 5657 650 5762 ter
733 5657 792 5762 de
863 5657 1041 5762 haut
1124 5657 1278 5762 vers
1349 5657 1397 5762 le
1456 5657 1634 5762 bas,
1740 5657 2310 5762 s’affermiſſant
2369 5657 2428 5762 le
2499 5657 2642 5762 bra:

546 5780 728 5914 avec
800 5780 837 5914 la
922 5780 1140 5914 garde
1237 5780 1297 5914 de
1358 5780 1636 5914 l’eſpee
1709 5780 1976 5914 contre
2036 5780 2085 5914 le
2157 5780 2339 5914 coſté
2424 5780 2605 5914 droit

546 5905 941 6038 avançant
1027 5905 1273 6038 quand
1384 5905 1397 6038 &
1471 5905 1729 6038 quand
1779 5905 1840 6038 un
1927 5905 2050 6038 peu
2124 5905 2173 6038 le
2247 5905 2420 6038 pied
2506 5905 2604 6038 gau

562 6033 685 6165 che
772 6033 883 6165 qui
970 6033 1180 6165 eſtoit
1267 6033 1552 6165 eſlevé,
1638 6033 1675 6165 en
1774 6033 1997 6165 pliant
2071 6033 2121 6165 le
2220 6033 2480 6165 meſme
2554 6033 2628 6165 ge

547 6156 795 6285 nouil,
845 6156 956 6285 ſur
1006 6156 1278 6285 lequel
1315 6156 1353 6285 il
1414 6156 1464 6285 va
1526 6156 1699 6285 faire
1749 6156 1798 6285 la
1860 6156 2170 6285 charge,
2232 6156 2616 6285 enſemble

578 6280 758 6409 ment
842 6280 1177 6409 dreſſant
1225 6280 1261 6409 la
1345 6280 1609 6409 pointe
1705 6280 1765 6409 de
1837 6280 1932 6409 ſon
2028 6280 2232 6409 eſpee
2304 6280 2364 6409 au
2460 6280 2603 6409 coſt

575 6408 625 6544 de
676 6408 1105 6544 l’Ennemy
1181 6408 1548 6544 deſſoubs
1585 6408 1636 6544 le
1687 6408 1851 6544 bras
1927 6408 2192 6544 droi;
2268 6408 2571 6544 comme
2634 6408 2634 6544 i

545 6543 593 6662 ſe
665 6543 820 6662 voit
880 6543 1345 6662 clairement
1405 6543 1453 6662 en
1525 6543 1560 6662 la
1620 6543 1895 6662 figure.

704 6656 880 6778 Pour
938 6656 985 6778 en
1067 6656 1489 6778 continuer
1536 6656 2063 6778 l’execution,
2086 6656 2122 6778 il
2168 6656 2391 6778 porte
2461 6656 2613 6778 dere

561 6783 719 6920 chef
768 6783 816 6920 le
865 6783 1047 6920 pied
1108 6783 1399 6920 gauche
1448 6783 1618 6920 plus
1666 6783 1885 6920 avant
1957 6783 2237 6920 dedans
2310 6783 2467 6920 vers
2528 6783 2625 6920 ſor

591 6906 980 7010 Cntraire
1191 6906 1191 7010 &
1257 6906 1546 7010 avance
1624 6906 2257 7010 enſemblement
2323 6906 2379 7010 le
2456 6906 2623 7010 coſté

2797 403 3021 537 droi
3092 403 3139 537 du
3245 403 3493 537 corps,
3564 403 3894 537 trainant
3941 403 4331 537 lemeſme
4378 403 4484 537 pie
4614 403 4862 537 apres,

2837 535 2837 662 &
2920 535 3302 662 avançant
3373 535 3934 662 pareillement
4005 535 4053 662 le
4124 535 4291 662 bras
4363 535 4542 662 avec
4601 535 4863 662 l’eſpee

2790 659 2839 790 en
2913 659 3147 790 ſorte,
3208 659 3368 790 qu’il
3418 659 3467 790 en
3541 659 3762 790 perce
3811 659 3860 790 le
3934 659 4155 790 corps
4217 659 4278 790 de
4328 659 4426 790 ſon
4524 659 4856 790 Ennemy

2774 795 2945 915 tout
3006 795 3263 915 outre:
3324 795 3385 915 ce
3459 795 3569 915 qui
3606 795 3618 915 a
3679 795 3826 915 eſté
3887 795 4340 915 repreſenté
4389 795 4437 915 au
4548 795 4853 915 Tableau

2824 910 2867 1027 V.
2924 910 3038 1027 ſur
3080 910 3123 1027 le
3223 910 3464 1027 Cercle
3550 910 3578 1027 8.

2940 1037 2988 1164 Or
3059 1037 3119 1164 de
3190 1037 3250 1164 ce
3322 1037 3453 1164 que
3501 1037 3703 1164 nous
3751 1037 3990 1164 avons
4049 1037 4264 1164 diviſé
4324 1037 4515 1164 ceſte
4598 1037 4872 1164 execu-

2771 1164 2900 1294 tion
2994 1164 3041 1294 en
3135 1164 3322 1294 deux
3393 1164 3897 1294 operations,
3967 1164 4003 1294 il
4061 1164 4190 1294 n’en
4284 1164 4437 1294 faut
4507 1164 4624 1294 pas
4695 1164 4871 1294 tirer

2784 1291 2855 1416 de
2913 1291 3243 1416 grandes
3302 1291 3949 1416 conſequences,
4019 1291 4313 1416 comme
4372 1291 4396 1416 ſi
4455 1291 4549 1416 les
4619 1291 4878 1416 temps

2777 1415 3058 1546 fuſſent
3143 1415 3547 1546 touſiours
3620 1415 3657 1546 ſi
3718 1415 4280 1546 notablement
4366 1415 4879 1546 diſtinguez,

2780 1541 2946 1662 ainſi
3010 1541 3137 1662 que
3188 1541 3290 1662 les
3341 1541 3634 1662 figures
3724 1541 3826 1662 des
3928 1541 4208 1662 Cercles
4285 1541 4323 1662 7.
4463 1541 4463 1662 &
4552 1541 4591 1662 8.
4693 1541 4871 1662 ſem-

2776 1666 2991 1792 blent
3050 1666 3122 1792 de
3170 1666 3563 1792 premiere
3611 1666 3766 1792 face
3837 1666 4123 1792 donner
4171 1666 4171 1792 à
4242 1666 4660 1792 entendre.
4767 1666 4874 1792 Car

2767 1793 2804 1918 il
2853 1793 3013 1918 faut
3062 1793 3395 1918 ſçavoir,
3469 1793 3592 1918 que
3666 1793 3703 1918 la
3789 1793 4085 1918 diviſion
4171 1793 4220 1918 en
4294 1793 4306 1918 a
4380 1793 4516 1918 eſté
4565 1793 4738 1918 faite
4811 1793 4861 1918 en

2783 1918 3047 2042 faveur
3110 1918 3224 2042 des
3312 1918 3690 2042 Diſciples,
3753 1918 3892 2042 aux
3955 1918 4157 2042 quels
4220 1918 4245 2042 il
4321 1918 4409 2042 eſt
4460 1918 4876 2042 neceſſaire

2802 2044 2849 2159 de
2932 2044 3215 2159 donner
3285 2044 3392 2159 des
3439 2044 4005 2159 inſtruions,
4064 2044 4075 2159 à
4158 2044 4453 2159 chaſcun
4582 2044 4877 2159 mouve-

2802 2170 2989 2297 ment
3036 2170 3047 2297 à
3106 2170 3292 2297 part.
3409 2170 3549 2297 Mais
3607 2170 3794 2297 ceux
3864 2170 3981 2297 qui
4016 2170 4272 2297 ſeront
4331 2170 4401 2297 un
4471 2170 4588 2297 peu
4658 2170 4891 2297 avan-

2791 2294 2905 2412 cez
2985 2294 3031 2412 en
3111 2294 3568 2412 l’exercice,
3682 2294 3693 2412 &
3750 2294 4264 2412 notamment
4333 2294 4379 2412 en
4470 2294 4504 2412 la
4573 2294 4881 2412 preſen-

2782 2419 2840 2545 te
2922 2419 3366 2545 operation,
3424 2419 3506 2545 ils
3588 2419 3634 2545 en
3704 2419 4102 2545 pourront
4160 2419 4335 2545 tirer
4393 2419 4861 2545 l’execution

2783 2541 2937 2670 ſans
3008 2541 3197 2670 nulle
3268 2541 3493 2670 pauſe
3588 2541 4298 2670 entremoyenne,
4393 2541 4511 2670 par
4570 2541 4618 2670 la
4689 2541 4890 2670 ſeule

2790 2666 3327 2771 continuation
3415 2666 3524 2771 des
3601 2666 3908 2771 meſmes
3985 2666 4576 2771 mouvements;
4642 2666 4653 2771 à
4730 2666 4883 2771 con-

2797 2799 3012 2917 dition
3095 2799 3298 2917 qu’ils
3370 2799 3823 2917 deſtachent
3871 2799 3978 2917 les
4038 2799 4348 2917 eſpees,
4431 2799 4479 2917 en
4598 2799 4884 2917 menant

2773 2920 2819 3040 la
2888 2920 3211 3040 poine
3292 2920 3927 3040 circulairement
4019 2920 4077 3040 de
4146 2920 4320 3040 haut
4400 2920 4550 3040 vers
4608 2920 4666 3040 le
4735 2920 4885 3040 bas,

2796 3045 3060 3168 durant
3128 3045 3335 3168 qu’ils
3403 3045 3965 3168 commencent
4022 3045 4022 3168 à
4079 3045 4480 3168 advancer
4515 3045 4572 3168 le
4641 3045 4893 3168 corps,

2851 3167 2851 3292 &
2925 3167 3048 3292 que
3097 3167 3146 3292 le
3208 3167 3367 3292 pied
3454 3167 3626 3292 droit
3687 3167 3773 3292 eſt
3834 3167 4117 3292 encore
4179 3167 4449 3292 eſlevé;
4559 3167 4572 3292 &
4633 3167 4891 3292 quand

2776 3292 2857 3417 ils
2903 3292 3342 3417 l’avancent
3388 3292 3585 3417 pour
3631 3292 3677 3417 le
3735 3292 4071 3417 planter,
4151 3292 4198 3417 au
4302 3292 4568 3417 meſme
4614 3292 4891 3417 inſtant

2789 3420 2918 3542 ſera
2989 3420 3237 3542 donné
3344 3420 3355 3542 &
3403 3420 3698 3542 achevé
3745 3420 3792 3542 le
3863 3420 4076 3542 coup,
4135 3420 4182 3542 en
4241 3420 4288 3542 la
4383 3420 4690 3542 maniere
4761 3420 4890 3542 que

2810 3542 3078 3659 deſſus,
3145 3542 3313 3659 avec
3391 3542 3771 3659 exranſiou
3871 3542 3916 3659 du
3994 3542 4162 3659 bras
4263 3542 4274 3659 &
4341 3542 4397 3659 de
4453 3542 4777 3659 l’eſpee,
4833 3542 4888 3659 le

2793 3650 2963 3773 pied
3025 3650 3257 3773 droi
3318 3650 3647 3773 trainant
3696 3650 3916 3773 apres
3965 3650 4258 3773 l’autre.

3517 4224 3823 4393 Cercle
4042 4224 4305 4393 N.9.

2830 4457 2830 4579 A
2888 4457 3130 4579 l’inſtant
3176 4457 3257 4579 que
3303 4457 3326 4579 le
3372 4457 3510 4579 corps
3568 4457 3960 4579 d’Alexandre
4006 4457 4294 4579 commence
4340 4457 4352 4579 à
4386 4457 4732 4579 tresbucher;
4813 4457 4893 4579 Za-

2913 4583 3091 4704 charie
3150 4583 3364 4704 deſtache
3423 4583 3483 4704 les
3518 4583 3708 4704 eſpees,
3815 4583 3815 4704 &
3863 4583 3934 4704 luy
3982 4583 4065 4704 tire
4124 4583 4160 4704 en
4231 4583 4373 4704 angle
4445 4583 4552 4704 aigu
4635 4583 4813 4704 devers
4872 4583 4896 4704 le

2914 4710 3087 4827 ventre
3138 4710 3250 4827 avec
3291 4710 3332 4827 la
3393 4710 3505 4827 main
3556 4710 3597 4827 un
3648 4710 3729 4827 peu
3790 4710 3974 4827 haute.
4117 4710 4229 4827 Dont
4310 4710 4606 4827 Alexandre
4657 4710 4820 4827 retire
4871 4710 4891 4827 le

2918 4833 3069 4953 pied,
3127 4833 3162 4953 en
3209 4833 3244 4953 ſe
3302 4833 3627 4953 deſtournant
3673 4833 3708 4953 le
3743 4833 3871 4953 coſté
3941 4833 4057 4953 droit
4103 4833 4138 4953 en
4208 4833 4405 4953 dehors,
4452 4833 4568 4953 avec
4615 4833 4638 4953 le
4684 4833 4789 4953 bras

2918 4962 2952 5081 la
3009 4962 3158 5081 garde
3215 4962 3524 5081 deſcendant
3569 4962 3638 5081 ſur
3684 4962 3718 5081 la
3764 4962 3890 5081 lame
3935 4962 4233 5081 contraire,
4256 4962 4290 5081 le
4336 4962 4450 5081 pied
4496 4962 4690 5081 gauche
4736 4962 4896 5081 allant

2915 5084 3207 5207 cependant
3250 5084 3293 5207 en
3347 5084 3466 5207 rond
3510 5084 3520 5207 à
3585 5084 3758 5207 meſure
3802 5084 3888 5207 que
3932 5084 3964 5207 la
4018 5084 4310 5207 proportion
4364 5084 4386 5207 le
4440 5084 4700 5207 requiert.

3279 5261 3326 5405 Es
3421 5261 3610 5405 deux
3704 5261 3987 5405 parties
4070 5261 4412 5405 s’eſtants
4471 5261 4908 5405 premiere-

3275 5408 3451 5505 nent
3533 5408 3686 5505 tenu
3756 5408 3862 5505 ſur
3921 5408 3968 5505 la
4062 5408 4437 5505 Premiere
4508 5408 4895 5505 Inſtance;

3273 5532 3815 5626 ALEXANDRE
3891 5532 3891 5626 a
3978 5532 4444 5626 commencé
4509 5532 4520 5626 à
4595 5532 4899 5626 travail-

3243 5656 3335 5779 ler
3382 5656 3556 5779 tout
3626 5656 3684 5779 de
3765 5656 4021 5779 meſme
4090 5656 4717 5779 qu’auparavant,
4752 5656 4892 5779 ſça-

2809 5777 2962 5901 voir
3021 5777 3138 5901 eſt,
3209 5777 3362 5901 qu’il
3409 5777 3420 5901 a
3479 5777 3773 5901 touché
3808 5777 3855 5901 la
3914 5777 4102 5901 lame
4173 5777 4549 5901 contraire
4619 5777 4796 5901 avec
4843 5777 4878 5901 la

2796 5904 3053 6009 ſienne
3109 5904 3154 6009 en
3255 5904 3535 6009 dedans
3603 5904 3659 6009 du
3726 5904 3950 6009 bras,
4017 5904 4062 6009 en
4152 5904 4477 6009 eſlevant
4600 5904 4600 6009 &
4678 5904 4891 6009 avan-

2817 6021 2969 6152 çant
3020 6021 3070 6152 le
3146 6021 3310 6152 pied
3399 6021 3576 6152 droit
3652 6021 3841 6152 pour
3904 6021 4081 6152 faire
4145 6021 4903 6152 l’aſſujettiſſement

2800 6151 2812 6277 à
2861 6151 2897 6277 la
2983 6151 3337 6277 Seconde
3411 6151 3765 6277 Inſtance
3839 6151 3949 6277 par
4034 6151 4389 6277 deſſoubs
4462 6151 4511 6277 le
4621 6151 4902 6277 Diame-

2800 6278 2935 6404 tre.
3058 6278 3132 6404 Ce
3206 6278 3341 6404 que
3402 6278 3710 6404 faiſant,
3784 6278 3845 6404 au
3956 6278 4214 6404 meſme
4263 6278 4558 6404 Inſtant
4644 6278 4767 6404 que
4841 6278 4890 6404 le

2809 6402 3030 6525 corps
3065 6402 3194 6525 luy
3264 6402 3731 6525 commence
3777 6402 3789 6525 à
3847 6402 3988 6525 tres
4023 6402 4349 6525 bucher;
4443 6402 4898 6525 ZACHARIE

2801 6526 3147 6652 s’avance
3195 6526 3254 6652 le
3326 6526 3540 6652 corps
3612 6526 3779 6652 avec
3838 6526 3898 6652 le
3957 6526 4136 6652 pied
4220 6526 4446 6652 droi
4518 6526 4554 6652 en
4661 6526 4887 6652 deſta-

2816 6651 3028 6778 chant
3103 6651 3203 6778 ſon
3303 6651 3566 6778 eſpee,
3741 6651 3741 6778 &
3803 6651 4066 6778 plante
4128 6651 4178 6778 le
4253 6651 4416 6778 pied
4503 6651 4753 6778 quand
4891 6651 4891 6778 &

2811 6778 3070 6906 quand
3132 6778 3194 6906 un
3292 6778 3403 6906 peu
3514 6778 3674 6906 deça
3736 6778 3785 6906 le
3896 6778 4266 6906 Diametre
4315 6778 4599 6906 aupres
4685 6778 4747 6906 de
4846 6778 4895 6906 R,

2812 6903 3033 7029 pliant
3082 6903 3131 7029 le
3216 6903 3559 7029 genouil,
3682 6903 3694 7029 &
3743 6903 4135 7029 panchant
4196 6903 4245 7029 le
4331 6903 4552 7029 corps
4625 6903 4895 7029 deſſus,

4659 7041 4894 7133 tirant
