5520 7640
2894 513 3089 641 ceſte
3175 513 3663 641 difference,
3736 513 3871 641 que
3956 513 4005 641 en
4103 513 4286 641 ceſte
4359 513 4726 641 preſente
4811 513 5006 641 occa-

2880 642 3013 771 ſion
3097 642 3133 771 il
3206 642 3520 771 retirera
3568 642 3628 771 le
3689 642 3858 771 pied
3918 642 4148 771 eſlevé
4232 642 4727 771 droitement
4788 642 4993 771 arrie-

2882 765 2993 891 re,
3118 765 3130 891 &
3180 765 3230 891 le
3304 765 3640 891 plantera
3726 765 3826 891 ſur
3876 765 3925 891 le
4025 765 4410 891 Diametre
4484 765 4534 891 du
4621 765 5006 891 quadran-

2903 890 3026 1015 gle,
3075 890 3518 1015 procedant
3579 890 3628 1015 en
3702 890 3875 1015 tout
3924 890 3973 1015 le
4022 890 4207 1015 reſte
4256 890 4428 1015 ainſi
4490 890 4625 1015 que
4699 890 5006 1015 devant.

3032 1017 3094 1141 Le
3143 1017 3425 1141 ſecond
3486 1017 3744 1141 temps
3793 1017 3928 1141 ſera
3977 1017 4124 1141 lors
4197 1017 4995 1141 qu’ALEXANDRE

2874 1140 3010 1265 ſera
3084 1140 3244 1265 deſia
3330 1140 3367 1265 en
3441 1140 3602 1265 ae
3676 1140 4070 1265 d’avancer
4120 1140 4181 1265 le
4231 1140 4403 1265 pied
4489 1140 4674 1265 droit
4736 1140 4896 1265 vers
4958 1140 4995 1265 la

2886 1267 3244 1389 Seconde
3306 1267 3688 1389 Inſtance,
3763 1267 4022 1389 durant
4108 1267 4306 1389 qu’ils
4380 1267 4565 1389 tient
4627 1267 4689 1389 le
4763 1267 4985 1389 corps

2880 1396 3153 1516 encore
3224 1396 3272 1516 en
3343 1396 3699 1516 balance;
3830 1396 3830 1516 &
3901 1396 4032 1516 que
4139 1396 4614 1516 ZACHARIE
4673 1396 4804 1516 luy
4863 1396 4994 1516 tire

2863 1515 2899 1642 là
2983 1515 3210 1642 deſſus
3270 1515 3401 1642 une
3461 1515 3832 1642 eſtocade
3904 1515 3952 1642 en
4011 1515 4059 1642 la
4143 1515 4406 1642 meſme
4478 1515 4801 1642 maniere
4860 1515 5004 1642 que

2887 1640 3190 1738 devant.
3306 1640 3353 1738 En
3457 1640 3644 1738 ceſte
3737 1640 4074 1738 occaſion
4191 1640 4761 1738 ALEXANDRE
4819 1640 4994 1738 reti-

2864 1769 3008 1894 rera
3080 1769 3140 1894 le
3212 1769 3381 1894 pied
3453 1769 3693 1894 eſlevé
3790 1769 4331 1894 droiement
4403 1769 4451 1894 en
4547 1769 4884 1894 arriere,
4944 1769 4992 1894 le

2860 1893 3227 2016 plantant
3274 1893 3369 2016 ſur
3429 1893 4092 2016 l’entrecoupure
4187 1893 4246 2016 de
4305 1893 4353 2016 la
4448 1893 5004 2016 Circonferen-

2875 2020 2937 2143 ce
3048 2020 3048 2143 &
3134 2020 3184 2143 de
3233 2020 3270 2143 la
3369 2020 3814 2143 Collaterale
3926 2020 3938 2143 G
4074 2020 4136 2143 M,
4210 2020 4259 2143 en
4334 2020 4853 2143 tournoyant
4989 2020 4989 2143 &

2863 2141 3225 2271 plantant
3302 2141 3560 2271 quand
3690 2141 3690 2271 &
3767 2141 4025 2271 quand
4077 2141 4129 2271 le
4206 2141 4374 2271 pied
4452 2141 4749 2271 gauche
4826 2141 5007 2271 pro-

2854 2272 3655 2385 portionnellement
3724 2272 4061 2385 derriere
4107 2272 4409 2385 l’autre,
4444 2272 4630 2385 avec
4676 2272 4769 2385 les
4850 2272 5001 2385 meſ-

2891 2396 3010 2523 mes
3081 2396 3637 2523 obſervations
3708 2396 3826 2523 que
3909 2396 4181 2523 deſſus.

3002 2522 3064 2648 Le
3139 2522 3538 2648 troiſieme
3600 2522 3862 2648 temps
3937 2522 4049 2648 qui
4112 2522 4199 2648 eſt
4261 2522 4311 2648 le
4361 2522 4536 2648 plus
4586 2522 4985 2648 ordinaire

2922 2647 2922 2773 &
2972 2647 3022 2773 le
3084 2647 3246 2773 plus
3295 2647 3806 2773 avantageux
3868 2647 4067 2773 pour
4179 2647 4577 2773 Zacharie,
4664 2647 4814 2773 c’eſt
4901 2647 5000 2773 ce-

2856 2770 2982 2895 luy
3058 2770 3197 2895 que
3260 2770 3298 2895 la
3374 2770 3627 2895 figure
3716 2770 3766 2895 du
3880 2770 4120 2895 Cercle
4209 2770 4399 2895 nous
4474 2770 4993 2895 repreſente;

2854 2892 3174 3020 aſſavoir
3248 2892 3495 3020 quand
3544 2892 3593 3020 le
3643 2892 3815 3020 pied
3889 2892 4074 3020 droit
4148 2892 4715 3020 d’ALExandre
4801 2892 4998 3020 com-

2889 3026 3139 3148 mence
3186 3026 3198 3148 à
3258 3026 3401 3148 tres
3436 3026 3746 3148 bucher
3794 3026 3913 3148 par
3960 3026 3996 3148 la
4067 3026 4341 3148 charge
4425 3026 4472 3148 du
4556 3026 4829 3148 corps;
4913 3026 4960 3148 en

2857 3145 3057 3274 ſorte
3137 3145 3297 3274 qu’il
3351 3145 3471 3274 luy
3551 3145 3644 3274 eſt
3697 3145 3871 3274 plus
3951 3145 4257 3274 difficile
4324 3145 4391 3274 de
4458 3145 4511 3274 ſe
4578 3145 4738 3274 bien
4818 3145 5004 3274 gou-

2859 3277 3134 3395 verner
3194 3277 3242 3395 en
3325 3277 3469 3395 ceſt
3528 3277 3815 3395 inſtant
3863 3277 3971 3395 là,
4054 3277 4245 3395 qu’és
4317 3277 4508 3395 deux
4556 3277 4819 3395 autres
4891 3277 4998 3395 oc-

2864 3396 3155 3529 caſions
3205 3396 3787 3529 precedentes,
3863 3396 3926 3529 où
4002 3396 4039 3529 il
4103 3396 4305 3529 avoit
4381 3396 4431 3529 le
4494 3396 4671 3529 pied
4734 3396 4899 3529 plus
4962 3396 4975 3529 à

2858 3525 3616 3620 commandement.

2993 3637 3476 3777 Finalement
3537 3637 3585 3777 le
3670 3637 3924 3777 meſme
3996 3637 4177 3777 coup
4262 3637 4709 3777 d’eſtocade
4769 3637 4999 3777 pour-

2845 3767 2900 3899 ra
2988 3767 3164 3899 ere
3241 3767 3373 3899 ulré
3506 3767 3561 3899 ax
3748 3767 4134 3899 ACHARIE
4211 3767 4222 3899 à
4288 3767 4618 3899 l’inſtant
4717 3767 4993 3899 meſme

2867 3875 2991 4014 que
3048 3875 3093 4014 le
3150 3875 3319 4014 pied
3387 3875 4021 4014 d’ALEXANDRE
4089 3875 4371 4014 devalle
4417 3875 4598 4014 avec
4654 3875 4699 4014 le
4767 3875 4994 4014 corps

2867 3997 2906 4144 en
2997 3997 3570 4144 aſſujettiſſant
3609 3997 3713 4144 ſon
3791 3997 4038 4144 eſpee,
4091 3997 4390 4144 auquel
4429 3997 4729 4144 inſtant
4781 3997 4820 4144 il
4872 3997 4989 4144 luy

2861 4118 2946 4253 eſt
2995 4118 3447 4253 impoſſible
3520 4118 3581 4253 de
3642 4118 4119 4253 deſtourner
4168 4118 4216 4253 le
4278 4118 4400 4253 pas
4461 4118 4510 4253 en
4583 4118 4998 4253 commen-

2856 4249 2974 4391 cé,
3034 4249 3117 4391 ne
3188 4249 3544 4391 pouvant
3603 4249 3864 4391 porter
3923 4249 3971 4391 le
4042 4249 4208 4391 pied
4279 4249 4694 4391 autrepart
4765 4249 4955 4391 qu’au

2842 4375 2968 4499 lieu
3057 4375 3208 4499 qu’il
3258 4375 3472 4499 avoit
3523 4375 3963 4499 pretendu,
4026 4375 4329 4499 ſçavoir
4392 4375 4467 4499 eſt
4518 4375 4530 4499 à
4580 4375 4618 4499 la
4706 4375 4984 4499 Secon-

2857 4497 2919 4618 de
2982 4497 3344 4618 Inſtance
3394 4497 3407 4618 à
3457 4497 3507 4618 la
3557 4497 3794 4618 lettre
3919 4497 3969 4618 G.
4094 4497 4369 4618 Venant
4469 4497 4657 4618 donc
4732 4497 4982 4618 l’eſto-

2852 4625 3059 4756 cade,
3169 4625 3169 4756 &
3242 4625 3888 4756 enſemblement
3936 4625 4046 4756 ſon
4119 4625 4302 4756 pied
4387 4625 4570 4756 droit
4655 4625 4984 4756 encores

2835 4751 3211 4900 tombant
3280 4751 3428 4900 vers
3496 4751 3724 4900 terre,
3781 4751 3815 4900 il
3872 4751 3917 4900 le
3986 4751 4271 4900 tourne
4339 4751 4384 4900 en
4476 4751 4806 4900 dedans,
4886 4751 4988 4900 re-

2840 4882 3068 5021 tirant
3128 4882 3236 5021 par
3296 4882 3692 5021 enſemble
3764 4882 3812 5021 le
3896 4882 4088 5021 coſté
4172 4882 4352 5021 droit
4448 4882 4496 5021 du
4604 4882 4820 5021 corps
4892 4882 4964 5021 un

2835 5011 2958 5119 peu
3058 5011 3103 5119 en
3192 5011 3471 5119 arriere
3605 5011 3605 5119 &
3672 5011 3716 5119 en
3806 5011 4118 5119 dehors,
4174 5011 4352 5119 avec
4419 5011 4553 5119 une
4631 5011 4977 5119 tresſou-

2864 5128 3061 5268 daine
3111 5128 3530 5268 pourſuite
3592 5128 3999 5268 circulaire
4061 5128 4110 5268 du
4184 5128 4369 5268 pied
4444 5128 4764 5268 gauche,
4838 5128 4987 5268 ice-

2838 5254 2966 5375 luy
3017 5254 3362 5375 plantant
3439 5254 3720 5375 dehors
3758 5254 3809 5375 le
3899 5254 4206 5375 Cercle,
4346 5254 4346 5375 &
4410 5254 4742 5375 retirant
4793 5254 4972 5375 auſſi

2853 5383 3107 5513 quand
3221 5383 3221 5513 &
3285 5383 3539 5513 quand
3589 5383 3640 5513 le
3704 5383 3882 5513 pied
3945 5383 4136 5513 droit
4212 5383 4479 5513 apres,
4567 5383 4631 5513 de
4720 5383 4974 5513 meſme

2850 5510 3046 5629 qu’és
3107 5510 3559 5629 operations
3620 5510 4195 5629 precedentes.
4268 5510 4733 5629 Toutesfois
4794 5510 4966 5629 celle

2853 5633 2916 5760 cy
2979 5633 3068 5760 eſt
3118 5633 3282 5760 plus
3345 5633 3699 5760 difficile:
3825 5633 3825 5760 &
3901 5633 4128 5760 eſtant
4166 5633 4620 5760 juſtement
4696 5633 4986 5760 execu-

2840 5761 2940 5906 tée
3015 5761 3077 5906 de
3165 5761 3352 5906 coſté
3452 5761 3464 5906 &
3527 5761 3864 5906 d’autre,
3926 5761 4026 5906 les
4101 5761 4351 5906 corps,
4414 5761 4613 5906 bras,
4688 5761 4976 5906 eſpees,

2840 5888 3109 6034 pieds,
3262 5888 3262 6034 &
3365 5888 3736 6034 diſtances
3813 5888 4351 6034 reſpondront
4454 5888 4505 6034 de
4582 5888 4735 6034 fort
4812 5888 4966 6034 pres

2837 6011 2837 6146 à
2887 6011 2937 6146 la
3000 6011 3625 6146 repreſentation
3713 6011 3776 6146 de
3826 6011 4076 6146 noſtre
4139 6011 4426 6146 figure.

2998 6140 3047 6281 En
3134 6140 3321 6281 ceſte
3395 6140 3792 6281 operation
3892 6140 3929 6281 il
3991 6140 4140 6281 faut
4202 6140 4301 6281 ſur
4376 6140 4550 6281 tout
4624 6140 4972 6281 prendre

2864 6266 3078 6405 garde
3126 6266 3317 6405 pour
3388 6266 3829 6405 deuement
3877 6266 4365 6405 rencontrer
4497 6266 4508 6405 &
4580 6266 4961 6405 aſſujettir

2839 6387 2875 6540 la
2947 6387 3139 6540 lame
3223 6387 3644 6540 contraire,
3752 6387 3812 6540 de
3885 6387 3933 6540 le
4005 6387 4173 6540 faire
4245 6387 4438 6540 avec
4558 6387 4570 6540 &
4666 6387 4967 6540 moyen-

2839 6521 3008 6658 nant
3068 6521 3116 6658 le
3188 6521 3743 6658 panchement
3803 6521 3876 6658 de
3936 6521 3972 6658 la
4044 6521 4286 6658 partie
4346 6521 4816 6658 ſuperieure
4901 6521 4949 6658 du

2857 6647 3116 6766 corps,
3202 6647 3313 6766 par
3374 6647 3645 6766 lequel
3707 6647 3768 6766 le
3830 6647 4002 6766 bras
4089 6647 4359 6766 vienne
4421 6647 4433 6766 à
4544 6647 4963 6766 deſcendre

2863 6773 2956 6896 par
3048 6773 3522 6896 compagnie
3591 6773 3741 6896 ſans
3811 6773 3996 6896 faire
4076 6773 4307 6896 aucun
4446 6773 4966 6896 mouvement

2844 6899 3340 7047 particulier.
3477 6899 3576 7047 Car
3638 6899 4109 7047 autrement
4158 6899 4183 7047 il
4233 6899 4344 7047 n’y
4406 6899 4580 7047 aura
4642 6899 4766 7047 rien
4865 6899 4977 7047 qui

2858 7019 3089 7156 puiſſe
3178 7019 3641 7156 empeſcher
3730 7019 3769 7156 la
3859 7019 4103 7156 partie
4193 7019 4514 7156 adverſe
4616 7019 4680 7156 de
4770 7019 4963 7156 nous

4676 7178 4967 7272 donner

639 516 873 647 tirant
946 516 1045 647 ſon
1143 516 1500 647 eſtocade
1574 516 1623 647 en
1709 516 1930 647 angle
2004 516 2151 647 aigu
2238 516 2410 647 avec
2459 516 2508 647 le
2570 516 2729 647 bras

649 640 853 778 roide
949 640 1094 778 vers
1166 640 1202 778 la
1286 640 1527 778 partie
1587 640 2020 778 inſerieure
2116 640 2164 778 du
2260 640 2477 778 corps
2561 640 2621 778 de
2681 640 2729 778 ſa

645 770 882 900 partie
941 770 1307 900 adverſe;
1402 770 1851 900 demeurant
1922 770 2016 900 ſon
2111 770 2406 900 eſpaule
2489 770 2725 900 droite

651 902 1026 1022 couverte
1101 902 1214 1022 par
1251 902 1301 1022 la
1376 902 1589 1022 garde
1664 902 1726 1022 de
1764 902 2089 1022 l’eſpee,
2189 902 2339 1022 mais
2376 902 2439 1022 le
2489 902 2726 1022 viſage

642 1018 642 1149 à
725 1018 1218 1149 deſcouvert.
1347 1018 1923 1149 ALEXANDRE
1994 1018 2593 1149 recognoiſſant
2664 1018 2711 1149 en

643 1150 873 1274 partie
922 1150 934 1274 à
994 1150 1176 1274 veuë
1249 1150 1455 1274 d’œil,
1515 1150 1636 1274 que
1685 1150 1745 1274 le
1806 1150 2024 1274 corps
2085 1150 2145 1274 de
2194 1150 2303 1274 ſon
2412 1150 2727 1274 Contrai-

639 1272 696 1395 re
752 1272 809 1395 ſe
877 1272 1344 1395 commence
1389 1272 1401 1395 à
1469 1272 1833 1395 avancer,
1889 1272 1935 1395 en
2015 1272 2253 1395 partie
2299 1272 2469 1395 auſſi
2515 1272 2629 1395 par
2674 1272 2731 1395 le

631 1391 1057 1520 ſentiment
1142 1391 1312 1520 qu’il
1385 1391 1433 1520 va
1530 1391 1931 1520 deſtacher
1992 1391 2089 1520 ſon
2187 1391 2454 1520 eſpee,
2551 1391 2588 1520 il
2648 1391 2721 1520 ne

640 1512 990 1646 pourſuit
1040 1512 1152 1646 pas
1202 1512 1252 1646 la
1315 1512 1727 1646 demarche
1802 1512 1852 1646 du
1927 1512 2089 1646 pied
2164 1512 2376 1646 droit,
2451 1512 2551 1646 qui
2626 1512 2726 1646 de-

638 1642 784 1769 voit
845 1642 1016 1769 aller
1064 1642 1344 1769 juſqu’à
1417 1642 1453 1769 la
1563 1642 1904 1769 Seconde
1964 1642 2354 1769 Inſtance;
2427 1642 2573 1769 mais
2646 1642 2694 1769 au

621 1760 741 1890 lieu
862 1760 922 1890 de
1006 1760 1067 1890 ce
1127 1760 1307 1890 faire
1368 1760 1573 1890 (puis
1633 1760 1765 1890 que
1814 1760 1874 1890 le
1934 1760 2139 1890 corps
2199 1760 2283 1890 eſt
2356 1760 2573 1890 encor
2657 1760 2705 1890 en

634 1884 985 2013 balance,
1046 1884 1094 2013 en
1167 1884 1360 2013 ſorte
1433 1884 1590 2013 qu’il
1651 1884 1699 2013 en
1772 1884 1954 2013 peut
2014 1884 2317 2013 divertir
2365 1884 2414 2013 le
2462 1884 2632 2013 pas)
2680 1884 2716 2013 il

629 2013 844 2138 retire
903 2013 951 2138 le
1034 2013 1201 2138 pied
1273 2013 1547 2138 arriere
1607 2013 1666 2138 le
1726 2013 2083 2138 plantant
2131 2013 2238 2138 ſur
2286 2013 2322 2138 la
2429 2013 2715 2138 Circon-

623 2133 943 2263 ference
1066 2133 1066 2263 &
1140 2133 1239 2263 ſur
1300 2133 1350 2263 le
1448 2133 1818 2263 Diametre
1879 2133 2138 2263 oblicq
2261 2133 2273 2263 G
2360 2133 2409 2263 I;
2507 2133 2717 2263 tour-

618 2265 923 2392 noyant
984 2265 1240 2392 quand
1362 2265 1374 2392 &
1435 2265 1679 2392 quand
1752 2265 1801 2392 le
1862 2265 2045 2392 pied
2130 2265 2411 2392 gauche
2496 2265 2728 2392 circu-

615 2385 1089 2514 lairement,
1222 2385 1234 2514 &
1295 2385 1356 2514 le
1416 2385 1769 2514 plantant
1854 2385 1902 2514 en
1999 2385 2327 2514 diſtance
2400 2385 2728 2514 propor-

613 2511 1004 2626 tionnelle
1073 2511 1394 2626 derriere
1463 2511 1774 2626 l’autre,
1843 2511 2222 2626 tournant
2291 2511 2728 2626 enſemble-

645 2633 822 2762 ment
870 2633 1035 2762 auſſi
1082 2633 1189 2762 les
1259 2633 1437 2762 deux
1496 2633 1744 2762 pieds,
1779 2633 1886 2762 les
1945 2633 2205 2762 orteils
2288 2633 2559 2762 devant
2630 2633 2713 2762 di-

618 2758 1064 2889 reement
1122 2758 1385 2889 contre
1430 2758 1476 2889 ſa
1533 2758 1808 2889 partie,
1888 2758 1899 2889 &
1945 2758 2002 2889 au
2105 2758 2357 2889 meſme
2449 2758 2689 2889 moyen

606 2879 771 3011 auſſi
842 2879 1159 3011 retirant
1230 2879 1289 3011 un
1383 2879 1501 3011 peu
1606 2879 1653 3011 en
1759 2879 2030 3011 dehors
2101 2879 2148 3011 la
2218 2879 2465 3011 partie
2524 2879 2724 3011 infe-

604 3006 850 3137 rieure
944 3006 991 3137 du
1096 3006 1284 3137 coſté
1366 3006 1612 3137 droit,
1671 3006 1846 3137 avec
1917 3006 2467 3137 panchement
2538 3006 2596 3137 de
2655 3006 2702 3137 la

601 3131 841 3257 partie
913 3131 1428 3257 ſuperieure,
1524 3131 1643 3257 fait
1727 3131 1907 3257 avec
1967 3131 2027 3257 le
2099 3131 2266 3257 bras
2338 3131 2554 3257 roide
2638 3131 2686 3257 en

626 3250 1099 3385 deſcendant
1185 3250 1233 3385 en
1318 3250 1573 3385 ſorte,
1658 3250 1816 3385 qu’il
1877 3250 2084 3385 vient
2254 3250 2521 3385 mettre
2594 3250 2691 3385 ſon

613 3379 815 3511 eſpee
891 3379 1067 3511 avec
1130 3379 1168 3511 la
1244 3379 1458 3511 garde
1534 3379 1635 3511 ſur
1685 3379 1963 3511 l’eſpee
2039 3379 2455 3511 contraire.
2594 3379 2631 3511 Et
2694 3379 2707 3511 à

620 3505 888 3631 meſure
977 3505 1111 3631 que
1155 3505 1189 3631 la
1256 3505 1524 3631 pointe
1591 3505 1981 3631 contraire
2037 3505 2383 3631 s’avance
2439 3505 2595 3631 vers
2651 3505 2695 3631 la

588 3626 818 3741 partie
891 3626 1329 3741 inferieure
1412 3626 1475 3741 de
1548 3626 1641 3741 ſon
1819 3626 2027 3741 orpe.
2121 3626 2278 3741 ainſi
2351 3626 2361 3741 à
2424 3626 2705 3741 l’adve-

583 3741 760 3863 nant
819 3741 854 3863 il
925 3741 1031 3863 s’en
1114 3741 1445 3863 eſloigne
1504 3741 1681 3863 avec
1728 3741 1965 3863 ladite
2036 3741 2272 3863 partie
2331 3741 2709 3863 inferieu-

587 3867 685 3991 re,
758 3867 1285 3991 deſgraduant
1358 3867 1811 3991 cependant
1860 3867 1958 3991 les
2044 3867 2228 3991 deux
2289 3867 2558 3991 lames,
2644 3867 2693 3991 en

588 3994 785 4115 ſorte
872 3994 1180 4115 qu’elles
1254 3994 1636 4115 viennent
1710 3994 1710 4115 à
1772 3994 1821 4115 ſe
1895 3994 2178 4115 rendre
2240 3994 2437 4115 quaſi
2487 3994 2721 4115 paral-

589 4117 775 4216 leles
812 4117 1010 4216 l’une
1060 4117 1072 4216 à
1122 4117 1431 4216 l’autre,
1543 4117 1543 4216 &
1605 4117 1778 4216 celle
1852 4117 1902 4216 de
1989 4117 2360 4216 deſſoubs
2410 4117 2422 4216 à
2484 4117 2546 4216 ſe
2620 4117 2719 4216 re-

599 4239 913 4367 trouver
960 4239 1193 4367 ſoubs
1239 4239 1286 4367 la
1344 4239 1693 4367 branche
1762 4239 2216 4367 exterieure
2309 4239 2367 4367 de
2437 4239 2484 4367 ſa
2565 4239 2705 4367 gar-

623 4364 715 4495 de.
821 4364 980 4495 C’eſt
1046 4364 1098 4495 ce
1164 4364 1283 4495 qui
1336 4364 1429 4495 eſt
1495 4364 1944 4495 repreſenté
1997 4364 2115 4495 par
2155 4364 2261 4495 les
2313 4364 2644 4495 figures.

773 4489 823 4615 Or
897 4489 946 4615 en
1033 4489 1306 4615 faifant
1380 4489 1566 4615 ceſte
1653 4489 2124 4615 operation,
2186 4489 2210 4615 il
2285 4489 2706 4615 adviendra

615 4620 1012 4744 quelques
1063 4620 1229 4744 fois,
1280 4620 1498 4744 parce
1575 4620 1702 4744 que
1754 4620 1805 4744 le
1856 4620 1984 4744 bas
2048 4620 2112 4744 de
2163 4620 2201 4744 la
2278 4620 2496 4744 garde
2560 4620 2713 4744 d’A-

606 4743 997 4863 LExandre
1070 4743 1156 4863 eſt
1217 4743 1449 4863 rond,
1522 4743 1645 4863 que
1694 4743 1730 4863 la
1791 4743 1975 4863 lame
2072 4743 2133 4863 de
2231 4743 2573 4863 Zacharie
2647 4743 2696 4863 en

609 4871 888 4993 gliſſera
964 4871 1330 4993 deſſoubs
1381 4871 1419 4993 ſa
1482 4871 1824 4993 branche
1887 4871 2380 4993 interieure;
2469 4871 2519 4993 ce
2608 4871 2722 4993 qui

597 4994 681 5114 ne
741 4994 860 5114 fait
944 4994 1052 5114 pas
1147 4994 1207 5114 de
1291 4994 1721 5114 difference
1805 4994 1853 5114 en
1949 4994 2463 5114 l’operation,
2558 4994 2714 5114 mais

600 5114 761 5243 bien
835 5114 885 5243 en
947 5114 1418 5243 l’execution
1530 5114 1641 5243 qui
1703 5114 1753 5243 en
1864 5114 2212 5243 depend,
2286 5114 2633 5243 laquelle
2683 5114 2720 5243 il

605 5247 851 5385 faudra
918 5247 1086 5385 faire
1154 5247 1198 5385 en
1288 5247 1378 5385 tel
1434 5247 1535 5385 cas
1591 5247 1759 5385 tout
1815 5247 2319 5385 autrement;
2397 5247 2700 5385 comme

597 5366 634 5467 il
683 5366 818 5467 ſera
903 5366 1210 5467 monſtré
1259 5366 1320 5467 au
1431 5366 1664 5467 Cercle
1725 5366 1823 5467 10.

758 5489 817 5617 Au
922 5489 1110 5617 reſte
1203 5489 1403 5617 cette
1508 5489 1766 5617 meſme
1848 5489 2235 5617 operation
2340 5489 2516 5617 peut
2598 5489 2703 5617 en-

609 5618 774 5748 core
833 5618 1011 5748 eſtre
1070 5618 1484 5748 pratiquée
1555 5618 1603 5748 en
1674 5618 1851 5748 trois
1910 5618 2159 5748 autres
2218 5618 2502 5748 temps;
2561 5618 2703 5748 Pre-

634 5740 1084 5870 mierement
1131 5740 1281 5870 lors
1373 5740 1535 5870 qu’A
1604 5740 2159 5870 LEXANDRE
2251 5740 2297 5870 en
2378 5740 2702 5870 eſlevant

597 5869 648 5993 le
724 5869 902 5993 pied
966 5869 1373 5993 s’appreſte
1462 5869 1958 5993 d’accoupler
2022 5869 2124 5993 les
2225 5869 2531 5993 eſpees,
2632 5869 2683 5993 ou

612 5994 769 6115 qu’il
817 5994 925 6115 les
986 5994 998 6115 a
1106 5994 1263 6115 deſia
1335 5994 1818 6115 accouplées
1890 5994 2071 6115 pour
2119 5994 2228 6115 les
2300 5994 2698 6115 emmener

668 6115 668 6245 &
718 6115 1100 6245 aſſujettir
1176 6115 1176 6245 à
1252 6115 1290 6245 la
1367 6115 1722 6245 Seconde
1773 6115 2167 6245 Inſtance,
2231 6115 2409 6245 ainſi
2472 6115 2714 6245 qu’au-

602 6242 1002 6371 paravant.
1136 6242 1233 6371 Car
1294 6242 1318 6371 ſi
1415 6242 1949 6371 ZACHARIE
2022 6242 2373 6371 S’avance
2434 6242 2483 6371 la
2567 6242 2713 6371 deſ-

605 6365 718 6499 ſus
768 6365 931 6499 avec
981 6365 1031 6499 le
1082 6365 1257 6499 pied
1332 6365 1546 6499 droit,
1621 6365 1922 6499 comme
1972 6365 2009 6499 il
2060 6365 2147 6499 eſt
2235 6365 2361 6499 dit,
2423 6365 2699 6499 juſquà

602 6493 649 6615 la
695 6493 927 6615 lettre
1043 6493 1101 6615 R:
1194 6493 1820 6615 ALEXANDRE
1889 6493 2411 6615 rencontrera
2503 6493 2712 6615 dere-

620 6614 775 6742 chef
823 6614 918 6742 ſon
1002 6614 1360 6742 eſtocade
1419 6614 1598 6742 avec
1670 6614 1861 6742 ceſte
1944 6614 2195 6742 meſme
2254 6614 2708 6742 operation,

609 6735 926 6869 aſſavoir
973 6735 1149 6869 avec
1196 6735 1243 6869 le
1302 6735 1771 6869 retirement
1853 6735 1900 6869 du
1994 6735 2158 6869 pied
2240 6735 2463 6869 droit,
2534 6735 2698 6869 pan-

623 6859 983 6993 chement
1067 6859 1127 6993 de
1199 6859 1248 6993 la
1320 6859 1560 6993 partie
1608 6859 2077 6993 ſuperieure
2161 6859 2209 6993 du
2317 6859 2581 6993 corps,
2702 6859 2702 6993 &

613 6984 1129 7124 abaiſſement
1203 6984 1252 7124 du
1314 6984 1486 7124 bras
1535 6984 1707 7124 avec
1768 6984 2076 7124 l’eſpee;
2125 6984 2223 7124 n’y
2284 6984 2506 7124 ayant
2579 6984 2702 7124 que
