5520 7640
2918 387 2967 523 En
3029 387 3325 523 ſomme
3374 387 3571 523 nous
3645 387 4027 523 voulons,
4113 387 4298 523 qu’en
4396 387 4581 523 ceſte
4704 387 4704 523 &
4778 387 4827 523 en

2750 532 3026 654 toutes
3071 532 3325 654 autres
3392 532 3790 654 occaſions
3868 532 3923 654 on
4000 532 4377 654 pratique
4421 532 4520 654 les
4576 532 4852 654 execu-

2755 654 2962 782 tions
3036 654 3084 782 du
3170 654 3365 782 coſté
3439 654 3488 782 de
3536 654 3805 782 l’eſpee
3891 654 4306 782 contraire,
4379 654 4538 782 tant
4599 654 4611 782 à
4685 654 4856 782 droi-

2753 777 2850 905 te,
2923 777 3229 905 comme
3290 777 3290 905 à
3375 777 3705 905 gauche,
3753 777 3790 905 là
3875 777 3936 905 ou
4022 777 4132 905 elle
4205 777 4339 905 ſera
4412 777 4852 905 aſſujettie:

2749 908 3051 1036 pource
3132 908 3260 1036 que
3352 908 3689 1036 d’autant
3747 908 3909 1036 plus
3990 908 4187 1036 qu’on
4292 908 4721 1036 travaillera
4802 908 4860 1036 a-

2746 1038 3222 1157 lencontre,
3303 1038 3640 1157 d’autant
3721 1038 3768 1157 en
3849 1038 3988 1157 fera
4070 1038 4116 1157 on
4197 1038 4337 1157 une
4418 1038 4581 1157 plus
4662 1038 4859 1157 gran-

2768 1165 2826 1289 de
2895 1165 3334 1289 ouverture
3414 1165 3749 1289 d’angle,
3830 1165 3887 1289 ou
3980 1165 4037 1289 on
4118 1165 4176 1289 ſe
4234 1165 4511 1289 pourra
4591 1165 4857 1289 mettre

2764 1287 3050 1411 dedans
3124 1287 3298 1411 hors
3385 1287 3434 1411 du
3534 1287 3869 1411 danger,
4006 1287 4018 1411 &
4092 1287 4142 1411 en
4229 1287 4564 1411 aſſeurer
4626 1287 4862 1411 l’exe-

2759 1429 3056 1521 cution.

3509 1990 3809 2160 Cercle
4040 1990 4316 2160 N.11.

2808 2211 2808 2345 A
2864 2211 3122 2345 l’inſtant
3190 2211 3268 2345 que
3324 2211 3358 2345 le
3414 2211 3559 2345 corps
3627 2211 4030 2345 d’Alexandre
4097 2211 4378 2345 commence
4445 2211 4456 2345 à
4523 2211 4882 2345 tresbucher;

2924 2340 3179 2465 Zacharie
3225 2340 3294 2465 luy
3329 2340 3433 2465 tire
3491 2340 3723 2465 derechef
3781 2340 3815 2465 en
3873 2340 4024 2465 angle
4081 2340 4197 2465 aigu
4255 2340 4429 2465 devers
4475 2340 4510 2465 le
4556 2340 4787 2465 ventre,
4845 2340 4880 2465 ſe

2889 2461 3150 2594 couvrant
3209 2461 3280 2594 luy
3351 2461 3517 2594 meſme
3577 2461 3600 2594 le
3660 2461 3826 2594 viſage
3885 2461 3968 2594 par
4039 2461 4360 2594 l’entremiſe
4443 2461 4466 2594 de
4526 2461 4561 2594 la
4632 2461 4893 2594 garde:

2908 2587 3005 2711 dont
3092 2587 3386 2711 Alexandre
3451 2587 3483 2711 en
3538 2587 3777 2711 retirant
3885 2587 3885 2711 &
3951 2587 4287 2711 deſtournant
4342 2587 4581 2711 derechef
4635 2587 4831 2711 comme

2903 2714 2938 2844 au
3029 2714 3190 2844 Cercle
3270 2714 3327 2844 9.
3419 2714 3464 2844 va
3545 2714 3728 2844 croiſer
3842 2714 3842 2844 &
3934 2714 4198 2844 aſſujettir
4266 2714 4301 2844 la
4369 2714 4495 2844 lame
4553 2714 4839 2844 contraire

2890 2838 2981 2976 par
3037 2838 3060 2976 le
3128 2838 3276 2976 moyen
3333 2838 3367 2976 de
3413 2838 3447 2976 la
3492 2838 3674 2976 partie
3708 2838 4026 2976 ſuperieure
4083 2838 4117 2976 du
4163 2838 4310 2976 corps
4379 2838 4390 2976 à
4447 2838 4674 2976 pancher
4731 2838 4811 2976 ſur
4867 2838 4890 2976 le

2905 2986 3122 3066 devant.

3265 3159 3325 3285 Es
3409 3159 3589 3285 deux
3661 3159 3949 3285 parties
4021 3159 4345 3285 ayants,
4429 3159 4897 3285 preallable-

3263 3284 3453 3415 ment
3525 3284 3632 3415 mis
3680 3284 3680 3415 à
3739 3284 3787 3415 la
3870 3284 4239 3415 Premiere
4299 3284 4656 3415 Inſtance
4703 3284 4906 3415 leurs

3250 3412 3513 3537 eſpees
3573 3412 3620 3537 en
3692 3412 3943 3537 lignes
4026 3412 4361 3537 droites;
4456 3412 4910 3537 ALEXAN-

3549 3529 3968 3618 omncnCe
4017 3529 4027 3618 a
4076 3529 4466 3618 travailler
4524 3529 4573 3618 en
4641 3529 4895 3618 inten-

2782 3645 2918 3768 tion
3017 3645 3461 3768 d’aſſujettir
3523 3645 3807 3768 l’eſpee
3868 3645 4288 3768 contraire,
4337 3645 4510 3768 tout
4609 3645 4670 3768 de
4769 3645 4917 3768 meſ-

2809 3774 2892 3892 me
2975 3774 3283 3892 comme
3354 3774 3401 3892 au
3531 3774 3780 3892 Cercle
3839 3774 3886 3892 1.
4040 3774 4277 3892 Ayant
4371 3774 4561 3892 donc
4620 3774 4786 3892 levé
4857 3774 4904 3892 le

2788 3894 2960 4014 pied
3034 3894 3255 4014 droit,
3365 3894 3365 4014 &
3427 3894 3795 4014 aſſemblé
3844 3894 3955 4014 les
4053 3894 4422 4014 Nombres
4483 3894 4594 4014 des
4667 3894 4901 4014 lames

2799 4021 2823 4123 3.
2906 4021 3167 4123 contre
3262 4021 3298 4123 8.
3453 4021 3453 4123 &
3512 4021 3690 4123 ainſi
3762 4021 4142 4123 marchant
4214 4021 4368 4123 vers
4428 4021 4463 4123 la
4546 4021 4903 4123 Seconde

2805 4146 3159 4265 Inſtance
3232 4146 3342 4265 par
3440 4146 3598 4265 deça
3684 4146 3745 4265 le
3855 4146 4306 4265 Diametre;
4453 4146 4917 4265 ZACHARIE

2794 4270 3126 4393 aguette
3212 4270 3334 4393 que
3396 4270 3445 4393 le
3506 4270 3691 4393 pied
3752 4270 3875 4393 luy
3949 4270 4157 4393 viene
4219 4270 4231 4393 à
4293 4270 4612 4393 tomber
4673 4270 4784 4393 par
4845 4270 4907 4393 le

2793 4397 3489 4513 tresbuchement
3559 4397 3606 4513 du
3698 4397 3942 4513 corps,
4058 4397 4070 4513 &
4128 4397 4186 4513 au
4302 4397 4558 4513 meſme
4616 4397 4906 4513 inſtant

2797 4523 2833 4644 il
2906 4523 3112 4644 entre
3197 4523 3536 4644 dedans,
3633 4523 3694 4644 ſe
3779 4523 4155 4644 couvrant
4215 4523 4276 4644 le
4349 4523 4591 4644 viſage
4676 4523 4797 4644 par
4858 4523 4906 4644 le

2800 4645 3301 4764 hauſſement
3444 4645 3444 4764 &
3503 4645 3920 4764 entremiſe
3992 4645 4051 4764 de
4111 4645 4159 4764 ſa
4230 4645 4481 4764 garde,
4564 4645 4600 4764 en
4695 4645 4910 4764 avan-

2818 4773 2981 4893 çant
3044 4773 3094 4893 le
3156 4773 3319 4893 pied
3395 4773 3570 4893 droit
3633 4773 3959 4893 juſques
4022 4773 4235 4893 outre
4298 4773 4335 4893 la
4411 4773 4636 4893 lettre
4724 4773 4737 4893 V
4812 4773 4912 4893 ſur

2802 4896 2850 5019 le
2958 4896 3368 5019 Diametre,
3428 4896 3645 5019 tirant
3717 4896 4199 5019 egallement
4259 4896 4681 5019 l’eſtocade
4741 4896 4910 5019 avec

2801 5022 3188 5149 pliement
3261 5022 3309 5149 du
3394 5022 3709 5149 genouil
3830 5022 3842 5149 &
3903 5022 4459 5149 panchement
4544 5022 4593 5149 du
4689 5022 4907 5149 corps

2811 5148 2972 5271 vers
3006 5148 3052 5271 la
3121 5148 3351 5271 partie
3397 5148 3833 5271 inferieure
3902 5148 3960 5271 du
4040 5148 4258 5271 corps
4339 5148 4752 5271 contraire.

2958 5275 3501 5393 ALEXANDRE
3607 5275 3784 5393 donc
3867 5275 4481 5393 s’appercevant
4551 5275 4563 5393 à
4658 5275 4906 5393 temps

2826 5400 2874 5519 du
2993 5400 3591 5519 deſtachement
3674 5400 3794 5519 des
3853 5400 4104 5519 eſpees
4176 5400 4284 5519 par
4343 5400 4391 5519 le
4499 5400 4737 5519 moyen
4845 5400 4893 5519 du

2806 5523 3274 5643 ſentiment,
3407 5523 3407 5643 &
3467 5523 4068 5643 recognoiſſant
4128 5523 4236 5643 par
4296 5523 4332 5643 la
4416 5523 4597 5643 veuë
4645 5523 4693 5643 la
4753 5523 4921 5643 pro-

2814 5648 3089 5768 teion
3181 5648 3226 5768 du
3341 5648 3570 5768 viſage
3639 5648 4062 5768 contraire;
4108 5648 4142 5768 il
4200 5648 4578 5768 continue
4623 5648 4623 5768 à
4681 5648 4910 5768 pour-

2807 5770 3058 5889 ſuivre
3106 5770 3141 5889 la
3213 5770 3452 5889 lame,
3511 5770 3559 5889 la
3631 5770 3989 5889 croiſſant
4061 5770 4240 5889 avec
4299 5770 4765 5889 ſuperiorité
4848 5770 4920 5889 de

2803 5894 2850 5999 la
2909 5894 3203 5999 ſienne,
3309 5894 3309 5999 &
3380 5894 3780 5999 enſemble
3850 5894 4168 5999 retirant
4238 5894 4662 5999 viſtement
4721 5894 4721 5999 à
4815 5894 4921 5999 co-

2808 6018 2902 6147 ſté
2961 6018 3031 6147 un
3101 6018 3230 6147 peu
3312 6018 3359 6147 en
3430 6018 3711 6147 arriere
3781 6018 3817 6147 la
3875 6018 4122 6147 partie
4168 6018 4602 6147 inferieure
4673 6018 4731 6147 de
4790 6018 4884 6147 ſon

2834 6141 3027 6274 coſté
3087 6141 3304 6274 droit,
3365 6141 3727 6274 plantant
3799 6141 3847 6274 au
3980 6141 4233 6274 meſme
4269 6141 4559 6274 inſtant
4619 6141 4667 6274 le
4740 6141 4909 6274 pied

2838 6268 3022 6385 droit
3083 6268 3095 6385 à
3169 6268 3365 6385 terre
3438 6268 3487 6385 au
3610 6268 3818 6385 milieu
3928 6268 3989 6385 de
4051 6268 4087 6385 la
4161 6268 4357 6385 ligne
4467 6268 4479 6385 G
4590 6268 4639 6385 D;
4724 6268 4908 6385 avec

2816 6393 2966 6527 une
3016 6393 3391 6527 ſoudaine
3454 6393 3854 6527 pourſuite
3929 6393 3979 6527 du
4054 6393 4216 6527 pied
4279 6393 4604 6527 gauche,
4654 6393 4667 6527 à
4729 6393 4929 6527 plan-

2824 6519 2926 6647 ter
3028 6519 3074 6647 en
3164 6519 3436 6647 bonne
3504 6519 3968 6647 proportion
4081 6519 4410 6647 derriere
4478 6519 4749 6647 l’autre
4817 6519 4885 6647 un

2817 6645 2948 6776 peu
3019 6645 3019 6776 à
3091 6645 3317 6776 coſté,
3388 6645 3781 6776 panchant
3852 6645 4305 6776 cependant
4388 6645 4436 6776 du
4519 6645 4745 6776 corps
4805 6645 4912 6776 ſur

2813 6772 2873 6891 le
2944 6772 3254 6891 devant,
3361 6772 3361 6891 &
3433 6772 3945 6891 deſgraduant
4005 6772 4267 6891 l’eſpee
4363 6772 4780 6891 contraire,
4839 6772 4887 6891 en

2825 6898 3195 7023 tournant
3242 6898 3290 7023 ſa
3338 6898 3683 7023 branche
3755 6898 4196 7023 exterieure
4267 6898 4911 7023 diagonalement

4845 7058 4884 7124 en

503 382 789 520 donner
873 382 1016 520 une
1099 382 1445 520 atteinte
1529 382 1577 520 en
1696 382 1970 520 dehors
2030 382 2149 520 par
2245 382 2471 520 deſſus
2555 382 2603 520 le

487 522 655 652 bras
732 522 745 652 à
810 522 1145 652 l’inſtant
1236 522 1404 652 qu’il
1468 522 1855 652 deſcend,
1920 522 2217 652 pource
2307 522 2462 652 qu’il
2526 522 2604 652 ne

488 652 616 784 luy
693 652 770 784 eſt
847 652 1168 784 poſſible
1271 652 1322 784 de
1412 652 1592 784 faire
1682 652 1720 784 en
1810 652 1887 784 un
2016 652 2273 784 meſme
2337 652 2619 784 inſtant

508 779 700 904 deux
784 779 1336 904 mouvements
1408 779 1876 904 contraires,
1936 779 2236 904 ſçavoir
2320 779 2440 904 eſt,
2512 779 2608 904 de-

480 909 810 1006 ſcendre
958 909 958 1006 &
1060 909 1345 1006 monter
1424 909 1481 1006 ou
1572 909 1914 1006 avancer
2039 909 2039 1006 &
2118 909 2414 1006 reculer
2494 909 2607 1006 en-

487 1038 814 1162 ſemble.
914 1038 977 1162 ce
1052 1038 1253 1162 qu’on
1341 1038 1530 1162 peut
1605 1038 2044 1162 toutesfois
2120 1038 2296 1162 faire
2358 1038 2610 1162 quand

511 1163 559 1288 on
643 1163 775 1288 fait
859 1163 1279 1288 deſcendre
1339 1163 1399 1288 le
1471 1163 1627 1288 bras
1698 1163 1890 1288 avec
1962 1163 2010 1288 le
2106 1163 2370 1288 corps,
2454 1163 2610 1288 ſans

517 1294 1038 1415 mouvement
1117 1294 1638 1415 particulier;
1752 1294 1854 1415 car
1933 1294 2250 1415 encores
2352 1294 2476 1415 que
2556 1294 2612 1415 le

500 1418 730 1540 corps
779 1418 827 1540 ſe
888 1418 1227 1540 panche,
1288 1418 1736 1540 toutesfois
1784 1418 1845 1540 le
1905 1418 2063 1540 bras
2136 1418 2499 1540 demeure
2560 1418 2632 1540 li-

497 1543 615 1665 bre
710 1543 899 1665 pour
982 1543 1645 1665 s’accommoder
1728 1543 1787 1665 au
1906 1543 2166 1665 meſme
2249 1543 2533 1665 inſtant
2604 1543 2616 1665 à

495 1670 764 1774 toutes
842 1670 1302 1774 occaſions,
1370 1670 1527 1774 tant
1594 1670 1605 1774 à
1706 1670 1998 1774 monter
2110 1670 2110 1774 &
2166 1670 2177 1774 à
2244 1670 2626 1774 avancer,

517 1796 640 1920 qu’à
714 1796 1145 1920 deſcendre
1219 1796 1281 1920 ou
1367 1796 1860 1920 autrement.
1996 1796 2045 1920 En
2144 1796 2341 1920 ſorte
2403 1796 2538 1920 que
2600 1796 2637 1920 ſi

490 1921 915 2049 l’Ennemy
976 1921 1182 2049 vient
1231 1921 1243 2049 à
1316 1921 1522 2049 caver
1632 1921 1632 2049 &
1680 1921 1680 2049 à
1729 1921 2069 2049 avancer
2117 1921 2385 2049 l’eſpee
2445 1921 2628 2049 pour

490 2050 694 2175 nous
766 2050 814 2175 en
910 2050 1222 2175 frapper
1294 2050 1402 2175 par
1474 2050 1726 2175 deſſus
1762 2050 1822 2175 le
1870 2050 2086 2175 bras,
2170 2050 2218 2175 on
2314 2050 2362 2175 en
2458 2050 2626 2175 con-

494 2173 787 2300 ſervera
860 2173 1275 2300 tellement
1336 2173 1373 2300 la
1434 2173 1910 2300 ſuperiorité
1995 2173 2093 2300 des
2166 2173 2447 2300 eſpees,
2508 2173 2630 2300 que

498 2300 628 2422 non
711 2300 1161 2422 ſeulement
1244 2300 1291 2422 on
1362 2300 1492 2422 luy
1551 2300 1859 2422 rompra
1919 2300 2013 2422 ſon
2120 2300 2641 2422 entreprinſe,

541 2419 693 2549 mais
769 2419 882 2549 qui
958 2419 1122 2549 plus
1198 2419 1324 2549 eſt,
1387 2419 1438 2549 on
1526 2419 1577 2549 le
1627 2419 1943 2549 bleſſera
2019 2419 2132 2549 luy
2233 2419 2524 2549 meſme.
2587 2419 2637 2549 la

504 2548 730 2672 raiſon
843 2548 906 2672 de
981 2548 1170 2672 ceſte
1257 2548 1747 2672 obſervation
1835 2548 1923 2672 eſt
1986 2548 2149 2672 auſſi
2211 2548 2638 2672 expliquée

516 2675 564 2798 au
697 2675 1000 2798 Tableau
1133 2675 1194 2798 V,
1303 2675 1351 2798 en
1424 2675 1473 2798 la
1569 2675 1921 2798 derniere
1981 2675 2454 2798 annotation
2575 2675 2623 2798 du

545 2798 795 2924 Cercle
857 2798 945 2924 12.
1007 2798 1257 2924 jaçoit
1344 2798 1469 2924 que
1531 2798 1993 2924 l’operation
2081 2798 2130 2924 en
2218 2798 2355 2924 ſoit
2442 2798 2642 2924 diffe-

506 2925 734 3049 rente
818 2925 890 3049 de
962 2925 1142 3049 celle
1214 2925 1334 3049 cy,
1418 2925 1717 3049 comme
1789 2925 2017 3049 eſtant
2077 2925 2497 3049 pratiquée
2581 2925 2640 3049 de

510 3050 680 3176 plus
741 3050 1010 3176 loing;
1083 3050 1522 3176 toutesfois
1583 3050 1778 3176 l’une
1852 3050 2035 3176 peut
2108 3050 2645 3176 grandement

510 3178 747 3299 ſervir
797 3178 809 3299 à
859 3178 1395 3299 l’explication
1495 3178 1558 3299 de
1595 3178 1907 3299 l’autre.

1201 3401 1533 3564 Cercle
1799 3401 2087 3564 N.10.

549 3607 849 3723 Alexandre
913 3607 1106 3723 marche
1171 3607 1342 3723 devers
1396 3607 1589 3723 l’eſpee
1632 3607 1932 3723 contraire,
2028 3607 2039 3723 &
2082 3607 2146 3723 luy
2211 3607 2350 3723 donne
2393 3607 2650 3723 l’attein-

626 3716 669 3838 te
721 3716 764 3838 au
817 3716 1028 3838 viſage.
1081 3716 1112 3838 en
1176 3716 1387 3838 faiſaut
1429 3716 1789 3838 l’eacouciun,
1841 3716 1873 3838 en
1936 3716 2222 3838 graduant
2317 3716 2317 3838 &
2380 3716 2644 3838 panchant

654 3837 687 3971 du
731 3837 884 3971 corps
928 3837 1005 3971 ſur
1049 3837 1081 3971 le
1136 3837 1322 3971 devant
1377 3837 1487 3971 avec
1531 3837 1563 3971 le
1607 3837 1717 3971 bras
1761 3837 1903 3971 roide
1991 3837 2002 3971 &
2056 3837 2264 3971 avancé.

1031 4025 1190 4151 Oicy
1276 4025 1752 4151 maintenant
1801 4025 1838 4151 la
1899 4025 2314 4151 pourſuité
2424 4025 2424 4151 &
2497 4025 2656 4151 exe-

1003 4147 1252 4269 cution
1371 4147 1442 4269 de
1525 4147 1988 4269 l’operation
2095 4147 2653 4269 precedente:

993 4278 1422 4402 pratiquée
1469 4278 1588 4402 par
1684 4278 2232 4402 ALEXANDRE
2303 4278 2351 4402 en
2434 4278 2648 4402 avan-

1008 4398 1170 4526 çant
1233 4398 1283 4526 le
1358 4398 1532 4526 pied
1607 4398 1794 4526 droit
1881 4398 2143 4526 contre
2218 4398 2256 4526 ſa
2330 4398 2567 4526 partie
2642 4398 2642 4526 à

568 4529 714 4649 main
835 4529 1137 4649 droite,
1234 4529 1282 4649 le
1355 4529 1718 4649 plantant
1791 4529 1899 4649 ſur
1960 4529 2020 4649 le
2129 4529 2505 4649 Diametre
2577 4529 2626 4649 au

535 4646 807 4787 poin
897 4646 936 4787 E,
975 4646 1156 4787 avec
1221 4646 1350 4787 une
1415 4646 1790 4787 ſoudaine
1855 4646 2255 4787 pourſuite
2346 4646 2398 4787 du
2501 4646 2669 4787 pied

554 4776 904 4911 gauche,
964 4776 976 4911 à
1037 4776 1326 4911 trainer
1399 4776 2050 4911 circulairement
2111 4776 2449 4911 juſqu’au
2569 4776 2666 4911 mi-

534 4904 658 5031 lieu
782 4904 832 5031 du
932 4904 1479 5031 quadrangle,
1566 4904 1951 5031 graduant
2026 4904 2672 5031 enſemblement

532 5029 578 5142 la
624 5029 822 5142 lame
892 5029 1286 5142 contraire
1379 5029 1426 5142 du
1519 5029 1774 5142 centre
1855 5029 1925 5142 de
1983 5029 2029 5142 la
2111 5029 2424 5142 ſienne,
2482 5029 2656 5142 avec

547 5149 1110 5268 roidiſſement
1194 5149 1254 5268 du
1325 5149 1493 5268 bras
1601 5149 1601 5268 &
1661 5149 2199 5268 avancement
2259 5149 2319 5268 du
2415 5149 2666 5268 corps,

555 5277 949 5413 panchant
1025 5277 1127 5413 ſur
1190 5277 1254 5413 le
1343 5277 1660 5413 devant,
1775 5277 1787 5413 &
1851 5277 1902 5413 ſe
1965 5277 2207 5413 pliant
2270 5277 2372 5413 ſur
2435 5277 2486 5413 le
2562 5277 2664 5413 ge-

542 5402 769 5511 nouil
832 5402 1047 5511 droit,
1161 5402 1161 5511 &
1224 5402 1388 5511 ainſi
1438 5402 1767 5511 bleſſant
1817 5402 1881 5511 au
1982 5402 2234 5511 meſme
2285 5402 2563 5511 inſtant
2613 5402 2651 5511 ſa

556 5539 798 5666 partie
861 5539 1179 5666 adverſe
1229 5539 1293 5666 au
1369 5539 1648 5666 viſage.

743 5664 933 5761 Ceſte
1028 5664 1444 5761 execution
1551 5664 1563 5761 a
1658 5664 1800 5761 eſté
1860 5664 2109 5761 faite,
2204 5664 2252 5761 en
2370 5664 2679 5761 entrant

564 5791 626 5914 du
712 5791 897 5914 pied
971 5791 1156 5914 droit
1230 5791 1390 5914 vers
1451 5791 1501 5914 le
1587 5791 1772 5914 coſté
1858 5791 2092 5914 droit,
2154 5791 2338 5914 pour
2400 5791 2671 5914 autant

565 5902 699 6036 que
760 5902 1028 6036 l’eſpee
1113 5902 1504 6036 contraire
1577 5902 1796 6036 eſtoit
1857 5902 2211 6036 revenue
2284 5902 2577 6036 deſſous
2626 5902 2662 6036 la

564 6028 910 6160 branche
979 6028 1440 6160 exterieure
1532 6028 2121 6160 d’ALExandre:
2213 6028 2363 6160 mais
2420 6028 2513 6160 s’il
2559 6028 2674 6160 ad-

568 6149 775 6282 vient
823 6149 884 6282 au
969 6149 1358 6282 contraire
1406 6149 1831 6282 (ainſiqu’il
1880 6149 2195 6282 advient
2256 6149 2450 6282 aſſez
2511 6149 2669 6282 ſou-

570 6281 804 6399 vent,
904 6281 1215 6399 comme
1281 6281 1481 6399 nous
1548 6281 1792 6399 avons
1870 6281 2292 6399 remarque
2348 6281 2403 6399 au
2536 6281 2681 6399 Cer-

574 6404 660 6540 cle
747 6404 833 6540 9.)
907 6404 1167 6540 qu’elle
1229 6404 1278 6540 ſe
1340 6404 1723 6540 retrouve
1810 6404 2168 6540 deſſoubs
2218 6404 2267 6540 la
2329 6404 2675 6540 branche

554 6537 1038 6644 interieure,
1061 6537 1107 6644 il
1165 6537 1211 6644 en
1280 6537 1545 6644 faudra
1603 6537 1776 6644 faire
1822 6537 2295 6644 l’execution
2375 6537 2433 6644 en
2525 6537 2675 6644 mar-

580 6653 798 6791 chant
888 6653 940 6791 du
1017 6653 1196 6791 pied
1273 6653 1465 6791 droit
1530 6653 1683 6791 vers
1748 6653 1799 6791 le
1876 6653 2068 6791 coſté
2158 6653 2479 6791 gauche,
2530 6653 2684 6791 laiſ-

566 6780 715 6915 ſant
765 6780 1014 6915 ſuivre
1126 6780 1138 6915 &
1188 6780 1474 6915 trainer
1537 6780 1586 6915 le
1649 6780 1823 6915 pied
1885 6780 2172 6915 gauche
2246 6780 2682 6915 circulaire-

600 6924 785 7016 ment
831 6924 831 7016 à
889 6924 1374 7016 l’advenant.
