5520 7640
662 533 710 665 en
781 533 960 665 haut
1020 533 1199 665 avec
1247 533 1294 665 la
1378 533 1640 665 pointe
1736 533 1796 665 de
1843 533 1891 665 la
1951 533 2142 665 lame
2201 533 2261 665 un
2356 533 2476 665 peu
2547 533 2750 665 hauſ-

653 661 816 786 ſée,
968 661 968 786 &
1043 661 1094 786 le
1233 661 1548 786 Nombre
1623 661 1661 786 9.
1762 661 2040 786 d’icelle
2103 661 2493 786 accouplé
2582 661 2758 786 avec

649 788 699 914 le
773 788 810 914 6.
885 788 934 914 ou
1046 788 1083 914 7.
1182 788 1232 914 de
1294 788 1566 914 l’eſpee
1628 788 2049 914 contraire,
2124 788 2185 914 de
2235 788 2446 914 façon
2532 788 2718 914 qu’en

653 915 1215 1030 aſſujettiſſant
1266 915 1304 1030 il
1368 915 1406 1030 en
1508 915 1764 1030 abaiſſe
1840 915 2261 1030 tellement
2325 915 2363 1030 la
2440 915 2746 1030 pointe,

667 1038 829 1164 qu’il
879 1038 992 1164 luy
1067 1038 1117 1164 en
1229 1038 1654 1164 deſcouvre
1704 1038 1754 1164 le
1829 1038 2029 1164 coſté
2092 1038 2279 1164 droit
2354 1038 2404 1164 du
2492 1038 2754 1164 corps;

663 1170 960 1293 comme
1032 1170 1079 1293 on
1151 1170 1198 1293 le
1258 1170 1400 1293 voit
1460 1170 1912 1293 repreſenté
1972 1170 2019 1293 en
2079 1170 2126 1293 la
2174 1170 2447 1293 figure.

793 1289 852 1414 La
946 1289 1193 1414 meſme
1263 1289 1628 1414 eſtocade
1675 1289 1957 1414 pourra
2028 1289 2193 1414 auſſi
2263 1289 2440 1414 eſtre
2510 1289 2757 1414 atten-

648 1410 751 1533 tée
831 1410 946 1533 par
1004 1410 1497 1533 l’adverſaire
1577 1410 1623 1533 en
1715 1410 1899 1533 trois
1956 1410 2220 1533 autres
2289 1410 2748 1533 occaſions,

667 1536 927 1659 durant
998 1536 1601 1659 qu’ALExandre
1672 1536 1814 1659 ſera
1884 1536 1932 1659 en
2026 1536 2180 1659 ae
2263 1536 2322 1659 de
2428 1536 2747 1659 marcher

668 1659 718 1779 du
792 1659 967 1779 pied
1029 1659 1216 1779 droit
1278 1659 1341 1779 de
1390 1659 1428 1779 la
1515 1659 1889 1779 Premiere
1951 1659 2313 1779 Inſtance
2362 1659 2362 1779 à
2425 1659 2462 1779 la
2537 1659 2761 1779 deux-

646 1786 912 1910 ieſme,
963 1786 1153 1910 pour
1204 1786 1368 1910 faire
1419 1786 2205 1910 l’aſſujettiſſement.

795 1911 1419 2037 Premierement
1464 1911 1611 2037 lors
1679 1911 1838 2037 qu’il
1906 1911 2382 2037 commence
2439 1911 2450 2037 à
2530 1911 2745 2037 avan-

656 2035 766 2158 cer
802 2035 863 2158 le
912 2035 1083 2158 pied
1144 2035 1376 2158 eſlevé
1449 2035 1595 2158 vers
1644 2035 1754 2158 ſon
1840 2035 2023 2158 coſté
2108 2035 2450 2158 gauche,
2511 2035 2523 2158 à
2596 2035 2743 2158 l’in-

638 2155 842 2277 ſtant
902 2155 1058 2277 qu’il
1130 2155 1358 2277 arrive
1430 2155 1478 2277 au
1586 2155 1778 2277 mitan
1874 2155 1922 2277 du
2006 2155 2294 2277 chemin
2354 2155 2414 2277 au
2498 2155 2738 2277 deſſus

671 2284 724 2409 de
790 2284 1460 2409 l’entrecoupure
1552 2284 1670 2409 des
1749 2284 1999 2409 lignes
2130 2284 2143 2409 C
2288 2284 2288 2409 G
2445 2284 2458 2409 &
2577 2284 2590 2409 D
2708 2284 2747 2409 E.

670 2405 834 2532 Pour
928 2405 1105 2532 donc
1176 2405 1658 2532 rencontrer
1787 2405 1787 2532 &
1846 2405 2211 2532 prevenir
2293 2405 2340 2532 en
2446 2405 2587 2532 ceſt
2646 2405 2752 2532 in-

637 2527 826 2654 ſtant
889 2527 1343 2654 l’operation
1457 2527 1520 2654 de
1583 2527 2126 2654 l’adverſaire,
2189 2527 2227 2654 il
2290 2527 2442 2654 faut
2505 2527 2745 2654 laiſſer

643 2658 949 2778 tomber
994 2658 1051 2778 le
1097 2658 1267 2778 pied
1346 2658 1392 2778 en
1483 2658 1528 2778 le
1596 2658 1914 2778 retirant
1993 2658 2481 2778 droitement
2527 2658 2742 2778 arrie-

641 2781 689 2899 re
736 2781 1070 2899 juſques
1118 2781 1118 2899 à
1178 2781 1214 2899 la
1309 2781 1953 2899 Circonference,
2001 2781 2180 2899 avec
2239 2781 2311 2899 un
2394 2781 2740 2899 deſtour-

625 2905 956 3009 nement
1025 2905 1071 3009 du
1162 2905 1345 3009 coſté
1414 2905 1597 3009 droit
1677 2905 1723 3009 en
1826 2905 2146 3009 dehors;
2272 2905 2283 3009 &
2329 2905 2512 3009 avec
2581 2905 2752 3009 ſou-

641 3029 854 3154 daine
916 3029 1329 3154 pourſuite
1403 3029 1453 3154 du
1541 3029 1703 3154 pied
1778 3029 2066 3154 gauche
2116 3029 2128 3154 à
2190 3029 2640 3154 gouverner
2728 3029 2728 3154 à

624 3155 1107 3277 l’advenant.

765 3272 1453 3404 Semblablement
1515 3272 1640 3404 elle
1703 3272 1966 3404 pourra
2066 3272 2241 3404 eſtre
2303 3272 2741 3404 pratiquée

622 3401 635 3526 à
697 3401 1023 3526 l’inſtant
1098 3401 1236 3526 que
1299 3401 1387 3526 les
1462 3401 1712 3526 orteils
1800 3401 1850 3526 du
1938 3401 2113 3526 pied
2201 3401 2740 3526 d’ALExandre

612 3528 883 3648 ſeront
930 3528 1177 3648 paſſez
1247 3528 1447 3648 entre
1494 3528 1729 3648 ladite
1811 3528 2423 3648 entrecoupure
2505 3528 2623 3648 des
2681 3528 2752 3648 li-

635 3649 808 3768 gnes
912 3649 924 3768 C
1051 3649 1109 3768 G,
1270 3649 1270 3768 &
1386 3649 1397 3768 D
1490 3649 1559 3768 E,
1686 3649 1778 3768 qui
1871 3649 1951 3768 ct
2078 3649 2078 3768 n
2171 3649 2286 3768 pen
2390 3649 2609 3768 onrre
2690 3649 2725 3768 la

641 3755 890 3879 moitié
953 3755 1003 3879 du
1090 3755 1427 3879 chemin,
1564 3755 1564 3879 &
1626 3755 1676 3879 le
1726 3755 1901 3879 plus
1951 3755 2175 3879 avant
2262 3755 2387 3879 que
2450 3755 2512 3879 le
2562 3755 2736 3879 pied

615 3883 800 4013 peut
862 3883 1035 4013 aller
1096 3883 1244 4013 ſans
1331 3883 1504 4013 eſtre
1565 3883 2108 4013 incommodé
2207 3883 2268 4013 de
2330 3883 2367 4013 la
2466 3883 2737 4013 charge

639 4007 688 4137 du
775 4007 1021 4137 corps.
1132 4007 1317 4137 Pour
1354 4007 1416 4137 ſe
1478 4007 1860 4137 defendre
1934 4007 1996 4137 de
2045 4007 2477 4137 l’eſtocade
2551 4007 2736 4137 tirée

627 4133 673 4235 en
755 4133 954 4235 cedit
1024 4133 1316 4235 dernier
1374 4133 1690 4235 inſtant,
1737 4133 1772 4235 il
1853 4133 2227 4235 convient
2274 4133 2274 4235 à
2367 4133 2753 4235 ALEXAN-

638 4258 764 4383 DRE
845 4258 1109 4383 retirer
1166 4258 1224 4383 le
1281 4258 1453 4383 pied
1511 4258 1741 4383 eſlevé
1821 4258 2315 4383 droitement
2384 4258 2430 4383 en
2522 4258 2751 4383 arrie-

632 4382 742 4508 re,
840 4382 889 4508 en
975 4382 1024 4508 le
1109 4382 1464 4508 plantant
1562 4382 1929 4508 derechef
2015 4382 2125 4508 ſur
2186 4382 2235 4508 la
2358 4382 2749 4508 Circonfe-

622 4506 903 4633 rence,
977 4506 1148 4633 avec
1209 4506 1246 4633 la
1356 4506 1613 4633 meſme
1687 4506 2090 4633 pourſuite
2176 4506 2237 4633 du
2335 4506 2507 4633 pied
2580 4506 2751 4633 gau-

637 4641 790 4762 che,
861 4641 980 4762 que
1051 4641 1358 4762 devant.

773 4758 835 4882 Le
908 4758 1301 4882 troiſieme
1362 4758 1656 4882 inſtant
1706 4758 1902 4882 pour
1963 4758 2380 4882 pratiquer
2454 4758 2736 4882 encore

624 4884 672 5008 le
780 4884 1093 5008 meſme,
1165 4884 1298 5008 ſera
1370 4884 1587 5008 apres
1671 4884 2285 5008 qu’ALExandre
2357 4884 2513 5008 aura
2586 4884 2754 5008 por-

625 5011 685 5135 té
745 5011 793 5135 le
865 5011 1034 5135 pied
1118 5011 1394 5135 encore
1455 5011 1623 5135 plus
1683 5011 1888 5135 outre
1948 5011 1984 5135 ſi
2044 5011 2272 5135 avant
2333 5011 2501 5135 qu’il
2561 5011 2754 5135 com-

663 5135 905 5257 mence
985 5135 997 5257 à
1078 5135 1562 5257 tresbucher
1631 5135 1815 5257 avec
1896 5135 1954 5257 le
2046 5135 2738 5257 tranſportement

654 5261 703 5384 du
788 5261 1066 5384 corps:
1151 5261 1442 5384 auquel
1478 5261 1769 5384 inſtant
1865 5261 2447 5384 ALEXANDRE
2532 5261 2738 5384 doibt

652 5385 1016 5508 derechef
1088 5385 1355 5508 retirer
1427 5385 1488 5508 le
1573 5385 1742 5508 pied
1839 5385 2069 5508 eſlevé
2142 5385 2239 5508 ſur
2312 5385 2360 5508 la
2481 5385 2736 5508 meſme

666 5513 1317 5635 Circonference,
1426 5513 1426 5635 &
1486 5513 2222 5635 conſequemment
2270 5513 2741 5635 pourſuivre

634 5635 822 5758 avec
859 5635 909 5758 le
972 5635 1147 5758 pied
1210 5635 1535 5758 gauche.

794 5753 855 5877 Le
954 5753 1249 5877 dernier
1323 5753 1606 5877 inſtant
1680 5753 1816 5877 ſera
1902 5753 2049 5877 lors
2136 5753 2739 5877 qu’ALExandre

631 5880 789 6009 aura
861 5880 1080 6009 porté
1128 5880 1189 6009 le
1237 5880 1419 6009 pied
1480 5880 1516 6009 ſi
1577 5880 1831 6009 avant,
1916 5880 2074 6009 qu’il
2135 5880 2183 6009 en
2256 5880 2389 6009 ſera
2474 5880 2644 6009 venu
2729 5880 2729 6009 à

632 6005 1122 6131 tresbucher
1192 6005 1355 6131 tout
1414 6005 1425 6131 à
1495 6005 1612 6131 fait
1682 6005 2067 6131 enſemble
2125 6005 2312 6131 avec
2359 6005 2417 6131 le
2487 6005 2744 6131 corps;

658 6130 771 6260 qui
859 6130 934 6260 eſt
1022 6130 1423 6260 l’occaſion
1498 6130 1535 6260 la
1623 6130 1786 6260 plus
1874 6130 2162 6260 difficile
2250 6130 2312 6260 de
2388 6130 2663 6260 toutes
2726 6130 2739 6260 à

648 6255 792 6373 bien
888 6255 1392 6373 rencontrer,
1464 6255 1788 6373 n’eſtant
1848 6255 2160 6373 poſſible
2244 6255 2304 6373 de
2364 6255 2628 6373 retirer
2688 6255 2736 6373 le

649 6382 863 6503 pied,
922 6382 1077 6503 ains
1124 6382 1576 6503 ſeulement
1671 6382 1730 6503 de
1789 6382 1849 6503 le
1908 6382 2289 6503 tourner.
2419 6382 2597 6503 Pour
2657 6382 2740 6503 la-

659 6506 908 6626 quelle
983 6506 1183 6626 cauſe
1245 6506 1282 6626 il
1344 6506 1544 6626 nous
1606 6506 1619 6626 à
1681 6506 1967 6626 ſemblé
2042 6506 2478 6626 expedient
2578 6506 2640 6626 de
2702 6506 2740 6626 la

655 6634 1148 6748 repreſenter
1209 6634 1269 6748 au
1377 6634 1678 6748 Tableau
1786 6634 2087 6748 meſme,
2148 6634 2448 6748 comme
2509 6634 2737 6748 eſtant

664 6752 727 6886 de
789 6752 940 6886 plus
1003 6752 1279 6886 grande
1329 6752 1894 6886 importance.

3608 587 3922 752 Cercle
4146 587 4483 752 N.12.

2933 792 3231 955 Alexandre
3314 792 3457 955 dreſſe
3517 792 3553 955 ſa
3612 792 3803 955 poincte
3862 792 3910 955 au
3982 792 4101 955 coſté
4172 792 4208 955 de
4268 792 4720 955 l’Aduerſaire,
4792 792 4828 955 en
4887 792 5042 955 tour-

3017 931 3138 1075 nant
3182 931 3468 1075 ſeulement
3523 931 3567 1075 la
3633 931 3787 1075 main,
3918 931 3918 1075 &
3962 931 4006 1075 en
4072 931 4171 1075 fait
4237 931 4567 1075 l’execution
4644 931 4677 1075 en
4753 931 5028 1075 graduant

3014 1066 3080 1199 les
3113 1066 3300 1199 lames,
3398 1066 3409 1199 &
3453 1066 3673 1199 entrant
3717 1066 3826 1199 avec
3881 1066 3903 1199 le
3958 1066 4068 1199 pied
4145 1066 4254 1199 droit
4320 1066 4540 1199 dedans.

3377 1245 3856 1384 LEXANDRE
3928 1245 4287 1384 pourſuit
4335 1245 4790 1384 l’operation
4861 1245 5029 1384 pre-

3364 1369 3753 1509 cedente;
3859 1369 3906 1509 en
4012 1369 4342 1509 eſlevant
4401 1369 4460 1509 le
4542 1369 4707 1509 pied
4789 1369 5025 1509 droit,

3411 1494 3411 1636 &
3493 1494 4137 1636 enſemblement
4219 1494 4606 1636 tournant
4712 1494 4758 1636 du
4864 1494 5028 1636 poi-

3364 1620 3528 1761 gnet
3610 1620 3680 1761 de
3738 1620 3774 1761 la
3879 1620 4031 1761 main
4101 1620 4137 1761 ſa
4207 1620 4558 1761 branche
4617 1620 5027 1761 exterieu-

2888 1745 3000 1891 re,
3099 1745 3161 1891 de
3235 1745 3606 1891 verticale
3693 1745 3953 1891 qu’elle
4027 1745 4299 1891 eſtoit,
4386 1745 4436 1891 en
4547 1745 4819 1891 dehors
4894 1745 5030 1891 juſ-

2906 1870 3075 2009 ques
3132 1870 3143 2009 à
3199 1870 3515 2009 trouver
3628 1870 3639 2009 &
3684 1870 3921 2009 ſerrer
3966 1870 4011 2009 la
4079 1870 4270 2009 lame
4361 1870 4800 2009 contraire,
4902 1870 5026 2009 me-

2887 1996 3064 2143 nant
3123 1996 3288 2143 auſſi
3335 1996 3453 2143 par
3512 1996 3571 2143 ce
3654 1996 3914 2143 meſme
4008 1996 4268 2143 moyen
4350 1996 4398 2143 ſa
4480 1996 4752 2143 pointe
4834 1996 4882 2143 en
4964 1996 5011 2143 la

2886 2119 3267 2259 preſence
3378 2119 3427 2259 du
3550 2119 3734 2259 coſté
3845 2119 4029 2259 droit
4127 2119 4201 2259 de
4287 2119 4852 2259 l’adverſaire:
5024 2119 5024 2259 &

2900 2244 3153 2399 quand
3280 2244 3280 2399 &
3368 2244 3621 2399 quand
3710 2244 4089 2399 graduant
4165 2244 4266 2399 ſon
4367 2244 4645 2399 eſpee,
4759 2244 5025 2399 durant

2900 2377 3026 2509 que
3089 2377 3140 2509 le
3216 2377 3380 2509 pied
3443 2377 3783 2509 s’avance
3897 2377 3909 2509 &
3985 2377 4187 2509 entre
4250 2377 4540 2509 juſqu’à
4603 2377 4641 2509 la
4717 2377 4906 2509 letre
4994 2377 5032 2509 I.

2886 2497 3222 2634 bleſſant
3271 2497 3309 2634 ſa
3371 2497 3607 2634 partie
3657 2497 3980 2634 adverſe
4043 2497 4416 2634 deſſoubs
4453 2497 4789 2634 l’aixelle
4851 2497 5038 2634 droi-

2886 2627 2994 2758 te,
3066 2627 3234 2758 avec
3294 2627 3690 2758 pliement
3762 2627 3822 2758 du
3905 2627 4265 2758 genouil,
4397 2627 4397 2758 &
4457 2627 5020 2758 panchement

2901 2753 2963 2881 du
3075 2753 3335 2881 corps,
3434 2753 3658 2881 aſſiſté
3757 2753 3807 2881 du
3893 2753 4079 2881 pied
4154 2753 4452 2881 gauche
4538 2753 4588 2881 en
4675 2753 5022 2881 trainant

2888 2871 3147 3019 apres,
3257 2871 3270 3019 &
3319 2871 3860 3019 augmentant
3910 2871 3959 3019 la
4020 2871 4353 3019 vigueur
4427 2871 4488 3019 de
4550 2871 5030 3019 l’eſtocade,

2896 2993 2944 3145 en
3015 2993 3216 3145 ſorte
3298 2993 3464 3145 qu’il
3523 2993 3653 3145 luy
3712 2993 3759 3145 en
3866 2993 4114 3145 donne
4161 2993 4173 3145 à
4232 2993 4540 3145 travers
4611 2993 4670 3145 du
4764 2993 5013 3145 corps;

2883 3117 3418 3267 rencontrant
3464 3117 3511 3267 la
3592 3117 3802 3267 garde
3883 3117 4267 3267 contraire
4348 3117 4418 3267 de
4476 3117 4523 3267 la
4592 3117 4883 3267 ſienne,
5011 3117 5023 3267 &

2884 3242 2921 3393 la
3018 3242 3345 3393 maiſtriſe
3418 3242 3843 3393 tellement
3916 3242 4049 3393 que
4085 3242 4134 3393 la
4207 3242 4486 3393 pointe
4571 3242 4607 3393 en
4716 3242 5020 3393 decline

2898 3372 3044 3521 vers
3117 3372 3386 3521 terre;
3483 3372 3654 3521 ainſi
3740 3372 3898 3521 qu’il
3959 3372 4008 3521 ſe
4093 3372 4240 3521 voit
4313 3372 4374 3521 au
4459 3372 4862 3521 pourtrait
4947 3372 5021 3521 de

2880 3517 2916 3611 la
2988 3517 3275 3611 firure.

3597 4100 3929 4282 Cercle
4150 4100 4438 4282 N.13.

2908 4329 3159 4447 Zacharie
3227 4329 3398 4447 tirant
3444 4329 3478 4447 en
3535 4329 3684 4447 angle
3752 4329 3866 4447 aigu
3934 4329 4049 4447 vers
4117 4329 4140 4447 le
4197 4329 4379 4447 ventre
4436 4329 4471 4447 de
4528 4329 4596 4447 ſon
4710 4329 5018 4447 Adverſaire

3008 4451 3044 4581 au
3092 4451 3273 4581 temps
3309 4451 3393 4581 que
3429 4451 3502 4581 ſon
3550 4451 3682 4581 eſpee
3731 4451 3791 4581 eſt
3851 4451 4176 4581 aſſujettie;
4321 4451 4622 4581 Alexandre
4682 4451 4719 4581 en
4791 4451 4815 4581 ſe
4887 4451 5032 4581 tour-

2993 4576 3116 4701 nant
3183 4576 3262 4701 ſur
3318 4576 3385 4701 ſes
3429 4576 3608 4701 orteils
3653 4576 3687 4701 en
3743 4576 4022 4701 panchant
4067 4576 4145 4701 ſur
4201 4576 4223 4701 le
4279 4576 4492 4701 devant,
4548 4576 4626 4701 luy
4682 4576 4827 4701 donne
4883 4576 5017 4701 l’at-

2994 4703 3153 4825 teinte
3199 4703 3244 4825 en
3312 4703 3460 4825 droite
3505 4703 3641 4825 ligne
3687 4703 3732 4825 au
3789 4703 4095 4825 deſcouvert
4152 4703 4186 4825 de
4232 4703 4266 4825 la
4322 4703 4640 4825 poitrine.

3361 4883 3499 5010 Eſte
3574 4883 3976 5010 operation
4064 4883 4428 5010 procede
4516 4883 4579 5010 de
4654 4883 4830 5010 celle
4906 4883 5019 5010 qui

3342 5006 3419 5135 eſt
3470 5006 3995 5135 repreſentée
4046 5006 4098 5135 au
4226 5006 4469 5135 Cercle
4520 5006 4559 5135 1.
4661 5006 4763 5135 Car
4815 5006 4815 5135 à
4879 5006 5032 5135 l’in-

3400 5131 4040 5378 WW'
3680 5131 4200 5378 'ia
4280 5131 5080 5378 g'o'''m'''.

2920 5384 3456 5507 ZACHARIE
3514 5384 3643 5507 luy
3724 5384 3922 5507 vient
4004 5384 4248 5507 entrer
4318 5384 4598 5507 deſſus,
4656 5384 4703 5507 en
4796 5384 5017 5507 avan-

2894 5509 3055 5637 çant
3117 5509 3167 5637 le
3241 5509 3402 5637 pied
3489 5509 3675 5637 droit
3750 5509 3812 5637 un
3911 5509 4023 5637 peu
4122 5509 4345 5637 outre
4407 5509 4457 5637 le
4531 5509 4754 5637 point
4853 5509 4853 5637 V
4940 5509 4990 5637 au

2904 5637 3064 5761 deça
3150 5637 3199 5761 du
3334 5637 3765 5761 Diametre,
3827 5637 3950 5761 luy
4024 5637 4245 5761 tirant
4344 5637 4467 5761 d’un
4553 5637 4713 5761 bras
4799 5637 5008 5761 roide

2881 5762 3025 5886 une
3109 5762 3470 5886 eſtocade
3543 5762 3591 5886 en
3687 5762 3904 5886 angle
3964 5762 4108 5886 aigu
4205 5762 4361 5886 vers
4409 5762 4445 5886 la
4505 5762 4758 5886 partie
4818 5762 5023 5886 infe-

2877 5892 3125 6012 rieure
3208 5892 3267 6012 du
3386 5892 3646 6012 corps.
3777 5892 4416 6012 ALEXANDRE
4499 5892 4617 6012 qui
4688 5892 5020 6012 S’apper-

2893 6009 3037 6132 çoit
3096 6009 3204 6132 par
3252 6009 3311 6132 le
3359 6009 3801 6132 ſentiment
3873 6009 3921 6132 du
4028 6009 4650 6132 deſtachement
4745 6009 4853 6132 des
4937 6009 5020 6132 eſ-

2881 6134 3112 6256 pees,
3257 6134 3257 6256 &
3342 6134 3451 6256 par
3512 6134 3561 6256 la
3633 6134 3864 6256 veue,
3961 6134 4082 6256 que
4155 6134 4519 6256 l’eſpaule
4604 6134 4847 6256 droite
4932 6134 4980 6256 du

2895 6257 3281 6385 contraire
3341 6257 3389 6385 ſe
3486 6257 3968 6385 deſcouvre;
4029 6257 4065 6385 il
4113 6257 4185 6385 ne
4258 6257 4378 6385 fait
4439 6257 4571 6385 rien
4656 6257 4789 6385 que
4873 6257 5018 6385 deſ-

2883 6382 3207 6502 tourner
3255 6382 3303 6502 le
3387 6382 3579 6502 coſté
3639 6382 3831 6502 droit
3891 6382 3963 6502 de
4011 6382 4046 6502 la
4106 6382 4346 6502 partie
4418 6382 4862 6502 inferieure
4922 6382 4982 6502 du

2900 6507 3115 6636 corps
3204 6507 3394 6636 (qui
3457 6507 3673 6636 eſtoit
3736 6507 3787 6636 la
3838 6507 4028 6636 bute
4104 6507 4167 6636 de
4243 6507 4725 6636 l’eſtocade)
4814 6507 4864 6636 en
4940 6507 5004 6636 ſe

2883 6636 3392 6764 tournoyant
3439 6636 3546 6764 ſur
3593 6636 3688 6764 ſes
3759 6636 4055 6764 orteils,
4173 6636 4173 6764 &
4244 6636 4895 6764 enſemblement
4943 6636 5002 6764 ſe

2886 6760 3286 6882 panchant
3334 6760 3431 6882 ſur
3467 6760 3528 6882 le
3588 6760 3867 6882 devant
3940 6760 4206 6882 devers
4254 6760 4351 6882 ſon
4436 6760 4872 6882 contraire,
5005 6760 5005 6882 &

2888 6888 3000 7016 luy
3074 6888 3421 7016 aſſenant
3508 6888 3545 7016 en
3632 6888 3830 7016 ligne
3916 6888 4201 7016 droite,
4300 6888 4783 7016 moyennant
4833 6888 5006 7016 l’ex-

2885 7011 3170 7146 tenſion
3319 7011 3319 7146 &
3405 7011 3963 7146 roidiſſement
4049 7011 4099 7146 du
4186 7011 4396 7146 bras,
4470 7011 4545 7146 un
4656 7011 4842 7146 coup
4929 7011 5003 7146 de

4730 7159 5016 7273 pointe
