5520 7640
559 546 824 672 pointe
884 546 932 672 au
1004 546 1161 672 plus
1221 546 1583 672 prochain
1655 546 1872 672 point
1932 546 2667 672 d’attouchement,

571 669 681 797 qui
766 669 851 797 eſt
949 669 998 797 en
1095 669 1132 797 la
1230 669 1364 797 dite
1449 669 2071 797 deſcouverture
2157 669 2218 797 de
2303 669 2657 797 l’eſpaule

586 798 856 918 droite.
972 798 1204 918 Eſtant
1255 798 1268 918 à
1333 798 1783 918 conſiderer
1861 798 1989 918 que
2041 798 2311 918 l’eſpee
2401 798 2466 918 de
2569 798 2672 918 Za-

579 924 811 1043 charie
885 924 934 1043 ſe
1007 924 1398 1043 racourcit
1472 924 1472 1043 à
1582 924 1851 1043 meſure
1936 924 2193 1043 qu’elle
2254 924 2316 1043 ſe
2413 924 2670 1043 depart

582 1050 646 1172 de
685 1050 736 1172 la
813 1050 1044 1172 droite
1095 1050 1338 1172 ligne,
1377 1050 1595 1172 tirant
1646 1050 1646 1172 à
1697 1050 1967 1172 l’angle
2031 1050 2236 1172 aigu:
2300 1050 2338 1172 là
2402 1050 2454 1172 où
2543 1050 2671 1172 cel-

552 1178 599 1294 le
694 1178 1240 1294 d’ALExandre
1323 1178 1370 1294 au
1489 1178 1869 1294 contraire
1940 1178 2355 1294 s’allonge,
2450 1178 2462 1294 à
2533 1178 2652 1294 rai-

555 1299 658 1424 ſon
747 1299 901 1424 qu’il
952 1299 1003 1424 en
1080 1299 1426 1424 travaille
1502 1299 1554 1424 en
1630 1299 1835 1424 ligne
1925 1299 2206 1424 droite,
2283 1299 2654 1424 l’aſſiſtant

583 1429 846 1546 meſme
915 1429 1041 1546 d’un
1121 1429 1658 1546 panchement
1727 1429 1795 1546 de
1853 1429 2104 1546 corps,
2162 1429 2345 1546 avec
2402 1429 2653 1546 retire-

586 1541 768 1675 ment
841 1541 902 1675 de
950 1541 987 1675 la
1048 1541 1291 1675 partie
1339 1541 1801 1675 inferieure.
1887 1541 1947 1675 ce
2008 1541 2118 1675 qui
2166 1541 2288 1675 luy
2361 1541 2580 1675 porte
2628 1541 2652 1675 ſi

573 1674 802 1795 grand
866 1674 1285 1795 avantage,
1361 1674 1526 1795 qu’il
1564 1674 1844 1795 atteint
1958 1674 1958 1795 &
2009 1674 2238 1795 bleſſe
2288 1674 2390 1795 ſon
2504 1674 2669 1795 Con-

549 1802 843 1922 traire,
925 1802 1078 1922 ſans
1148 1802 1277 1922 que
1348 1802 1395 1922 la
1465 1802 1736 1922 pointe
1806 1802 2194 1922 contraire
2264 1802 2499 1922 puiſſe
2570 1802 2664 1922 ar-

552 1929 751 2047 river
812 1929 1134 2047 juſques
1196 1929 1209 2047 à
1271 1929 1432 2047 luy.
1580 1929 1766 2047 Ceſte
1865 1929 2472 2047 demonſtration
2571 1929 2657 2047 eſt

555 2050 732 2168 auſſi
783 2050 1289 2168 repreſentée
1340 2050 1391 2168 au
1492 2050 1796 2168 Tableau
1910 2050 1948 2168 V,
2037 2050 2087 2168 où
2176 2050 2290 2168 elle
2366 2050 2455 2168 eſt
2505 2050 2670 2168 auſſi

551 2178 725 2297 plus
775 2178 1261 2297 amplement
1348 2178 1771 2297 expliquée
1896 2178 1896 2297 &
1971 2178 2282 2297 verifiée
2344 2178 2456 2297 par
2531 2178 2655 2297 rai-

551 2302 720 2420 ſons
780 2302 853 2420 de
961 2302 1601 2420 Mathematique.

689 2427 725 2547 Il
797 2427 941 2547 faut
1001 2427 1121 2547 icy
1193 2427 1565 2547 reſoudre
1625 2427 1769 2547 une
1841 2427 2177 2547 doubte,
2273 2427 2381 2547 qui
2429 2427 2657 2547 pour-

563 2547 695 2664 roit
767 2547 947 2664 eſtre
1020 2547 1392 2664 propoſée
1452 2547 1958 2664 alencontre;
2006 2547 2330 2664 aſſavoir
2390 2547 2414 2664 ſi
2475 2547 2655 2664 ceſte

554 2669 893 2796 bleſſure
954 2669 1111 2796 d’AL
1172 2669 1535 2796 Exandre,
1596 2669 1644 2796 ſe
1705 2669 1959 2796 faiſant
2020 2669 2189 2796 ainſi
2250 2669 2432 2796 avec
2480 2669 2650 2796 pan-

572 2796 940 2923 chement
1023 2796 1070 2923 du
1165 2796 1461 2923 corps,
1556 2796 1923 2923 pourroit
2006 2796 2183 2923 eſtre
2254 2796 2657 2923 pratiquée

552 2927 731 3046 avec
779 2927 922 3046 une
969 2927 1243 3046 pointe
1303 2927 1553 3046 aiguë.
1684 2927 1744 3046 Ce
1815 2927 1935 3046 qui
1982 2927 2280 3046 ſemble
2340 2927 2423 3046 ne
2471 2927 2662 3046 pou-

564 3047 711 3169 voir
772 3047 1005 3169 eſtre,
1066 3047 1066 3169 à
1140 3047 1336 3169 cauſe
1422 3047 1556 3169 que
1605 3047 1838 3169 ladite
1899 3047 2169 3169 pointe
2230 3047 2512 3169 paſſant
2598 3047 2647 3169 en

562 3171 621 3295 un
704 3171 811 3295 clin
906 3171 1084 3295 d’il
1131 3171 1179 3295 le
1250 3171 1463 3295 corps
1546 3171 1926 3295 contraire
1997 3171 2151 3295 ſans
2211 3171 2341 3295 nul
2401 3171 2662 3295 arreſt,

550 3295 644 3422 les
715 3295 904 3422 deux
975 3295 1187 3422 corps
1258 3295 2050 3422 s’approcheroyent
2156 3295 2156 3422 &
2239 3295 2664 3422 viendroy-

565 3422 673 3547 ent
733 3422 1259 3547 incontinent
1331 3422 1355 3547 ſi
1403 3422 1547 3547 fort
1630 3422 1678 3547 en
1762 3422 2145 3547 preſence
2217 3422 2348 3547 que
2396 3422 2671 3547 l’eſpee

577 3542 638 3666 de
747 3542 1110 3666 deſſoubs
1219 3542 1267 3666 en
1376 3542 1848 3666 acquerroit
1921 3542 2502 3666 l’opportunité
2599 3542 2659 3666 de

568 3668 1144 3785 contrebleſſer
1204 3668 1841 3785 infalliblement
1913 3668 1949 3785 ſa
2021 3668 2262 3785 partie
2346 3668 2634 3785 contrai

566 3784 659 3905 re.
775 3784 833 3905 La
890 3784 1273 3905 reſponce
1354 3784 1412 3905 en
1481 3784 1841 3905 paroiſtra
1933 3784 2130 3905 d’elle
2234 3784 2489 3905 meſme
2559 3784 2663 3905 par

559 3901 597 4028 la
674 3901 1133 4028 deſcription
1234 3901 1285 4028 de
1336 3901 1795 4028 l’operation
1884 3901 1935 4028 du
2050 3901 2279 4028 Cercle
2343 3901 2674 4028 ſuivant.

1293 4135 1604 4310 Cercle
1790 4135 2101 4310 N14.

592 4360 888 4479 Alexandre
956 4360 1194 4479 s’aſſeure
1263 4360 1410 4479 deſſus
1456 4360 1490 4479 la
1547 4360 1660 4479 lame
1706 4360 2012 4479 contraire,
2115 4360 2115 4479 &
2171 4360 2205 4479 la
2262 4360 2444 4479 tenant
2489 4360 2523 4479 en
2614 4360 2671 4479 de-

679 4485 815 4601 voir,
860 4485 894 4601 il
928 4485 1030 4601 fait
1075 4485 1404 4601 l’execution
1460 4485 1494 4601 de
1540 4485 1596 4601 ſon
1653 4485 1913 4601 eſtocade,
1981 4485 2015 4601 en
2072 4485 2287 4601 entrant
2344 4485 2491 4601 deſſus
2547 4485 2672 4601 l’en-

675 4614 808 4714 nemy
860 4614 973 4714 avec
1014 4614 1044 4714 le
1085 4614 1198 4714 coſté
1250 4614 1445 4714 gauche
1506 4614 1722 4714 devant.

1053 4813 1610 4935 LEXANDRE
1715 4813 1901 4935 donc
1970 4813 2493 4935 pourſuivant
2551 4813 2679 4935 l’o-

1032 4947 1364 5066 peration
1453 4947 2128 5066 encommencée,
2183 4947 2227 5066 il
2294 4947 2504 5066 entre
2571 4947 2670 5066 ſur

1026 5067 1073 5187 ſa
1132 5067 1367 5187 partie
1425 5067 1731 5187 adverſe
1789 5067 1966 5187 avec
2013 5067 2071 5187 le
2118 5067 2294 5187 pied
2412 5067 2412 5187 &
2459 5067 2506 5187 le
2576 5067 2682 5187 co-

1028 5193 1122 5313 ſté
1204 5193 1544 5313 gauche,
1626 5193 1673 5313 en
1766 5193 1813 5313 ſe
1895 5193 2270 5313 tournant
2329 5193 2388 5313 le
2470 5193 2669 5313 corps

567 5313 673 5436 ſur
743 5313 790 5436 le
860 5313 1036 5436 pied
1118 5313 1352 5436 droit,
1411 5313 1575 5436 ſans
1634 5313 1868 5436 aucun
1962 5313 2161 5436 autre
2243 5313 2689 5436 approche-

605 5440 816 5557 ment:
945 5440 945 5557 &
1027 5440 1331 5557 comme
1389 5440 1565 5557 ainſi
1624 5440 1787 5557 ſoit,
1869 5440 1998 5557 que
2068 5440 2103 5557 la
2162 5440 2396 5557 partie
2478 5440 2677 5557 ſupe-

581 5558 826 5658 rieure
896 5558 943 5658 du
1025 5558 1246 5658 corps
1305 5558 1678 5658 deſcende
1736 5558 1900 5658 auſſi
1946 5558 1946 5658 à
2005 5558 2448 5658 l’advenant
2506 5558 2670 5658 avec

1576 5896 1576 6114 E
1680 5896 2199 6114 principal
2303 5896 2469 6114 que
2531 5896 2593 6114 le
2759 5896 3153 6114 Diſciple
3257 5896 3527 6114 doibt
3631 5896 4212 6114 pretendre
4315 5896 4378 6114 en
4502 5896 4544 6114 la
4689 5896 4959 6114 Prati-

1497 6097 1624 6249 que
1723 6097 1780 6249 de
1850 6097 1907 6249 ce
2020 6097 2330 6249 Tableau
2401 6097 2740 6249 preſent,
2796 6097 2951 6249 c’eſt
3036 6097 3093 6249 de
3149 6097 3502 6249 prendre
3573 6097 4095 6249 exaement
4138 6097 4180 6249 le
4250 6097 4547 6249 temps:
4660 6097 4773 6249 qui
4843 6097 4928 6249 eſt

1482 6241 1607 6390 l’un
1718 6241 1829 6390 des
1885 6241 2052 6390 plus
2107 6241 2607 6390 importants
2677 6241 2941 6390 points
3038 6241 3094 6390 de
3149 6241 3330 6390 tout
3386 6241 3886 6390 l’Exercice,
4025 6241 4025 6390 &
4094 6241 4247 6390 ſans
4316 6241 4580 6390 lequel
4636 6241 4678 6390 il
4747 6241 4844 6390 n’y
4928 6241 4928 6390 a

1478 6374 1614 6532 rien
1723 6374 1832 6532 qui
1886 6374 2117 6532 puiſſe
2198 6374 2375 6532 eſtre
2429 6374 2783 6532 pratiqué
2864 6374 2946 6532 ny
3014 6374 3190 6532 avec
3245 6374 3530 6532 bonne
3598 6374 3802 6532 grace
3856 6374 3937 6532 ny
3992 6374 4155 6532 avec
4223 6374 4712 6532 aſſeurance.
4821 6374 4929 6532 Car

1484 6520 1512 6670 ſi
1624 6520 2044 6670 Hippocras
2086 6520 2142 6670 le
2211 6520 2463 6670 Prince
2533 6520 2645 6670 des
2771 6520 3148 6670 Medecins
3204 6520 3218 6670 a
3302 6520 3400 6670 oſé
3456 6520 3917 6670 prononcer
3987 6520 4113 6670 que
4169 6520 4560 6670 l’occaſion
4658 6520 4714 6670 en
4826 6520 4938 6670 me-

1509 6659 1748 6810 dicine
1818 6659 1917 6810 eſt
2001 6659 2311 6810 difficile
2381 6659 2381 6810 à
2465 6659 2817 6810 obſerver
2943 6659 2943 6810 &
3014 6659 3014 6810 à
3098 6659 3464 6810 prendre,
3520 6659 3857 6810 laquelle
3942 6659 3956 6810 y
4040 6659 4209 6810 dure
4279 6659 4743 6810 cependant
4828 6659 4940 6810 des

584 6797 791 6947 jours
868 6797 933 6947 ou
998 6797 998 6947 à
1062 6797 1243 6947 tout
1295 6797 1347 6947 le
1437 6797 1670 6947 moins
1734 6797 1838 6947 des
1889 6797 2174 6947 heures
2251 6797 2600 6947 entieres,
2665 6797 2678 6947 à
2742 6797 2897 6947 plus
2962 6797 3156 6947 forte
3208 6797 3440 6947 raiſon
3518 6797 3918 6947 pourrons
3983 6797 4177 6947 nous
4267 6797 4435 6947 dire,
4513 6797 4759 6947 qu’elle
4836 6797 4927 6947 eſt

589 6939 1152 7073 tresſoudaine
1275 6939 1275 7073 &
1371 6939 1673 7073 difficile
1756 6939 1811 7073 en
1879 6939 2318 7073 l’Exercice
2401 6939 2511 7073 des
2593 6939 2881 7073 Armes,
2964 6939 3018 7073 où
3101 6939 3211 7073 elle
3279 6939 3362 7073 ne
3458 6939 3609 7073 dure
3677 6939 4020 7073 ſouvent
4103 6939 4309 7073 qu’un
4432 6939 4775 7073 moment
4858 6939 4926 7073 de

4646 7120 4925 7212 temps,

2808 544 2858 677 le
2908 544 3108 677 bras,
3158 544 3196 677 il
3258 544 3570 677 conduit
3645 544 3683 677 ſa
3758 544 3970 677 garde
4045 544 4282 677 deſſus
4345 544 4382 677 la
4457 544 4645 677 lame
4732 544 4894 677 con-

2808 676 3094 799 traire,
3206 676 3243 799 en
3343 676 3529 799 ſorte
3616 676 3740 799 que
3803 676 3852 799 la
3927 676 4238 799 poine
4325 676 4598 799 d’icelle
4673 676 4722 799 en
4822 676 4909 799 eſt

2819 792 3121 927 pouſſée
3182 792 3339 927 vers
3388 792 3436 927 le
3484 792 3605 927 bas
3654 792 3654 927 à
3738 792 4017 927 meſure
4089 792 4210 927 que
4259 792 4319 927 le
4392 792 4597 927 corps
4670 792 4900 927 entre:

2828 925 2992 1050 dont
3073 925 3120 1050 en
3225 925 3691 1050 continuant
3749 925 3761 1050 à
3831 925 4344 1050 s’approcher
4414 925 4903 1050 davantage,

2865 1047 2865 1169 &
2936 1047 3577 1169 enſemblement
3624 1047 3636 1169 à
3696 1047 3743 1169 ſe
3802 1047 4146 1169 pancher
4194 1047 4300 1169 ſur
4348 1047 4395 1169 le
4467 1047 4775 1169 devant,
4822 1047 4882 1169 au

2833 1174 3083 1301 meſme
3146 1174 3396 1301 temps
3446 1174 3483 1301 il
3533 1174 3646 1301 fait
3696 1174 3746 1301 la
3808 1174 4258 1301 graduation
4320 1174 4433 1301 ſur
4470 1174 4783 1301 l’eſpee,
4895 1174 4895 1301 &

2821 1299 3059 1426 plante
3121 1299 3184 1426 le
3259 1299 3434 1426 pied
3496 1299 3721 1426 eſlevé
3784 1299 3834 1426 en
3946 1299 4097 1426 deçà
4159 1299 4209 1426 le
4309 1299 4722 1426 Diametre,
4797 1299 4897 1426 ſur

2809 1423 2860 1552 le
2936 1423 3152 1552 milieu
3254 1423 3318 1552 de
3381 1423 3432 1552 la
3496 1423 3699 1552 ligne
3839 1423 3839 1552 M
3928 1423 3991 1552 S,
4080 1423 4258 1552 avec
4334 1423 4741 1552 pourſuite
4830 1423 4881 1552 du

2806 1550 2974 1675 pied
3046 1550 3262 1675 droit,
3322 1550 3778 1675 renforçant
3838 1550 3946 1675 par
4006 1550 4066 1675 ce
4150 1550 4390 1675 moyen
4474 1550 4894 1675 tellement

2807 1676 2843 1802 la
2952 1676 3268 1802 viguer
3353 1676 3413 1802 de
3498 1676 4044 1802 l’execution,
4141 1676 4298 1802 qu’il
4383 1676 4735 1802 emporte
4820 1676 4868 1802 du

2820 1799 3067 1921 chocq
3153 1799 3215 1921 de
3277 1799 3314 1921 ſa
3412 1799 3622 1921 garde
3684 1799 3746 1921 le
3807 1799 3980 1921 bras
4079 1799 4091 1921 &
4128 1799 4399 1921 l’eſpee
4473 1799 4905 1921 contraire,

2817 1925 2864 2049 en
2935 1925 3122 2049 ſorte
3205 1925 3334 2049 que
3392 1925 3439 2049 la
3498 1925 3768 2049 pointe
3850 1925 3897 2049 en
3991 1925 4261 2049 tombe
4331 1925 4531 2049 quaſi
4590 1925 4590 2049 à
4683 1925 4895 2049 terre,

2820 2047 2869 2177 en
2943 2047 3053 2177 luy
3115 2047 3471 2177 pouſſant
3520 2047 3938 2177 l’eſtocade
3987 2047 3987 2177 à
4048 2047 4343 2177 travers
4380 2047 4441 2177 le
4503 2047 4748 2177 corps.

2955 2174 2990 2292 Il
3060 2174 3213 2292 faut
3283 2174 4021 2292 tres-exaement
4091 2174 4454 2292 obſerver
4536 2174 4583 2292 en
4665 2174 4700 2292 la
4759 2174 4911 2292 pra-

2805 2301 3025 2420 tique
3094 2301 3163 2420 de
3244 2301 3348 2420 ces
3429 2301 3614 2420 deux
3684 2301 4089 2420 dernieres
4146 2301 4632 2420 operations,
4702 2301 4875 2420 qu’au

2852 2422 3085 2530 Cercle
3155 2422 3248 2530 13.
3354 2422 3809 2530 ALEXandre
3878 2422 3878 2530 à
3949 2422 4205 2530 donne
4252 2422 4648 2530 l’atteinte
4707 2422 4718 2530 à
4788 2422 4893 2530 ſon

2822 2543 3202 2642 contraire
3255 2543 3424 2642 tout
3477 2543 3530 2642 au
3614 2543 4343 2642 commencement
4406 2543 4470 2642 de
4522 2543 4617 2642 ſon
4723 2543 4913 2642 mou-

2821 2665 3161 2795 vement,
3237 2665 3262 2795 ſi
3325 2665 3463 2795 toſt
3538 2665 3702 2795 qu’il
3765 2665 3916 2795 s’eſt
3966 2665 4344 2795 apperceu
4419 2665 4532 2795 par
4583 2665 4633 2795 le
4683 2665 4910 2795 ſenti-

2842 2796 3021 2916 ment
3092 2796 3140 2916 du
3235 2796 3832 2916 deſtachement
3903 2796 4010 2916 des
4082 2796 4392 2916 eſpees,
4463 2796 4690 2916 avant
4773 2796 4905 2916 que

2807 2919 2855 3041 le
2927 2919 3131 3041 corps
3227 2919 3275 3041 de
3372 2919 3720 3041 Zacharie
3768 2919 3852 3041 ait
3924 2919 3973 3041 eu
4045 2919 4093 3041 la
4177 2919 4658 3041 commodité
4730 2919 4790 3041 de
4862 2919 4910 3041 ſe

2814 3044 3159 3166 pancher
3215 3044 3271 3166 ou
3360 3044 3427 3166 de
3483 3044 3872 3166 s’avancer
3928 3044 4117 3166 pour
4195 3044 4518 3166 trouver
4563 3044 4596 3166 la
4697 3044 4908 3166 meſu-

2820 3164 2869 3288 re
2943 3164 3448 3288 d’atteindre.
3583 3164 3645 3288 Ce
3719 3164 3842 3288 qui
3903 3164 3989 3288 eſt
4063 3164 4112 3288 du
4186 3164 4359 3288 tout
4420 3164 4851 3288 neceſſaire
4900 3164 4912 3288 à

2832 3289 3235 3412 obſerver.
3369 3289 3467 3412 Car
3528 3289 3552 3412 ſi
3638 3289 3687 3412 on
3772 3289 3845 3412 ne
3919 3289 4163 3412 prend
4236 3289 4285 3412 le
4358 3289 4615 3412 temps
4663 3289 4920 3412 juſte.

2869 3418 2881 3540 &
2943 3418 3078 3540 que
3164 3418 3509 3540 Zacharie
3570 3418 3656 3540 ait
3705 3418 3988 3540 avancé
4025 3418 4296 3540 l’eſpee
4357 3418 4529 3540 avec
4579 3418 4628 3540 le
4702 3418 4911 3540 corps

2815 3542 3008 3664 pour
3054 3542 3178 3664 peu
3269 3542 3394 3664 que
3462 3542 3519 3664 ce
3576 3542 3734 3664 ſoit,
3837 3542 3882 3664 en
3984 3542 4041 3664 ce
4109 3542 4211 3664 cas
4268 3542 4325 3664 on
4393 3542 4472 3664 ne
4529 3542 4574 3664 ſe
4631 3542 4903 3664 pourra

2815 3658 2927 3774 pas
3006 3658 3208 3774 aider
3298 3658 3354 3774 de
3433 3658 3613 3774 ceſte
3714 3658 3973 3774 meſme
4040 3658 4254 3774 leçon
4367 3658 4411 3774 du
4524 3658 4760 3774 Cercle
4805 3658 4906 3774 13.

2829 3778 2923 3902 car
3005 3778 3287 3902 encore
3370 3778 3558 3902 qu’on
3675 3778 4040 3902 donnaſt,
4110 3778 4275 3902 auſſi
4334 3778 4392 3902 on
4487 3778 4921 3902 recevroit.

2846 3903 3022 4029 Pour
3109 3903 3285 4029 donc
3385 3903 3611 4029 eviter
3736 3903 3748 4029 &
3824 3903 4187 4029 prevenir
4250 3903 4300 4029 le
4400 3903 4663 4029 danger
4763 3903 4926 4029 qu’il

2822 4027 3024 4158 nous
3087 4027 3289 4158 avoit
3352 4027 3730 4158 appreſté,
3793 4027 3831 4158 il
3882 4027 4008 4158 ſera
4071 4027 4399 4158 beſoing
4475 4027 4525 4158 de
4601 4027 4715 4158 s’en
4815 4027 4929 4158 de-

2822 4154 3095 4276 fendre
3169 4154 3169 4276 à
3244 4154 3665 4276 l’exemple
3764 4154 3813 4276 du
3937 4154 4173 4276 Cercle
4272 4154 4321 4276 9.
4408 4154 4458 4276 en
4581 4154 4928 4276 deſtour-

2820 4276 2999 4376 nant
3055 4276 3111 4376 le
3178 4276 3369 4376 coſté
3447 4276 3626 4376 droit
3682 4276 3850 4376 avec
3929 4276 4399 4376 retirement
4523 4276 4534 4376 &
4590 4276 4915 4376 tourne-

2860 4400 3039 4527 ment
3135 4400 3242 4527 des
3338 4400 3613 4527 pieds;
3732 4400 3780 4527 en
3900 4400 4414 4527 pourſuivant
4521 4400 4772 4527 quand
4915 4400 4915 4527 &

2843 4525 3089 4649 quand
3136 4525 3605 4649 l’execution
3687 4525 3745 4649 du
3851 4525 4096 4649 Cercle
4143 4525 4249 4649 10.
4307 4525 4600 4649 ſuivant
4647 4525 4752 4649 les
4811 4525 4916 4649 ob-

2822 4650 3270 4771 ſervations
3329 4650 3447 4771 qui
3506 4650 3553 4771 en
3636 4650 4144 4771 dependent.
