5520 7640
636 534 929 685 temps,
1054 534 1054 685 &
1124 534 1458 685 ſouvent
1556 534 1807 685 qu’elle
1876 534 1946 685 ne
2030 534 2099 685 s’y
2169 534 2531 685 preſente
2601 534 2810 685 qu’en
2894 534 2963 685 un
3033 534 3312 685 ſimple
3368 534 3716 685 Inſtant,
3786 534 3897 685 qui
3953 534 4051 685 eſt
4106 534 4176 685 un
4260 534 4538 685 poin
4622 534 4678 685 de
4733 534 4998 685 temps

618 669 1072 822 indiviſible
1192 669 1192 822 &
1259 669 1419 822 ſans
1526 669 1740 822 duree
1820 669 2394 822 quelconque.
2554 669 2608 822 En
2688 669 2888 822 ſorte
2995 669 3142 822 qu’il
3235 669 3248 822 y
3329 669 3342 822 a
3435 669 3689 822 temps
3756 669 4063 822 auquel
4143 669 4210 822 on
4303 669 4597 822 trouve
4677 669 4744 822 de
4824 669 4998 822 l’oc-

643 809 922 964 caſion,
1015 809 1174 964 mais
1214 809 1373 964 bien
1453 809 1559 964 peu
1679 809 2157 964 d’occaſions
2236 809 2289 964 où
2382 809 2409 964 il
2475 809 2528 964 ſe
2595 809 2873 964 trouve
2953 809 3006 964 du
3086 809 3378 964 temps.
3497 809 3856 964 Parquoy
3936 809 4108 964 ceux
4188 809 4294 964 qui
4360 809 4838 964 taſcheront
4918 809 4984 964 de

628 950 991 1103 parvenir
1045 950 1058 1103 à
1125 950 1192 1103 ce
1246 950 1421 1103 haut
1475 950 1609 1103 but
1690 950 1744 1103 de
1811 950 2268 1103 cognoiſtre
2389 950 2389 1103 &
2443 950 2779 1103 prendre
2846 950 3303 1103 juſtement
3371 950 3465 1103 les
3519 950 3841 1103 temps,
3895 950 3949 1103 je
4003 950 4097 1103 les
4164 950 4567 1103 advertis,
4635 950 4836 1103 qu’ils
4917 950 4998 1103 ne

627 1091 1070 1242 l’eſtiment
1124 1091 1231 1242 pas
1285 1091 1473 1242 pour
1554 1091 1769 1242 choſe
1850 1091 2092 1242 facile,
2212 1091 2212 1242 &
2280 1091 2548 1242 qu’ilne
2616 1091 2763 1242 leur
2844 1091 3153 1242 ennuye
3207 1091 3328 1242 pas
3422 1091 3476 1242 de
3570 1091 3825 1242 mettre
3892 1091 3960 1242 un
4027 1091 4215 1242 long
4309 1091 4658 1242 Exercice
4726 1091 4779 1242 en
4873 1091 4994 1242 l’u-

626 1232 778 1376 ſage
874 1232 985 1376 des
1054 1232 1453 1376 preſentes
1508 1232 1784 1376 leçons
1867 1232 1936 1376 de
2005 1232 2060 1376 ce
2170 1232 2487 1376 Tableau
2611 1232 2776 1376 VII.
2859 1232 2955 1376 car
3038 1232 3245 1376 outre
3314 1232 3824 1376 l’aſſeurance
3920 1232 4223 1376 qu’elles
4278 1232 4430 1376 leur
4513 1232 4981 1376 donneront

638 1373 679 1519 en
761 1373 815 1519 la
883 1373 1210 1519 parfaite
1319 1373 1632 1519 Theorie
1754 1373 1754 1519 &
1836 1373 2190 1519 Pratique
2271 1373 2380 1519 des
2476 1373 2789 1519 Armes,
2857 1373 3047 1519 auſsi
3115 1373 3524 1519 pourront
3619 1373 3782 1519 elles
3850 1373 4041 1519 eſtre
4122 1373 4327 1519 quaſi
4381 1373 4626 1519 ſeules
4694 1373 4980 1519 tenues

622 1509 816 1654 pour
885 1509 1340 1654 ſuffiſantes
1423 1509 1712 1654 dentrer
1795 1509 1837 1654 en
1933 1509 1975 1654 la
2044 1509 2168 1654 lice
2237 1509 2416 1654 avec
2471 1509 2554 1654 les
2609 1509 2775 1654 plus
2844 1509 3106 1654 grands
3216 1509 3216 1654 &
3271 1509 3534 1654 hardis
3589 1509 3865 1654 tireurs
3947 1509 4320 1654 d’Armes
4389 1509 4582 1654 qu’ils
4637 1509 4982 1654 puiſſent

617 1653 988 1797 trouver,
1078 1653 1578 1797 moyennant
1668 1653 1860 1797 qu’ils
1925 1653 2001 1797 ne
2066 1653 2348 1797 jouent
2425 1653 2540 1797 pas
2604 1653 2707 1797 ſur
2758 1653 2809 1797 le
2861 1653 3348 1797 ſentiment.
3463 1653 3566 1797 Car
3643 1653 3797 1797 puis
3874 1653 4066 1797 qu’ils
4117 1653 4194 1797 ne
4271 1653 4438 1797 ſont
4502 1653 4617 1797 pas
4681 1653 4976 1797 accou-

614 1783 922 1937 ſtumez
1011 1783 1280 1937 d’avoir
1344 1783 1433 1937 les
1510 1783 1753 1937 eſpees
1817 1783 2355 1937 accouplées,
2483 1783 2483 1937 &
2598 1783 2905 1937 meſmes
2982 1783 3174 1937 qu’ils
3251 1783 3353 1937 s’en
3455 1783 3839 1937 trouvent
3903 1783 4453 1937 incontinent
4530 1783 4991 1937 embrouil-

604 1920 754 2075 lez,
822 1920 890 2075 ils
958 1920 1135 2075 font
1203 1920 1598 2075 touſiours
1667 1920 1830 2075 leur
1912 1920 2157 2075 devoir
2252 1920 2307 2075 de
2375 1920 2470 2075 les
2538 1920 2933 2075 deſtacher
2988 1920 3220 2075 avant
3315 1920 3519 2075 qu’on
3587 1920 3683 2075 les
3751 1920 3982 2075 puiſſe
4050 1920 4473 2075 aſſujettir.
4555 1920 4732 2075 dont
4800 1920 4841 2075 il
4895 1920 4977 2075 ne

600 2056 652 2213 ſe
731 2056 1097 2213 preſente
1163 2056 1804 2213 ordinairement
1896 2056 2092 2213 quaſi
2144 2056 2354 2213 nulle
2419 2056 2642 2213 autre
2707 2056 3100 2213 operation
3204 2056 3335 2213 que
3401 2056 3610 2213 celles
3676 2056 3807 2213 que
3872 2056 4055 2213 vous
4121 2056 4356 2213 voyez
4409 2056 4971 2213 repreſentées

612 2197 665 2347 en
771 2197 824 2347 ce
930 2197 1301 2347 Tableau.
1407 2197 1460 2347 de
1527 2197 1752 2347 façon
1845 2197 1977 2347 que
2057 2197 2097 2347 le
2190 2197 2455 2347 temps
2548 2197 2746 2347 qu’on
2853 2197 2866 2347 y
2972 2197 3290 2347 mettra,
3396 2197 3462 2347 ne
3542 2197 3820 2347 pourra
3913 2197 4099 2347 eſtre
4192 2197 4324 2347 que
4391 2197 4735 2347 tresbien
4828 2197 4987 2347 em-

624 2336 883 2474 ployé.
