5520 7640
1091 1611 2509 1735 DECLARATION
2752 1611 3015 1735 DES
3258 1611 4473 1735 OPERATIONS

1815 1798 1932 1885 DV
2107 1798 2736 1885 TABLEAV
2927 1798 3717 1885 HVICTIEME.

1532 2032 1655 2257 Vis
1777 2032 1960 2257 que
2041 2032 2469 2257 iuſques
2550 2032 2713 2257 icy
2795 2032 2856 2257 il
2958 2032 2958 2257 a
3080 2032 3243 2257 eſté
3385 2032 3833 2257 monſtré
3935 2032 4159 2257 aſſez
4322 2032 4933 2257 clairement

1449 2241 1876 2394 comment
1918 2241 1961 2394 il
2018 2241 2188 2394 faut
2245 2241 2587 2394 garantir
2629 2241 2672 2394 le
2743 2241 2942 2394 coſté
3028 2241 3213 2394 droit
3312 2241 3369 2394 du
3469 2241 3753 2394 danger
3824 2241 3881 2394 de
3938 2241 3981 2394 la
4052 2241 4464 2394 cavation,
4521 2241 4550 2394 il
4621 2241 4919 2394 ſemble

1454 2386 1572 2539 que
1638 2386 1915 2539 l’ordre
1968 2386 2165 2539 nous
2231 2386 2495 2539 convie
2547 2386 2547 2539 à
2613 2386 2916 2539 traitter
2969 2386 3602 2539 preſentement
3667 2386 3720 2539 du
3839 2386 4115 2539 danger
4221 2386 4221 2539 &
4300 2386 4353 2539 du
4419 2386 4748 2539 remede
4827 2386 4932 2539 des

1441 2529 2075 2678 Imbroccades,
2156 2529 2264 2678 qui
2332 2529 2845 2678 pourroyent
2926 2529 3101 2678 eſtre
3155 2529 3385 2678 tirées
3452 2529 3601 2678 vers
3642 2529 3696 2678 le
3777 2529 3979 2678 coſté
4060 2529 4384 2678 gauche.
4560 2529 4668 2678 Car
4749 2529 4924 2678 ceux

1445 2663 1559 2816 qui
1630 2663 1701 2816 ne
1773 2663 2100 2816 veulent
2172 2663 2485 2816 ſouffrir
2556 2663 2756 2816 qu’on
2827 2663 2984 2816 leur
3055 2663 3383 2816 attaque
3454 2663 3710 2816 l’eſpee
3810 2663 3867 2816 de
3938 2663 4181 2816 loing,
4238 2663 4394 2816 ſont
4466 2663 4936 2816 neceſſaire-

1460 2809 1656 2957 ment
1708 2809 2022 2957 obligez
2100 2809 2166 2957 ou
2244 2809 2257 2957 à
2322 2809 2375 2957 ſe
2427 2809 2701 2957 retirer
2767 2809 2806 2957 en
2897 2809 3172 2957 arriere
3250 2809 3316 2957 ou
3381 2809 3538 2957 bien
3629 2809 3642 2957 à
3721 2809 3890 2957 tirer
3943 2809 4047 2957 les
4100 2809 4492 2957 premiers
4557 2809 4661 2957 ſur
4727 2809 4923 2957 leurs

555 2946 1016 3095 contraires,
1056 2946 1188 3095 ſoit
1254 2946 1570 3095 enligne
1649 2946 1926 3095 droite,
1979 2946 2111 3095 ſoit
2164 2946 2335 3095 avec
2388 2946 2441 3095 le
2494 2946 2652 3095 bras
2718 2946 3047 3095 courbe,
3074 2946 3258 3095 ainſi
3324 2946 3522 3095 qu’on
3601 2946 3786 3095 verra
3852 2946 3971 3095 par
4023 2946 4116 3095 les
4168 2946 4577 3095 exemples
4643 2946 4696 3095 du
4775 2946 4933 3095 pre-

537 3084 700 3238 ſant
809 3084 1178 3238 Tableau.
1341 3084 1450 3238 Les
1519 3084 1914 3238 premiers
1969 3084 2392 3238 eſtocades
2446 3084 2555 3238 qui
2610 3084 2651 3238 ſe
2733 3084 2910 3238 font
2964 3084 3019 3238 en
3114 3084 3346 3238 droite
3401 3084 3646 3238 ligne,
3687 3084 4165 3238 requierent
4246 3084 4656 3238 touſiours
4724 3084 4928 3238 l’aide

560 3225 628 3378 de
695 3225 736 3378 la
803 3225 1155 3378 cavation
1250 3225 1439 3378 pour
1506 3225 1696 3378 venir
1750 3225 1817 3378 au
1898 3225 2182 3378 dehors
2250 3225 2318 3378 de
2372 3225 2696 3378 l’eſpee;
2737 3225 2831 3378 les
2872 3225 3142 3378 autres
3196 3225 3399 3378 n’ont
3453 3225 3805 3378 beſoing
3872 3225 3926 3378 de
4007 3225 4508 3378 preparation
4602 3225 4724 3378 qui
4764 3225 4940 3378 ſoit.

602 3367 710 3516 Car
751 3367 940 3516 ainſi
1008 3367 1211 3516 qu’on
1305 3367 1671 3516 emporte
1725 3367 1995 3516 l’eſpee
2063 3367 2455 3516 contraire
2509 3367 2509 3516 à
2591 3367 2821 3516 coſté,
2888 3367 3078 3516 auſsi
3132 3367 3172 3516 en
3254 3367 3443 3516 peut
3524 3367 3578 3516 on
3659 3367 3822 3516 tirer
3903 3367 3998 3516 des
4065 3367 4674 3516 Imbroccades
4715 3367 4836 3516 par
4877 3367 4931 3516 la

535 3507 735 3654 ſeule
802 3507 1216 3654 pourſuite
1296 3507 1350 3654 du
1470 3507 1737 3654 meſme
1830 3507 2391 3654 mouvement.
2551 3507 2765 3654 Celles
2805 3507 2845 3654 là
2911 3507 3072 3654 ſont
3138 3507 3445 3654 portées
3512 3507 3659 3654 vers
3699 3507 3752 3654 le
3819 3507 4019 3654 coſté
4099 3507 4273 3654 droit
4353 3507 4406 3654 du
4500 3507 4740 3654 corps,
4807 3507 4940 3654 cel-

536 3644 631 3793 les
712 3644 779 3793 cy
860 3644 1009 3793 vers
1063 3644 1117 3793 le
1212 3644 1550 3793 gauche:
1617 3644 1820 3793 celles
1915 3644 1969 3793 de
2023 3644 2063 3793 la
2172 3644 2401 3793 droite
2455 3644 2658 3793 ligne
2739 3644 2780 3793 ſe
2861 3644 3402 3793 rencontrent
3469 3644 4050 3793 pareillement
4105 3644 4159 3793 en
4240 3644 4591 3793 fermant
4645 3644 4686 3793 la
4780 3644 4929 3793 meſ-

578 3787 656 3946 me
734 3787 980 3946 droite
1018 3787 1226 3946 ligne
1303 3787 1782 3946 alencontre
1860 3787 2054 3946 pour
2106 3787 2469 3946 prevenir
2534 3787 2572 3946 la
2663 3787 3103 3946 contraire;
3194 3787 3401 3946 celles
3479 3787 3544 3946 de
3595 3787 3647 3946 la
3738 3787 4062 3946 courbe,
4139 3787 4191 3946 en
4282 3787 4761 3946 ſurprenant
4839 3787 4942 3946 l’e-

543 3924 719 4082 ſpee
828 3924 1100 4082 meſme
1195 3924 1413 4082 d’une
1481 3924 1767 4082 courbe
1848 3924 2243 4082 contraire
2297 3924 2338 4082 la
2420 3924 2692 4082 faiſant
2760 3924 2937 4082 aller
2991 3924 2991 4082 à
3059 3924 3331 4082 vuide,
3399 3924 3454 4082 en
3522 3924 3726 4082 ſorte
3821 3924 3943 4082 que
4025 3924 4378 4082 d’autant
4447 3924 4610 4082 plus
4691 3924 4827 4082 que
4882 3924 4936 4082 lë

612 4064 1011 4212 Contraire
1094 4064 1108 4212 y
1177 4064 1562 4212 employe
1658 4064 1714 4212 de
1782 4064 2058 4212 force,
2140 4064 2498 4212 d’autant
2567 4064 2732 4212 plus
2787 4064 2842 4212 ſa
2911 4064 3187 4212 pointe
3269 4064 3586 4212 s’enfuit
3682 4064 3737 4212 du
3834 4064 4109 4212 poin
4205 4064 4935 4212 d’attouchement

566 4204 730 4347 qu’il
799 4204 1004 4347 avoit
1072 4204 1400 4347 deſtiné.
1550 4204 1605 4347 Or
1660 4204 1961 4347 venons
2029 4204 2070 4347 en
2166 4204 2302 4347 aux
2398 4204 2836 4347 Exemples.

2836 4472 2962 4617 che
3025 4472 3076 4617 en
3164 4472 3429 4617 dehors
3492 4472 3606 4617 par
3669 4472 3833 4617 deça
3883 4472 3946 4617 le
4009 4472 4526 4617 quadrangle,
4564 4472 4741 4617 ainſi
4804 4472 4930 4617 que

2828 4601 2854 4731 il
2918 4601 3007 4731 eſt
3058 4601 3518 4731 repreſenté
3582 4601 3633 4731 en
3697 4601 3735 4731 la
3799 4601 4080 4731 figure.

2963 4725 3152 4866 Ceſte
3214 4725 3617 4866 operation
3692 4725 3868 4866 n’eſt
3906 4725 4019 4866 icy
4082 4725 4509 4866 exprimée,
4559 4725 4698 4866 que
4748 4725 4937 4866 pour

2848 4847 3333 4991 demonſtrer
3416 4847 3581 4991 plus
3676 4847 4137 4991 evidement
4220 4847 4669 4991 l’intention
4799 4847 4929 4991 que

2877 4976 3227 5116 ZAcharie
3277 4976 3615 5116 pretend
3690 4976 4253 5116 d’accomplir,
4353 4976 4466 5116 afin
4578 4976 4729 5116 qu’il
4791 4976 4929 5116 ſoit

2827 5100 2998 5241 plus
3035 5100 3254 5241 facile
3340 5100 3401 5241 de
3498 5100 4023 5241 comprendre
4084 5100 4547 5241 l’operation
4657 5100 4938 5241 d’ALE-

2851 5225 3178 5377 xandre,
3292 5225 3405 5377 qui
3481 5225 3569 5377 eſt
3632 5225 4148 5377 repreſentée
4236 5225 4299 5377 au
4451 5225 4690 5377 Cercle
4778 5225 4942 5377 ſuy-

2837 5377 3025 5441 vant.

3540 5522 3863 5715 Cercle
4070 5522 4347 5715 N.2.

2856 5750 3149 5894 Alexandre
3217 5750 3634 5894 s’appercevant
3702 5750 3735 5894 de
3814 5750 4164 5894 l’Imbrocade
4232 5750 4311 5894 que
4367 5750 4435 5894 ſon
4514 5750 4784 5894 Contraire
4852 5750 4920 5894 luy

2940 5891 3227 6020 commence
3280 5891 3280 6020 à
3334 5891 3493 6020 tirer;
3536 5891 3579 6020 au
3653 5891 3813 6020 meſme
3856 5891 4026 6020 temps
4058 5891 4090 6020 il
4122 5891 4388 6020 ſurprend
4420 5891 4462 6020 la
4505 5891 4622 6020 lame
4686 5891 4920 6020 contrai-

2946 6017 3017 6140 re,
3052 6017 3087 6140 en
3146 6017 3182 6140 ſe
3240 6017 3570 6140 deſtournant
3617 6017 3640 6140 le
3687 6017 3805 6140 coſté
3852 6017 4052 6140 gauche
4111 6017 4146 6140 du
4193 6017 4334 6140 corps
4370 6017 4405 6140 en
4476 6017 4687 6140 dehors,
4805 6017 4805 6140 &
4864 6017 4934 6140 luy

2960 6140 3177 6268 mettant
3220 6140 3252 6268 ſa
3306 6140 3490 6268 poincte
3545 6140 3728 6268 devant
3772 6140 3837 6268 les
3891 6140 4053 6268 yeux.

3321 6282 3562 6412 Omme
3665 6282 3860 6412 donc
3952 6282 4056 6412 ces
4170 6282 4343 6412 dites
4458 6282 4928 6412 operations

3287 6418 4014 6546 d’ALEXANDRE
4170 6418 4170 6546 &
4277 6418 4348 6546 de
4468 6418 4921 6546 ZACHARIE

3272 6543 3428 6671 ſont
3525 6543 4211 6671 enéommencées
4331 6543 4343 6671 &
4428 6543 4933 6671 continuées,

3269 6671 3591 6790 juſques
3638 6671 3650 6790 à
3722 6671 3769 6790 ce
3841 6671 3972 6790 que
4079 6671 4508 6790 ZACHARIE
4579 6671 4925 6790 commẽ-

2832 6792 2890 6915 ce
2959 6792 2959 6915 à
3040 6792 3363 6915 avancer
3409 6792 3467 6915 le
3513 6792 3733 6915 pied,
3791 6792 4114 6915 courber
4160 6792 4218 6915 le
4264 6792 4484 6915 bras,
4576 6792 4807 6915 mener
4922 6792 4934 6915 &

2820 6909 3148 7029 tourner
3227 6909 3261 7029 ſa
3340 6909 3679 7029 branche
3769 6909 4210 7029 exterieure
4289 6909 4334 7029 en
4447 6909 4741 7029 dedans
4798 6909 4809 7029 à
4866 6909 4911 7029 la

2827 7034 3160 7181 hauteur
3249 7034 3313 7181 de
3377 7034 3735 7181 l’eſpaule
3812 7034 3991 7181 pour
4068 7034 4349 7181 aſſener
4426 7034 4515 7181 ſon
4630 7034 4925 7181 Imbro-

4755 7180 4923 7273 cade

1314 4469 1627 4645 Cercle
1940 4469 2052 4645 3.

577 4704 589 4832 A
638 4704 874 4832 l’inſtant
936 4704 1369 4832 qu’Alexandre
1419 4704 1604 4832 abaiſſe
1654 4704 1679 4832 le
1716 4704 1840 4832 pied
1889 4704 2001 4832 droit
2050 4704 2063 4832 à
2112 4704 2137 4832 la
2186 4704 2347 4832 lettre
2459 4704 2496 4832 G.
2546 4704 2669 4832 pour

668 4832 936 4959 aſſujettir
983 4832 1158 4959 l’eſpee
1205 4832 1520 4959 contraire;
1602 4832 1858 4959 Zacharie
1917 4832 2162 4959 s’avance
2314 4832 2384 4959 luy
2454 4832 2536 4959 tire
2594 4832 2676 4959 une

656 4960 964 5082 imbrocade
1008 4960 1019 5082 à
1064 4960 1097 5082 la
1141 4960 1460 5082 poitrine.

1029 5137 1092 5270 Es
1167 5137 1444 5270 parties
1507 5137 1734 5270 ayant
1784 5137 2451 5270 preallablement
2527 5137 2665 5270 eſté

997 5268 1010 5387 à
1059 5268 1096 5387 la
1182 5268 1565 5387 Premiere
1614 5268 1972 5387 Inſtance
2022 5268 2207 5387 avec
2256 5268 2355 5387 les
2416 5268 2663 5387 eſpees

1002 5398 1411 5523 paralleles
1486 5398 1536 5523 en
1610 5398 1821 5523 ligne
1908 5398 2194 5523 droite;
2293 5398 2678 5523 ALEXAN-

1028 5525 1157 5646 DRE
1227 5525 1239 5646 a
1321 5525 1788 5646 commencé
1835 5525 1847 5646 à
1905 5525 2291 5646 travailler
2349 5525 2536 5646 pour
2583 5525 2665 5646 aſ-

547 5647 850 5772 ſujettir
900 5647 1177 5772 l’eſpee
1253 5647 1643 5772 contraire
1693 5647 1693 5772 à
1744 5647 1794 5772 la
1882 5647 2235 5772 Seconde
2310 5647 2663 5772 Inſtance

548 5774 671 5898 par
757 5774 916 5898 deça
1014 5774 1076 5898 le
1186 5774 1628 5898 Diametre,
1726 5774 1898 5898 tout
1984 5774 2045 5898 de
2131 5774 2389 5898 meſme
2451 5774 2635 5898 qu’au

600 5900 835 6027 Cercle
946 5900 988 6027 N.
1044 5900 1085 6027 1.
1155 5900 1210 6027 du
1307 5900 1613 6027 Tableau
1724 5900 1862 6027 VII.
1946 5900 1987 6027 En
2071 5900 2279 6027 quoy
2334 5900 2626 6027 faiſant,
2667 5900 2667 6027 à

549 6023 881 6156 l’inſtant
948 6023 1108 6156 qu’il
1161 6023 1427 6156 abaiſſe
1480 6023 1533 6156 le
1586 6023 1759 6156 pied
1826 6023 2012 6156 droit
2065 6023 2065 6156 à
2118 6023 2158 6156 la
2211 6023 2438 6156 lettre
2531 6023 2571 6156 G.
2664 6023 2664 6156 &

578 6152 725 6277 qu’il
774 6152 1131 6277 pourſuit
1193 6152 1845 6277 circulairement
1919 6152 2091 6277 avec
2152 6152 2202 6277 le
2263 6152 2435 6277 pied
2521 6152 2681 6277 gau-

565 6277 727 6404 che;
840 6277 1315 6404 ZACHARIE
1390 6277 1590 6404 entre
1640 6277 1740 6404 ſur
1803 6277 1915 6404 luy
1990 6277 2303 6404 portant
2378 6277 2428 6404 le
2503 6277 2665 6404 pied

579 6402 758 6529 droit
822 6402 1117 6529 dedans
1155 6402 1437 6529 juſqu’à
1488 6402 1539 6529 la
1591 6402 1821 6529 lettre
1885 6402 1923 6529 S.
1975 6402 2039 6529 au
2128 6402 2295 6529 deça
2372 6402 2423 6529 du
2538 6402 2679 6529 Dia-

575 6529 824 6657 metre,
873 6529 923 6657 ſe
985 6529 1382 6657 panchant
1444 6529 1494 6657 en
1569 6529 1792 6657 avant
1842 6529 1954 6657 ſur
1991 6529 2040 6657 le
2102 6529 2276 6657 pied
2338 6529 2562 6657 droit,
2661 6529 2661 6657 &

558 6656 948 6784 courbant
1019 6656 1137 6784 par
1220 6656 1480 6784 meſme
1562 6656 1810 6784 moyen
1869 6656 1928 6784 le
1976 6656 2165 6784 bras,
2188 6656 2236 6784 il
2271 6656 2555 6784 tourne
2614 6656 2649 6784 ſa

544 6780 898 6889 branche
978 6780 1433 6889 exterieure
1513 6780 1559 6889 en
1661 6780 1946 6889 dedans
2015 6780 2664 6889 verticalement;

616 6905 616 7038 &
666 6905 841 7038 ainſi
892 6905 929 7038 il
979 6905 1230 7038 donne
1280 6905 1794 7038 l’imbrocade
1856 6905 1869 7038 à
1944 6905 1982 7038 ſa
2057 6905 2295 7038 partie
2345 6905 2659 7038 adverſe

569 7033 619 7166 en
681 7033 719 7166 la
782 7033 1170 7166 poitrine,
1208 7033 1734 7166 pourſuivant
1784 7033 1797 7166 a
1885 7033 2123 7166 mener
2160 7033 2210 7166 la
2273 7033 2436 7166 pied
2499 7033 2662 7166 gau-
