5520 7640
709 482 885 612 cade
972 482 1023 612 en
1110 482 1148 612 la
1223 482 1574 612 poitrine
1649 482 1712 612 de
1787 482 1825 612 ſa
1912 482 2150 612 partie
2213 482 2614 612 adverſe:
2727 482 2790 612 A-

688 605 1189 734 LEXANDRE
1296 605 1773 734 s’apperçoit
1868 605 2059 734 aſſez
2154 605 2619 734 clairement
2715 605 2774 734 de

676 734 1131 857 l’approche
1192 734 1242 857 du
1328 734 1537 857 corps
1611 734 1672 857 de
1721 734 1820 857 ſon
1906 734 2250 857 cõtraire,
2299 734 2410 857 par
2459 734 2508 857 le
2557 734 2779 857 ſenti-

709 856 891 984 ment
1000 856 1012 984 &
1084 856 1387 984 meſmes
1447 856 1556 984 par
1604 856 1641 984 la
1725 856 1943 984 veüe;
2004 856 2112 984 qui
2161 856 2282 984 fait
2342 856 2524 984 qu’au
2620 856 2778 984 meſ-

705 986 786 1111 me
844 986 1100 1111 temps
1158 986 1205 1111 en
1275 986 1682 1111 roidiſſant
1728 986 1775 1111 le
1833 986 2019 1111 bras,
2054 986 2089 1111 il
2136 986 2415 1111 tourne
2462 986 2508 1111 ſa
2566 986 2776 1111 bran-

685 1107 805 1236 che
853 1107 1298 1236 interieure
1358 1107 1406 1236 en
1490 1107 1767 1236 dehors
1827 1107 2440 1236 verticalement
2488 1107 2776 1236 juſqu’à

671 1231 707 1361 la
767 1231 1103 1361 hauteur
1176 1231 1224 1361 du
1296 1231 1632 1361 ſommet
1716 1231 1777 1361 de
1825 1231 1861 1361 ſa
1921 1231 2149 1361 teſte,
2221 1231 2269 1361 en
2354 1231 2546 1361 ſorte
2618 1231 2786 1361 qu’il

685 1360 733 1483 en
805 1360 1199 1483 ſurprend
1234 1360 1282 1483 la
1330 1360 1521 1483 lame
1581 1360 1975 1483 contraire
2046 1360 2154 1483 par
2237 1360 2655 1483 deſſoubs,
2775 1360 2775 1483 &

661 1481 705 1593 la
759 1481 890 1593 fait
978 1481 1273 1593 monter
1338 1481 1393 1593 en
1458 1481 1688 1593 haut,
1764 1481 1862 1593 des
1917 1481 2299 1593 tournant
2354 1481 2409 1593 au
2507 1481 2769 1593 meſme

669 1611 959 1735 inſtant
1009 1611 1009 1735 à
1059 1611 1274 1735 l’aide
1375 1611 1475 1735 des
1526 1611 1740 1735 pieds
1791 1611 1841 1735 le
1904 1611 2093 1735 coſté
2182 1611 2535 1735 gauche,
2623 1611 2762 1735 (ou

664 1735 1048 1853 l’atteinte
1132 1735 1336 1853 avoit
1420 1735 1552 1853 eſté
1636 1735 2068 1853 deſtinée,)
2152 1735 2188 1853 en
2308 1735 2644 1853 dehors,
2764 1735 2776 1853 &

687 1858 1015 1986 dreſſant
1088 1858 1197 1986 par
1282 1858 1536 1986 meſme
1609 1858 1852 1986 moyen
1925 1858 1973 1986 la
2034 1858 2301 1986 pointe
2373 1858 2434 1986 de
2495 1858 2531 1986 ſa
2592 1858 2786 1986 lame

694 1980 874 2108 droit
934 1980 1066 2108 aux
1150 1980 1342 2108 yeux
1438 1980 1498 2108 de
1546 1980 1595 2108 ſa
1643 1980 1883 2108 partie
1955 1980 2303 2108 adverſe,
2339 1980 2772 2108 l’arreſtant

676 2109 781 2235 par
851 2109 1305 2235 courtoiſie,
1363 2109 1409 2235 en
1479 2109 1677 2235 ſorte
1735 2109 1875 2235 que
1921 2109 2026 2235 ſon
2119 2109 2503 2235 contraire
2573 2109 2654 2235 ne
2713 2109 2771 2235 ſe

678 2232 855 2361 peut
914 2232 1234 2361 avancer
1281 2232 1435 2361 ſans
1482 2232 1542 2361 ſe
1589 2232 1861 2361 bleſſer
1897 2232 2027 2361 luy
2134 2232 2382 2361 meſme
2453 2232 2512 2361 au
2607 2232 2773 2361 viſa-

698 2360 804 2499 ge:
844 2360 1016 2499 ainſi
1083 2360 1242 2499 qu’il
1295 2360 1374 2499 eſt
1427 2360 1878 2499 repreſenté
1931 2360 2051 2499 par
2104 2360 2196 2499 les
2249 2360 2568 2499 figures.

1343 2634 1662 2865 Cercle
1912 2634 2163 2865 N.3.

696 2915 943 3049 Lacharie
1021 2915 1156 3049 donne
1212 2915 1212 3049 à
1268 2915 1324 3049 ſon
1414 2915 1683 3049 Contraire
1728 2915 1773 3049 un
1817 2915 1941 3049 coup
2008 2915 2378 3049 d’Imbrocade
2423 2915 2457 3049 en
2513 2915 2546 3049 la
2591 2915 2782 3049 poitri-

777 3054 854 3169 ne,
898 3054 931 3169 en
986 3054 1195 3169 entrant
1294 3054 1294 3169 &
1349 3054 1602 3169 courbant
1646 3054 1668 3169 le
1724 3054 1823 3169 bras
1878 3054 1878 3169 à
1922 3054 1966 3169 la
2021 3054 2263 3169 hauteur
2318 3054 2351 3169 de
2406 3054 2439 3169 ſa
2494 3054 2660 3169 teſte,
2726 3054 2759 3169 au

791 3182 962 3302 temps
1014 3182 1093 3302 que
1133 3182 1198 3302 ſon
1251 3182 1382 3302 eſpee
1421 3182 1881 3302 eſtaſſujettie.

1156 3413 1288 3531 Eſte
1373 3413 1771 3531 operation
1855 3413 1903 3531 du
2024 3413 2253 3531 Cercle
2337 3413 2373 3531 3.
2446 3413 2639 3531 vient
2699 3413 2759 3531 un

1123 3531 1243 3656 peu
1315 3531 1483 3656 plus
1531 3531 1688 3656 tard
1748 3531 1880 3656 que
1928 3531 2229 3656 l’autre,
2265 3531 2577 3656 aſſavoir
2625 3531 2769 3656 lors

1145 3659 1866 3781 qu’ALEXANDRE
1952 3659 2025 3781 eſt
2111 3659 2282 3781 deſia
2355 3659 2587 3781 arrivé
2648 3659 2661 3781 à
2734 3659 2771 3781 la

1133 3781 1496 3910 Seconde
1570 3781 1983 3910 Inſtance,
2057 3781 2070 3910 y
2145 3781 2370 3910 ayant
2432 3781 2782 3910 aſſujetti

648 3914 920 4037 l’eſpee
991 3914 1430 4037 contraire:
1501 3914 1797 4037 auquel
1857 3914 2117 4037 temps
2224 3914 2236 4037 Z
2307 3914 2781 4037 ACHARIE

666 4033 1013 4159 s’avance
1061 4033 1168 4159 ſur
1216 4033 1395 4159 luy,
1467 4033 1515 4159 en
1598 4033 1897 4159 entrant
1981 4033 2028 4159 du
2124 4033 2303 4159 pied
2387 4033 2578 4159 droit
2638 4033 2781 4159 juſ-

674 4159 803 4292 qu’à
873 4159 908 4292 la
978 4159 1212 4292 lettre
1306 4159 1352 4292 S.
1422 4159 1796 4292 tournant
1890 4159 2533 4292 enſemblement
2615 4159 2743 4292 d’un

663 4283 817 4402 bras
900 4283 1183 4402 courbé
1242 4283 1278 4402 la
1349 4283 1691 4402 branche
1774 4283 2223 4402 exterieure
2294 4283 2353 4402 de
2412 4283 2459 4402 ſa
2554 4283 2767 4402 garde

668 4407 1278 4533 verticalement
1327 4407 1620 4533 juſqu’à
1669 4407 1718 4533 la
1779 4407 2121 4533 hauteur
2182 4407 2231 4533 du
2304 4407 2646 4533 ſommet
2707 4407 2768 4533 de

658 4532 706 4658 ſa
780 4532 1036 4658 teſte;
1133 4532 1475 4658 donnant
1536 4532 1707 4658 ainſi
1780 4532 1780 4658 à
1853 4532 1902 4658 ſa
1975 4532 2219 4658 partie
2280 4532 2598 4658 adverſe
2683 4532 2756 4658 un

679 4660 850 4791 coup
948 4660 1497 4791 d’Imbrocade
1582 4660 1631 4791 en
1717 4660 1753 4791 la
1839 4660 2180 4791 poitrine
2254 4660 2657 4791 panchant
2718 4660 2766 4791 le

673 4786 927 4916 corps,
1036 4786 1036 4916 &
1085 4786 1726 4916 accommodant
1787 4786 1835 4916 le
1884 4786 2065 4916 pied
2126 4786 2416 4916 gauche
2477 4786 2670 4916 pour
2707 4786 2767 4916 le

665 4912 950 5035 trainer
1012 4912 1061 5035 en
1148 4912 1420 5035 dehors
1494 4912 1828 5035 deſoubs
1865 4912 1914 5035 le
2001 4912 2532 5035 quadrangle.
2681 4912 2780 5035 Ce-

664 5033 764 5165 ſte
839 5033 1240 5165 operation
1340 5033 1402 5165 de
1502 5033 1853 5165 Zacharie
1940 5033 2015 5165 eſt
2078 5033 2191 5165 icy
2266 5033 2766 5165 repreſentée

677 5160 866 5291 pour
913 5160 949 5291 la
1043 5160 1291 5291 meſme
1362 5160 1928 5291 conſideration
2034 5160 2164 5291 que
2211 5160 2258 5291 la
2317 5160 2766 5291 preceden-

668 5283 731 5402 te
832 5283 1070 5402 Cercle
1146 5283 1171 5402 1.
1359 5283 1523 5402 Auſſi
1598 5283 1724 5402 elle
1787 5283 1925 5402 n’en
2025 5283 2277 5402 differe
2352 5283 2465 5402 pas
2528 5283 2779 5402 autre-

705 5410 916 5538 ment,
978 5410 1003 5538 ſi
1065 5410 1127 5538 ce
1177 5410 1350 5538 n’eſt
1437 5410 1624 5538 qu’en
1723 5410 1785 5538 ce
1897 5410 2133 5538 Cercle
2207 5410 2518 5538 preſent
2617 5410 2778 5538 ALE-

697 5534 970 5663 xandre
1032 5534 1242 5663 avoit
1292 5534 1391 5663 les
1440 5534 1663 5663 pieds
1750 5534 1911 5663 deſia
1985 5534 2308 5663 plantéz
2370 5534 2481 5663 ſur
2543 5534 2580 5663 la
2679 5534 2766 5663 Se-

686 5660 924 5786 conde
1011 5660 1438 5786 Inſtance,
1588 5660 1600 5786 &
1663 5660 1788 5786 que
1851 5660 2039 5786 pour
2102 5660 2290 5786 ceſte
2377 5660 2578 5786 cauſe
2678 5660 2778 5786 ZA-

687 5789 926 5913 charie
989 5789 1002 5913 a
1065 5789 1191 5913 eſté
1279 5789 1519 5913 obligé
1582 5789 1645 5913 de
1708 5789 1972 5913 porter
2010 5789 2060 5913 la
2149 5789 2287 5913 main
2375 5789 2539 5913 plus
2602 5789 2779 5913 haut

674 5912 875 6048 pour
938 5912 1228 6048 donner
1291 5912 1833 6048 l’Imbrocade
1909 5912 1972 6048 de
2022 5912 2186 6048 plus
2236 5912 2451 6048 haut.
2602 5912 2766 6048 Voilà

671 6045 1126 6152 l’occaſion;
1186 6045 1485 6152 s’enſuit
1533 6045 1569 6152 la
1629 6045 2083 6152 rencontre.

3669 565 3996 744 Cerle
4345 565 4432 744 4.

2961 812 3250 967 Alexandre
3297 812 3714 967 sappercevant
3795 812 4026 967 derechef
4084 812 4119 967 de
4153 812 4512 967 l’Imbrocade
4559 812 4651 967 que
4686 812 5056 967 l’Adverſai-

3047 954 3084 1094 re
3146 954 3208 1094 luy
3270 954 3370 1094 tire
3432 954 3581 1094 apres
3631 954 4214 1094 l’aſſujettiſſement,
4252 954 4289 1094 il
4339 954 4376 1094 ſe
4438 954 4699 1094 deſtourne
4761 954 4811 1094 au
4898 954 5047 1094 meſme

3050 1082 3216 1217 tenps
3263 1082 3298 1217 le
3346 1082 3476 1217 coſté
3547 1082 3736 1217 gauche
3818 1082 3854 1217 du
3925 1082 4066 1217 corps
4137 1082 4173 1217 en
4255 1082 4492 1217 dehors,
4598 1082 4634 1217 en
4716 1082 4964 1217 hauſſant
5012 1082 5047 1217 le

3041 1212 3150 1342 bras
3271 1212 3271 1342 &
3325 1212 3653 1342 ſurprenant
3719 1212 3762 1342 la
3828 1212 3948 1342 lame
4035 1212 4429 1342 contraire,
4527 1212 4560 1342 en
4625 1212 4757 1342 ſorte
4833 1212 4953 1342 qu’il
5008 1212 5041 1342 en

3033 1338 3133 1479 fait
3233 1338 3555 1479 l’execution
3622 1338 3655 1479 en
3733 1338 4022 1479 plongeant
4088 1338 4199 1479 avec
4266 1338 4299 1479 le
4355 1338 4499 1479 corps
4577 1338 4777 1479 panché
4855 1338 4855 1479 à
4933 1338 5044 1479 l’en-

3039 1507 3186 1561 vers.

3438 1665 3551 1798 Out
3602 1665 3766 1798 auſſi
3816 1665 3955 1798 toſt
4018 1665 4157 1798 que
4270 1665 4724 1798 ZACHARIE
4812 1665 5039 1798 eſleve

3441 1795 3441 1923 &
3511 1795 3803 1923 avance
3885 1795 3932 1923 le
3979 1795 4189 1923 pied,
4248 1795 4646 1923 courbant
4728 1795 4774 1923 en
4856 1795 5043 1923 haut

3381 1920 3439 2026 le
3521 1920 3768 2026 bras,
3920 1920 3920 2026 &
4038 1920 4437 2026 enſemble
4519 1920 4906 2026 tournant
4988 1920 5035 2026 ſa

3378 2044 3662 2177 brãche
3733 2044 4182 2177 exterieure
4253 2044 4300 2177 en
4371 2044 4549 2177 haut
4620 2044 4620 2177 à
4679 2044 5045 2177 l’endroit

2946 2174 3007 2296 de
3056 2174 3092 2296 ſa
3153 2174 3371 2296 teſte,
3419 2174 3613 2296 pour
3698 2174 3989 2296 donner
4038 2174 4584 2296 l’Imbrocade
4644 2174 4693 2296 en
4766 2174 4802 2296 la
4899 2174 5057 2296 meſ-

2947 2293 3032 2431 me
3081 2293 3336 2431 forme
3409 2293 3542 2431 que
3615 2293 3882 2431 deſſus:
3942 2293 3967 2431 A
4039 2293 4622 2431 LEXANDRE
4695 2293 5059 2431 cognoiſ-

2921 2419 3066 2556 ſant
3139 2419 3248 2556 ſon
3333 2419 3733 2556 intention
3818 2419 3939 2556 par
3999 2419 4048 2556 le
4120 2419 4557 2556 ſentiment
4678 2419 4690 2556 &
4763 2419 4884 2556 par
4944 2419 5041 2556 les

2952 2547 3505 2679 mouvements
3573 2547 3618 2679 du
3708 2547 3923 2679 corps
3991 2547 4059 2679 de
4104 2547 4205 2679 ſon
4296 2547 4747 2679 contraire,
4815 2547 5052 2679 eſleve

2917 2674 2978 2802 au
3075 2674 3331 2802 meſme
3379 2674 3647 2802 temps
3683 2674 3732 2802 le
3793 2674 3963 2802 pied
4036 2674 4219 2802 droit
4304 2674 4352 2802 en
4425 2674 4620 2802 l’air,
4705 2674 5046 2802 deſtour-

2919 2805 3088 2928 nant
3148 2805 3197 2928 le
3281 2805 3462 2928 coſté
3547 2805 3837 2928 gauche
3933 2805 3982 2928 du
4078 2805 4296 2928 corps
4368 2805 4417 2928 en
4525 2805 4875 2928 dehors,
5032 2805 5045 2928 &

2917 2926 3277 3048 hauſſant
3338 2926 3388 3048 le
3462 2926 3623 3048 bras
3698 2926 3883 3048 avec
3933 2926 3970 3048 la
4044 2926 4317 3048 garde,
4379 2926 4416 3048 il
4478 2926 4787 3048 eſtraint
4837 2926 4886 3048 la
4961 2926 5047 3048 la-

2947 3056 3028 3172 me
3108 3056 3487 3172 contraire
3578 3056 3647 3172 de
3716 3056 3762 3172 ſa
3831 3056 4186 3172 branche
4232 3056 4703 3172 interieure,
4749 3056 5058 3172 laquel-

2914 3178 2961 3268 le
3020 3178 3056 3268 il
3103 3178 3385 3268 tourne
3456 3178 3503 3268 en
3574 3178 3751 3268 haut
3809 3178 3857 3268 au
3951 3178 4186 3268 deſſus
4257 3178 4316 3268 de
4375 3178 4410 3268 la
4469 3178 4811 3268 hauteur
4881 3178 4952 3268 de
4999 3178 5034 3268 ſa

2919 3305 3159 3424 teſte,
3231 3305 3279 3424 en
3363 3305 3687 3424 dreſſant
3735 3305 3783 3424 la
3843 3305 4107 3424 pointe
4167 3305 4335 3424 vers
4371 3305 4419 3424 le
4479 3305 4611 3424 bas
4659 3305 4719 3424 au
4803 3305 5043 3424 viſage

2946 3426 2983 3547 du
3107 3426 3530 3547 Contraire,
3629 3426 3629 3547 &
3679 3426 3853 3547 ainſi
3903 3426 4263 3547 plantant
4301 3426 4363 3547 le
4413 3426 4587 3547 pied
4649 3426 4860 3547 entre
4960 3426 4972 3547 G
5047 3426 5059 3547 L

2919 3551 3018 3674 ſur
3068 3551 3106 3674 la
3156 3551 3417 3674 ligne,
3542 3551 3554 3674 &
3604 3551 3704 3674 ſur
3754 3551 4015 3674 iceluy
4090 3551 4513 3674 chargeant
4563 3551 4613 3674 le
4675 3551 4900 3674 corps
4974 3551 5024 3674 en

2914 3673 3324 3802 panchant
3371 3673 3383 3802 à
3430 3673 3793 3802 l’envers.
3863 3673 4121 3802 meſme
4180 3673 4356 3802 avec
4402 3673 4461 3802 le
4508 3673 4684 3802 pied
4754 3673 5047 3802 gauche

2912 3795 3153 3921 trainé
3222 3795 4128 3921 proportionellement
4231 3795 4632 3921 derriere,
4713 3795 4747 3921 il
4816 3795 5045 3921 pour-

2918 3921 3057 4048 ſuit
3158 3921 3170 4048 &
3233 3921 3573 4048 execute
3636 3921 3687 4048 ſa
3737 3921 4014 4048 pointe
4102 3921 4153 4048 en
4241 3921 4682 4048 plongeant
4820 3921 4820 4048 &
4909 3921 5047 4048 gra-

2927 4044 3157 4161 duant
3206 4044 3302 4161 les
3375 4044 3641 4161 eſpees
3714 4044 3775 4161 de
3847 4044 4029 4161 haut
4113 4044 4162 4161 en
4247 4044 4416 4161 bas,
4489 4044 4791 4161 comme
4864 4044 4900 4161 il
4961 4044 5046 4161 eſt

2917 4171 3316 4294 pourtrait
3400 4171 3449 4294 en
3533 4171 3569 4294 la
3642 4171 3920 4294 figure.

3063 4287 3243 4416 Pour
3291 4287 3663 4416 prevenir
3699 4287 4155 4416 juſtement
4227 4287 4335 4416 ces
4407 4287 4587 4416 dites
4647 4287 5054 4416 Imbroca-

2935 4417 3098 4551 des,
3135 4417 3173 4551 il
3223 4417 3374 4551 faut
3449 4417 3800 4551 prendre
3875 4417 4088 4551 garde
4176 4417 4364 4551 qu’au
4452 4417 4702 4551 temps
4790 4417 4916 4551 que
4991 4417 5028 4551 la

2915 4545 3155 4662 partie
3247 4545 3567 4662 adverſe
3658 4545 3945 4662 courbe
4013 4545 4070 4662 le
4139 4545 4311 4662 bras
4391 4545 4437 4662 en
4540 4545 4929 4662 tournant
4997 4545 5043 4662 la

2915 4670 3272 4796 branche
3341 4670 3790 4796 exterieure
3870 4670 3917 4796 en
3986 4670 4216 4796 haut,
4342 4670 4354 4796 &
4400 4670 4872 4796 preſentant
4930 4670 5045 4796 en-

2917 4795 3457 4918 ſemblement
3517 4795 3577 4918 le
3661 4795 3853 4918 coſté
3937 4795 4285 4918 gauche,
4370 4795 4430 4918 de
4502 4795 4898 4918 travailler
4970 4795 5018 4918 au

2952 4920 3211 5032 meſme
3258 4920 3540 5032 inſtant
3587 4920 4033 5032 juſtement
4080 4920 4139 5032 au
4245 4920 4679 5032 contraire,
4773 4920 4820 5032 en
4914 4920 5055 5032 deſ-

2916 5045 3306 5169 tournant
3353 5045 3400 5169 le
3459 5045 3649 5169 coſté
3719 5045 4015 5169 gauche
4062 5045 4240 5169 hors
4311 5045 4370 5169 de
4429 5045 4807 5169 preſence
4866 5045 5043 5169 avec

2917 5171 2965 5293 le
3026 5171 3185 5293 bras
3258 5171 3442 5293 droit
3503 5171 3881 5293 eſtendu,
4040 5171 4040 5293 &
4089 5171 4126 5293 la
4199 5171 4541 5293 branche
4590 5171 5041 5293 interieure

2942 5295 3002 5425 de
3051 5295 3088 5425 la
3173 5295 3380 5425 garde
3440 5295 3769 5425 tournée
3842 5295 3878 5425 en
3964 5295 4195 5425 haut;
4280 5295 4329 5425 en
4414 5295 4608 5425 ſorte
4681 5295 4815 5425 que
4864 5295 4900 5425 la
4961 5295 5058 5425 la-

2956 5426 3032 5557 me
3095 5426 3487 5557 contraire
3563 5426 3613 5557 en
3702 5426 3828 5557 ſoit
3904 5426 4321 5557 ſurprinſe.
4511 5426 4688 5557 Auſſi
4764 5426 4814 5557 en
4916 5426 5055 5557 gra-

2939 5548 3165 5651 duant
3200 5548 3307 5651 les
3355 5548 3592 5651 lames
3652 5548 3925 5651 durant
3973 5548 4460 5651 l’execution
4543 5548 4615 5651 de
4662 5548 4710 5651 la
4769 5548 5054 5651 bleſſu-

2927 5665 3022 5801 re,
3070 5665 3106 5801 il
3154 5665 3309 5801 faut
3368 5665 3726 5801 obſerver
3809 5665 3869 5801 de
3928 5665 4191 5801 porter
4262 5665 4668 5801 touſiours
4739 5665 4799 5801 le
4870 5665 5037 5801 bras

2918 5799 3097 5927 avec
3168 5799 3204 5927 la
3287 5799 3514 5927 garde
3585 5799 3645 5927 un
3764 5799 3883 5927 peu
3966 5799 4133 5927 plus
4204 5799 4442 5927 haute
4526 5799 4657 5927 que
4716 5799 4764 5927 la
4871 5799 5014 5927 main

2928 5925 3345 6044 contraire,
3405 5925 3405 6044 a
3465 5925 3524 6044 fin
3620 5925 3751 6044 que
3822 5925 3858 6044 ſa
3929 5925 4204 6044 pointe
4263 5925 4454 6044 vous
4502 5925 4669 6044 aille
4740 5925 4788 6044 au
4907 5925 5038 6044 deſ-

2919 6048 3032 6176 ſus
3107 6048 3158 6176 de
3208 6048 3245 6176 la
3308 6048 3496 6176 teſte
3609 6048 3609 6176 &
3684 6048 3985 6176 qu’ainſi
4048 6048 4224 6176 vous
4286 6048 4412 6176 luy
4500 6048 4838 6176 donniez
4901 6048 5039 6176 l’at-

2918 6175 3159 6296 teinte
3219 6175 3388 6296 hors
3460 6175 3520 6296 de
3568 6175 3833 6296 l’angle
3906 6175 4134 6296 obtus
4183 6175 4351 6296 avec
4411 6175 4905 6296 aſſeurance.

4910 6983 5056 7078 Cer-
