5520 7640
1287 552 1603 728 Cercle
1806 552 2099 728 N..

582 768 616 897 Au
672 768 841 897 temps
886 768 1313 897 qu’Alexandre
1369 768 1594 897 chemine
1650 768 1684 897 de
1729 768 1763 897 la
1853 768 2066 897 Seconde
2134 768 2359 897 Inſtance
2426 768 2539 897 vers
2595 768 2640 897 la

682 894 996 1020 Troiſieme;
1089 894 1333 1020 Lacharie
1380 894 1671 1020 s’avance,
1776 894 1776 1020 &
1822 894 1892 1020 luy
1938 894 2031 1020 tire
2078 894 2159 1020 une
2206 894 2508 1020 Imbrocade
2578 894 2636 1020 de-

658 1023 777 1148 vers
810 1023 843 1148 le
886 1023 1093 1148 viſage:
1159 1023 1257 1148 dont
1344 1023 1638 1148 Alexandre
1681 1023 1736 1148 eſt
1779 1023 2051 1148 contraint
2128 1023 2160 1148 de
2215 1023 2498 1148 s’avancer
2552 1023 2639 1148 pa-

660 1152 958 1271 reillement
1022 1152 1353 1271 alencontre,
1406 1152 1438 1271 en
1502 1152 1843 1271 deſtournant
1885 1152 2056 1271 l’eſpee
2098 1152 2365 1271 contraire
2439 1152 2546 1271 avec
2620 1152 2642 1271 le

655 1278 802 1400 corps
847 1278 1039 1400 panché
1095 1278 1095 1400 à
1141 1278 1366 1400 l’envers
1412 1278 1457 1400 au
1524 1278 1716 1400 dedans
1773 1278 1841 1400 des
1897 1278 2428 1400 perpendiculaires,
2473 1278 2586 1400 pour
2642 1278 2654 1400 y

661 1408 797 1510 faire
842 1408 876 1510 la
921 1408 1148 1510 volte.

1030 1539 1181 1665 Pres
1244 1539 2028 1665 qu’ALEXANDRE
2104 1539 2154 1665 en
2243 1539 2659 1665 aſſujettiſ-

1035 1669 1143 1790 ant
1191 1669 1467 1790 l’eſpee
1539 1669 1923 1790 contraire
1995 1669 2283 1790 eſtvenu
2355 1669 2355 1790 à
2415 1669 2451 1790 la
2546 1669 2654 1790 Se-

1013 1793 1255 1917 conde
1328 1793 1739 1917 Inſtance,
1860 1793 1872 1917 &
1944 1793 2102 1917 qu’il
2174 1793 2646 1917 commence

997 1921 1009 2026 à
1089 1921 1424 2026 marcher
1481 1921 1631 2026 vers
1677 1921 1724 2026 la
1781 1921 2242 2026 troiſieſme,
2288 1921 2335 2026 en
2392 1921 2646 2026 inten-

538 2043 678 2173 tion
760 2043 854 2173 d’y
913 2043 1253 2173 toucher
1370 2043 1370 2173 &
1428 2043 1815 2173 executer
1873 2043 1920 2173 en
1991 2043 2038 2173 la
2143 2043 2448 2173 maniere
2541 2043 2647 2173 qui

546 2165 634 2289 eſt
697 2165 1188 2289 demonſtrée
1251 2165 1365 2289 par
1403 2165 1453 2289 le
1541 2165 1844 2289 Tableau
1970 2165 2058 2289 VI.
2121 2165 2171 2289 au
2285 2165 2524 2289 Cercle
2612 2165 2650 2289 6.

561 2292 665 2420 dés
743 2292 911 2420 auſſi
963 2292 1106 2420 toſt
1183 2292 1352 2420 qu’il
1417 2292 1417 2420 a
1507 2292 1741 2420 eſlevé
1805 2292 1857 2420 le
1922 2292 2104 2420 pied
2194 2292 2376 2420 droit
2454 2292 2648 2420 pour

541 2419 998 2524 cheminer;
1112 2419 1112 2524 Z
1181 2419 1639 2524 ACHARIE
1707 2419 2062 2524 s’avance
2130 2419 2496 2524 derechef
2577 2419 2622 2524 en

532 2542 568 2669 la
666 2542 922 2669 meſme
971 2542 1167 2669 ſorte
1252 2542 1386 2669 que
1460 2542 1741 2669 deſſus,
1826 2542 1875 2669 en
1960 2542 2278 2669 portant
2351 2542 2400 2669 le
2473 2542 2644 2669 pied

560 2667 736 2792 droit
799 2667 1089 2792 juſqu’à
1139 2667 1189 2792 la
1240 2667 1466 2792 lettre
1554 2667 1605 2792 S.
1643 2667 1705 2792 ſe
1768 2667 2159 2792 courbant
2209 2667 2259 2792 le
2335 2667 2536 2792 bras,
2649 2667 2649 2792 &

532 2796 915 2918 tournant
982 2796 1027 2918 ſa
1083 2796 1432 2918 branche
1500 2796 1950 2918 exterieure
2029 2796 2648 2918 verticalement

540 2915 649 3047 par
735 2915 966 3047 deſſus
1015 2915 1052 3047 la
1113 2915 1454 3047 hauteur
1515 2915 1576 3047 de
1637 2915 1673 3047 ſa
1734 2915 1954 3047 teſte,
2015 2915 2197 3047 pour
2258 2915 2380 3047 luy
2478 2915 2648 3047 don-

526 3046 652 3170 ner
697 3046 846 3170 une
903 3046 1384 3170 Imbrocade
1441 3046 1498 3170 au
1579 3046 1853 3170 viſage.
1910 3046 2460 3170 ALEXANDRE
2528 3046 2643 3170 s’e-

531 3165 717 3294 ſtant
780 3165 842 3294 un
916 3165 1041 3294 peu
1103 3165 1402 3294 hauſſé,
1501 3165 1501 3294 &
1564 3165 1962 3294 approché
2024 3165 2136 3294 par
2173 3165 2634 3294 l’eſlevation

595 3294 595 3414 &
643 3294 1232 3414 l’avancement
1316 3294 1364 3414 du
1448 3294 1652 3414 pied;
1724 3294 1893 3414 tout
1953 3294 1953 3414 à
2013 3294 2349 3414 l’inſtant
2397 3294 2421 3414 il
2481 3294 2650 3414 cog-

536 3410 725 3536 noiſt
800 3410 964 3536 qu’il
1014 3410 1090 3536 ne
1153 3410 1279 3536 luy
1342 3410 1430 3536 eſt
1493 3410 1656 3536 plus
1719 3410 2034 3536 poſſible
2122 3410 2185 3536 de
2261 3410 2311 3536 ſe
2387 3410 2651 3536 preva-

526 3538 659 3659 loir
732 3538 793 3659 de
841 3538 890 3659 la
950 3538 1144 3659 ligne
1217 3538 1544 3659 courbe,
1629 3538 1677 3659 en
1762 3538 2283 3659 deſtournant
2331 3538 2368 3659 la
2428 3538 2646 3659 poin-

529 3660 582 3755 te
657 3660 1039 3755 contraire
1103 3660 1368 3755 contre
1453 3660 1676 3755 mont.
1793 3660 1793 3755 &
1867 3660 2207 3755 aſſcnant
2271 3660 2281 3755 à
2388 3660 2642 3755 meſme

538 3773 793 3905 temps
840 3773 886 3905 la
932 3773 1199 3905 ſienne
1257 3773 1303 3905 en
1384 3773 1767 3905 plõgeant
1837 3773 1895 3905 de
1953 3773 2127 3905 haut
2196 3773 2242 3905 en
2312 3773 2463 3905 bas;
2498 3773 2637 3905 par-

541 3901 743 4033 quoy
803 3901 863 4033 au
958 3901 1220 4033 meſme
1267 3901 1613 4033 inſtant,
1696 3901 1815 4033 que
1887 3901 2375 4033 l’adverſaire
2458 3901 2661 4033 com-

558 4028 840 4150 mence,
886 4028 920 4150 il
976 4028 1315 4150 s’avance
1372 4028 1869 4150 pareillemẽt
1925 4028 2434 4150 alencontre,
2468 4028 2649 4150 avec

530 4150 578 4274 le
638 4150 807 4274 bras
903 4150 915 4274 &
963 4150 1240 4274 l’eſpee
1312 4150 1769 4274 roidement
1854 4150 2227 4274 eſtendus
2299 4150 2335 4274 en
2431 4150 2648 4274 angle

541 4270 822 4397 obtus,
932 4270 932 4397 &
993 4270 1250 4397 plante
1287 4270 1348 4397 le
1397 4270 1568 4397 pied
1617 4270 1678 4397 au
1764 4270 1935 4397 deça
1996 4270 2045 4397 le
2143 4270 2522 4397 Diametre
2571 4270 2632 4397 au

528 4395 801 4524 poin
863 4395 888 4524 I.
962 4395 1012 4524 en
1098 4395 1618 4524 deſtournant
1668 4395 1718 4524 le
1792 4395 1990 4524 coſte
2052 4395 2349 4524 gauche
2411 4395 2461 4524 en
2547 4395 2659 4524 de-

529 4522 740 4645 hors,
852 4522 852 4645 &
927 4522 1175 4645 quand
1300 4522 1300 4645 &
1374 4522 1623 4645 quand
1685 4522 1921 4645 eſleve
1971 4522 2021 4645 le
2083 4522 2257 4645 pied
2319 4522 2655 4645 gauche,

584 4648 596 4770 &
631 4648 688 4770 le
758 4648 955 4770 volte
1024 4648 1140 4770 par
1221 4648 1556 4770 derriere
1614 4648 1881 4770 l’autre
1950 4648 1985 4770 ſi
2043 4648 2297 4770 avant,
2355 4648 2517 4770 quil
2587 4648 2633 4770 en

526 4768 786 4898 plante
836 4768 947 4898 les
1022 4768 1282 4898 orteils
1332 4768 1444 4898 ſur
1493 4768 1531 4898 la
1593 4768 1866 4898 ſeion
1977 4768 2039 4898 de
2101 4768 2151 4898 la
2213 4768 2424 4898 ligne
2523 4768 2536 4898 R
2622 4768 2660 4898 S.

526 4890 941 5022 panchant
978 4890 1041 5022 le
1104 4890 1317 5022 corps
1367 4890 1380 5022 à
1430 4890 1819 5022 l’envers,
1882 4890 1895 5022 à
1970 4890 2183 5022 l’aide
2271 4890 2384 5022 des
2434 4890 2660 5022 pieds

554 5014 662 5149 qui
711 5014 759 5149 ſe
819 5014 1205 5149 tournent
1289 5014 1338 5149 en
1446 5014 1784 5149 dehors;
1856 5014 1904 5149 ſe
2001 5014 2314 5149 mettant
2387 5014 2555 5149 ainſi
2604 5014 2652 5149 le

541 5143 765 5269 corps
812 5143 871 5269 au
966 5143 1249 5269 dedans
1320 5143 1438 5269 des
1485 5143 2287 5269 perpendiculaires,
2357 5143 2534 5269 avec
2605 5143 2652 5269 le

541 5265 708 5389 bras
768 5265 1114 5389 eſtendu,
1162 5265 1688 5389 rencontrant
1795 5265 1807 5389 &
1867 5265 2225 5389 pouſſant
2297 5265 2356 5389 de
2404 5265 2452 5389 ſa
2523 5265 2667 5389 gar-

559 5389 620 5524 de
668 5389 705 5524 la
790 5389 1008 5524 garde
1117 5389 1117 5524 &
1166 5389 1214 5524 le
1275 5389 1444 5524 bras
1505 5389 1893 5524 contraire
1953 5389 2111 5524 plus
2172 5389 2378 5524 haut;
2414 5389 2463 5524 en
2535 5389 2669 5524 ſor-

535 5522 596 5645 te
669 5522 936 5645 qu’elle
985 5522 1471 5645 l’empeſche
1544 5522 1824 5645 durant
1896 5522 1945 5645 ce
2042 5522 2297 5645 meſme
2370 5522 2662 5645 temps,

561 5646 618 5768 de
675 5646 755 5768 ne
812 5646 1155 5768 pouvoir
1201 5646 1327 5768 rien
1407 5646 1762 5768 attenter
1819 5646 1876 5768 au
1956 5646 2379 5768 contraire.
2471 5646 2642 5768 Voila

555 5776 595 5895 là
647 5776 700 5895 le
752 5776 910 5895 ſens
976 5776 1041 5895 de
1081 5776 1120 5895 la
1186 5776 1475 5895 figure.

1254 5939 1569 6153 Cercle
1907 5939 2087 6153 N6.

577 6142 870 6270 Alexandre
915 6142 949 6270 ſe
994 6142 1129 6270 volte
1163 6142 1196 6270 le
1241 6142 1354 6270 coſté
1433 6142 1624 6270 gauche
1703 6142 1928 6270 devant,
1996 6142 2041 6270 en
2120 6142 2311 6270 menant
2368 6142 2413 6270 au
2503 6142 2660 6270 meſme

655 6273 828 6400 teps
863 6273 909 6400 ſa
955 6273 1151 6400 pointe
1208 6273 1243 6400 de
1278 6273 1404 6400 haut
1450 6273 1485 6400 en
1531 6273 1612 6400 bas
1646 6273 2050 6400 l’entortillant
2107 6273 2142 6400 de
2188 6273 2246 6400 ſon
2303 6273 2407 6400 bras
2465 6273 2661 6400 gauche

663 6398 774 6525 avec
819 6398 1109 6525 eſlevation
1176 6398 1210 6525 du
1266 6398 1377 6525 pied
1422 6398 1645 6525 gauche,
1701 6398 1813 6525 pour
1869 6398 2126 6525 executer
2170 6398 2204 6525 ſa
2248 6398 2438 6525 poincte
2494 6398 2494 6525 à
2539 6398 2651 6525 tra-

676 6531 780 6656 vers
815 6531 861 6656 la
908 6531 1128 6656 poitrine
1198 6531 1221 6656 de
1267 6531 1325 6656 ſon
1383 6531 1789 6656 adverſaire.

1035 6670 1602 6803 LEXANDRE
1675 6670 2020 6803 pourſuit
2070 6670 2230 6803 ſans
2267 6670 2661 6803 intermiſ-

1003 6806 1133 6929 ſion
1204 6806 1654 6929 l’operation
1737 6806 2271 6929 precedente,
2330 6806 2377 6929 en
2448 6806 2661 6929 tour-

1007 6926 1190 7055 nant
1239 6926 1337 7055 les
1398 6926 1618 7055 pieds
1741 6926 1741 7055 &
1802 6926 1851 7055 le
1936 6926 2144 7055 corps
2230 6926 2266 7055 en
2377 6926 2658 7055 dedans

1004 7054 1188 7165 avec
1238 7054 1299 7165 le
1373 7054 1569 7165 coſté
1643 7054 1938 7165 gauche
2024 7054 2356 7165 devant,
2516 7054 2516 7165 &
2590 7054 2639 7165 au

3273 3530 3757 3635 LEXANDRE
3834 3530 4054 3635 cſtant
4142 3530 4505 3635 derechef
4571 3530 4802 3635 arrivé
4868 3530 4879 3635 à

3244 3665 3294 3785 la
3370 3665 3722 3785 Seconde
3785 3665 4138 3785 Inſtance
4213 3665 4264 3785 au
4352 3665 4616 3785 poin
4730 3665 4768 3785 G.
4881 3665 4893 3785 &

3258 3789 3476 3913 ayant
3597 3789 4153 3913 pareillement
4250 3789 4480 3913 eſlevé
4564 3789 4625 3913 le
4722 3789 4891 3913 pied

3264 3913 3447 4034 droit
3521 3913 3704 4034 pour
3753 3913 3924 4034 aller
3985 3913 3985 4034 à
4047 3913 4083 4034 la
4144 3913 4536 4034 troiſieme
4597 3913 4597 4034 à
4658 3913 4695 4034 la
4756 3913 4890 4034 let-

2788 4038 2892 4161 tre
3019 4038 3066 4161 N.
3123 4038 3169 4161 en
3239 4038 3620 4161 intention
3701 4038 3793 4161 d’y
3863 4038 4151 4161 donner
4209 4038 4590 4161 l’atteinte
4660 4038 4717 4161 au
4810 4038 4902 4161 vi-

2789 4164 2957 4283 ſage
3041 4164 3101 4283 de
3161 4164 3268 4283 ſon
3388 4164 3843 4283 Contraire:
3939 4164 3999 4283 au
4095 4164 4358 4283 meſme
4418 4164 4669 4283 temps
4789 4164 4789 4283 Z
4849 4164 4909 4283 A-

2814 4286 3122 4409 CHARIE
3228 4286 3512 4409 marche
3571 4286 3749 4409 avec
3796 4286 3855 4409 le
3902 4286 4080 4409 pied
4162 4286 4352 4409 droit
4470 4286 4482 4409 &
4541 4286 4588 4409 le
4683 4286 4896 4409 corps

2806 4411 3102 4535 eſtendu
3180 4411 3476 4535 juſqu’à
3592 4411 3644 4535 S.
3721 4411 3772 4535 le
3863 4411 4030 4535 pied
4120 4411 4417 4535 gauche
4507 4411 4907 4535 revenant

2790 4539 2977 4659 avec
3014 4539 3076 4659 le
3126 4539 3313 4659 talon
3375 4539 3537 4659 levé
3587 4539 3874 4659 juſqu’à
3924 4539 3961 4659 la
4023 4539 4248 4659 lettre
4360 4539 4397 4659 X.
4522 4539 4534 4659 &
4597 4539 4647 4659 au
4746 4539 4908 4659 meſ-

2818 4659 2896 4782 me
2964 4659 3223 4782 temps
3279 4659 3324 4782 il
3392 4659 3673 4782 courbe
3808 4659 3820 4782 &
3887 4659 4169 4782 tourne
4236 4659 4292 4782 le
4360 4659 4529 4782 bras
4608 4659 4889 4782 dedans

2791 4780 2904 4906 par
2979 4780 3217 4906 deſſus
3267 4780 3304 4906 la
3367 4780 3705 4906 hauteur
3780 4780 3843 4906 de
3905 4780 3943 4906 ſa
4005 4780 4243 4906 teſte,
4331 4780 4393 4906 de
4456 4780 4656 4906 ſorte
4744 4780 4907 4906 qu’il

2803 4906 2851 5033 en
2947 4906 3305 5033 acquiert
3377 4906 3496 5033 par
3556 4906 4213 5033 l’augmentation
4321 4906 4381 5033 de
4452 4906 4548 5033 ſes
4703 4906 4906 5033 Nom-

2787 5031 2958 5151 bres
3015 5031 3060 5151 la
3117 5031 3163 5151 ſu
3220 5031 3595 5151 periorité
3675 5031 3788 5151 des
3834 5031 4130 5151 lames,
4187 5031 4369 5151 pour
4437 5031 4733 5151 donner
4801 5031 4903 5151 en-

2803 5157 2966 5275 core
3024 5157 3036 5275 à
3106 5157 3200 5275 ſon
3328 5157 3725 5275 Contraire
3772 5157 3842 5275 un
3935 5157 4122 5275 coup
4204 5157 4753 5275 d’Imbrocade
4823 5157 4870 5275 au

2811 5283 3080 5402 viſage.

2949 5408 3581 5528 ALEXANDRE
3688 5408 4284 5528 S’appercevant
4368 5408 4487 5528 par
4547 5408 4606 5528 le
4678 5408 4904 5528 ſenti-

2818 5530 3010 5654 ment
3071 5530 3215 5654 tant
3287 5530 3348 5654 de
3408 5530 3444 5654 la
3516 5530 3998 5654 ſuperiorité
4094 5530 4214 5654 que
4311 5530 4371 5654 de
4443 5530 4876 5654 l’intention

2807 5656 2878 5758 de
2937 5656 3044 5758 ſon
3163 5656 3626 5758 Contraire,
3685 5656 3721 5758 il
3804 5656 4112 5758 divertit
4184 5656 4231 5758 la
4326 5656 4730 5758 demarche
4813 5656 4860 5758 en

2831 5779 3143 5903 mettant
3191 5779 3239 5903 le
3299 5779 3468 5903 pied
3528 5779 3528 5903 à
3612 5779 3804 5903 terre
3876 5779 3973 5903 ſur
4045 5779 4081 5903 la
4153 5779 4357 5903 ligne
4441 5779 4886 5903 collaterale

2796 5905 2964 6026 pres
3036 5905 3095 6026 de
3143 5905 3191 6026 la
3239 5905 3478 6026 lettre
3550 5905 3598 6026 L,
3634 5905 3993 6026 hauſſant
4100 5905 4112 6026 &
4160 5905 4543 6026 avançant
4615 5905 4902 6026 enſem-

2799 6027 3151 6154 blement
3200 6027 3248 6154 le
3321 6027 3491 6154 pied
3564 6027 3903 6154 gauche,
4049 6027 4049 6154 &
4122 6027 4498 6154 tournant
4558 6027 4607 6154 le
4704 6027 4886 6154 coſté

2808 6152 3129 6280 gauche,
3227 6152 3227 6280 &
3277 6152 3326 6280 le
3400 6152 3560 6280 bras
3646 6152 3831 6280 droit
3905 6152 4201 6280 eſtendu
4299 6152 4349 6280 en
4460 6152 4731 6280 dehors
4780 6152 4903 6280 par

2821 6276 3047 6379 deſſus
3095 6276 3142 6379 la
3190 6276 3535 6379 hauteur
3595 6276 3666 6379 de
3714 6276 3749 6379 ſa
3809 6276 4035 6379 teſte;
4083 6276 4261 6379 avec
4309 6276 4344 6379 la
4416 6276 4749 6379 branche
4809 6276 4904 6379 in-

2795 6401 3138 6532 terieure
3207 6401 3264 6532 de
3321 6401 3356 6532 ſa
3436 6401 3642 6532 garde
3699 6401 4031 6532 tournée
4100 6401 4363 6532 contre
4443 6401 4661 6532 mont;
4718 6401 4890 6532 dont

2797 6530 2833 6656 il
2881 6530 3253 6656 ſurprend
3313 6530 3421 6656 par
3481 6530 3529 6656 en
3601 6530 3721 6656 bas
3757 6530 3805 6656 la
3853 6530 4045 6656 lame
4129 6530 4573 6656 contraire,
4729 6530 4741 6656 &
4813 6530 4861 6656 en

2826 6651 3019 6782 mene
3079 6651 3115 6782 la
3175 6651 3501 6782 poine
3561 6651 3670 6782 par
3742 6651 3983 6782 deſſus
4019 6651 4067 6782 la
4128 6651 4465 6782 hauteur
4549 6651 4610 6782 de
4682 6651 4718 6782 ſa
4790 6651 4887 6782 te-

2800 6778 2941 6910 ſte;
2992 6778 3158 6910 ainſi
3222 6778 3376 6910 qu’il
3427 6778 3478 6910 ſe
3542 6778 3683 6910 voit
3734 6778 3785 6910 au
3862 6778 4245 6910 pourtrait
4322 6778 4373 6910 de
4437 6778 4757 6910 figures.

4762 7074 4897 7163 Cer-

2817 567 3081 694 meſme
3165 567 3465 694 temps,
3537 567 3585 694 en
3681 567 4053 694 tournant
4137 567 4185 694 du
4281 567 4616 694 poignet
4700 567 4760 694 de
4832 567 4880 694 la

2822 693 2970 825 main
3056 693 3105 825 la
3179 693 3450 825 pointe
3537 693 3586 825 de
3660 693 3795 825 ſon,
3857 693 4067 825 eſpee
4153 693 4215 825 de
4276 693 4461 825 haut
4535 693 4572 825 en
4658 693 4806 825 bas,
4868 693 4905 825 il

2794 817 3279 929 abandonne
3336 817 3371 929 la
3429 817 3613 929 lame
3682 817 4097 929 contraire,
4167 817 4213 929 en
4282 817 4570 929 ſerrant
4616 817 4651 929 la
4720 817 4893 929 ſien-

2798 946 2869 1068 ne
2940 946 3200 1068 contre
3247 946 3295 1068 ſa
3354 946 3732 1068 poitrine,
3780 946 3993 1068 icelle
4052 946 4549 1068 entortillant
4632 946 4703 1068 de
4762 946 4868 1068 ſon

2802 1068 2960 1201 bras
3046 1068 3400 1201 gauche;
3498 1068 3816 1201 eſlevant
3938 1068 3950 1201 &
4036 1068 4415 1201 avançant
4500 1068 4757 1201 quand
4879 1068 4891 1201 &

2807 1195 3057 1327 quand
3136 1195 3201 1327 un
3307 1195 3451 1327 bien
3543 1195 3661 1327 peu
3740 1195 3793 1327 le
3885 1195 4056 1327 pied
4148 1195 4516 1327 gauche,
4608 1195 4884 1327 juſqu’à

2793 1322 2831 1449 la
2881 1322 3118 1449 lettre
3205 1322 3268 1449 S,
3368 1322 3692 1449 portant
3754 1322 3792 1449 la
3879 1322 4154 1449 charge
4241 1322 4291 1449 du
4391 1322 4603 1449 corps
4678 1322 4778 1449 ſur
4840 1322 4890 1449 le

2821 1445 3074 1575 meſme
3150 1445 3467 1575 genouil
3517 1445 3707 1575 plié,
3745 1445 3796 1575 le
3871 1445 4036 1575 pied
4112 1445 4289 1575 droit
4365 1445 4656 1575 ſuivant
4732 1445 4896 1575 pro-

2859 1570 3589 1700 ortionnellement
3676 1570 3961 1700 juſqu’à
4047 1570 4097 1700 la
4183 1570 4406 1700 lettre
4530 1570 4580 1700 L.
4654 1570 4765 1700 ſur
4827 1570 4889 1700 le

2837 1694 3204 1823 Diametre
3280 1694 4015 1823 perpendiculaire,
4142 1694 4142 1823 &
4218 1694 4522 1823 dreſſant
4572 1694 4623 1823 ſa
4673 1694 4889 1823 poin-

2789 1826 2849 1946 te
2897 1826 2994 1946 ſur
3042 1826 3090 1946 le
3151 1826 3271 1946 bas
3332 1826 3404 1946 de
3452 1826 3489 1946 la
3549 1826 3887 1946 poitrine
3959 1826 4032 1946 de
4080 1826 4176 1946 ſon
4309 1826 4732 1946 Contraire,
4816 1826 4864 1946 en

2791 1946 2981 2077 ſorte
3057 1946 3209 2077 qu’il
3273 1946 3349 2077 ne
3425 1946 3615 2077 tient
3679 1946 3818 2077 qu’à
3894 1946 4021 2077 luy
4110 1946 4173 2077 de
4237 1946 4287 2077 le
4351 1946 4592 2077 jetter
4655 1946 4655 2077 à
4731 1946 4884 2077 l’en-

2805 2068 2953 2202 vers
3002 2068 3125 2202 par
3175 2068 3396 2202 terre,
3445 2068 3618 2202 ainſi
3679 2068 3815 2202 que
3864 2068 3962 2202 les
4036 2068 4455 2202 ſituations
4541 2068 4652 2202 des
4701 2068 4885 2202 figu-

2790 2203 2897 2322 res
2944 2203 2991 2322 le
3062 2203 3651 2322 repreſentant.

3544 2781 3866 2938 Cercle
4167 2781 4296 2938 .7.

2811 3000 3110 3126 Cependant
3198 3000 3619 3126 qu’Alexandre
3685 3000 3918 3126 chemine
3995 3000 4106 3126 avec
4161 3000 4194 3126 le
4261 3000 4371 3126 pied
4438 3000 4548 3126 droit
4626 3000 4792 3126 devers
4847 3000 4891 3126 la

2933 3122 3186 3245 Troiſieme
3232 3122 3509 3245 Inſtance;
3601 3122 3843 3245 Zacharie
3889 3122 3958 3245 luy
4004 3122 4096 3245 tire
4154 3122 4384 3245 derechef
4453 3122 4534 3245 une
4591 3122 4891 3245 Imbrocade

2910 3248 3073 3369 haute
3142 3248 3316 3369 devers
3374 3248 3397 3369 le
3455 3248 3687 3369 viſage,
3745 3248 3780 3369 en
3861 3248 4081 3369 prenant
4139 3248 4487 3369 l’aſſeurance
4568 3248 4603 3369 de
4661 3248 4696 3369 la
4754 3248 4893 3369 ſupe-

2915 3372 3118 3453 riorité.
