5520 7640
1397 532 1693 725 Cercle
1967 532 2150 725 N3.

678 733 967 869 Alexandre
1013 733 1256 869 plantant
1303 733 1326 869 le
1372 733 1488 869 pied
1534 733 1650 869 droit
1743 733 1754 869 &
1801 733 2206 869 s’appercevant
2264 733 2298 869 de
2345 733 2379 869 la
2414 733 2715 869 ſuperiorit.

756 863 992 995 perdue,
1041 863 1066 995 il
1104 863 1240 995 laiſſe
1290 863 1501 995 eſcouler
1550 863 1575 995 ſa
1625 863 1786 995 lame,
1898 863 1898 995 &
1948 863 1985 995 en
2047 863 2072 995 la
2146 863 2444 995 deſtachant
2506 863 2531 995 il
2581 863 2717 995 ſaut.

758 989 873 1117 avec
918 989 941 1117 le
987 989 1101 1117 pied
1147 989 1342 1117 gauche
1399 989 1410 1117 à
1456 989 1571 1117 coſté
1616 989 1651 1117 de
1697 989 1754 1117 ſon
1822 989 2234 1117 adverſaire,
2292 989 2360 1117 luy
2417 989 2635 1117 donnant
2669 989 2715 1117 ur

752 1124 872 1243 coup
926 1124 959 1243 de
1002 1124 1187 1243 revers
1231 1124 1241 1243 à
1285 1124 1318 1243 la
1372 1124 1622 1243 jambe.

1134 1251 1611 1384 LEXANDRE
1670 1251 2266 1384 s’appercevant
2314 1251 2433 1384 par
2481 1251 2528 1384 le
2576 1251 2719 1384 ſen-

1104 1383 1416 1508 timent,
1485 1383 1612 1508 que
1670 1383 1762 1508 ſon
1877 1383 2316 1508 Adverſaire
2362 1383 2489 1508 luy
2558 1383 2720 1508 con-

1098 1497 1313 1634 tinue
1361 1497 1409 1634 le
1468 1497 1683 1634 poids
1755 1497 1827 1634 de
1875 1497 1910 1634 ſa
1958 1497 2185 1634 lame,
2245 1497 2293 1634 en
2364 1497 2711 1634 pouſſant

1090 1629 1137 1751 la
1196 1629 1442 1751 ſienne
1513 1629 1666 1751 vers
1712 1629 1759 1751 le
1818 1629 1971 1751 bas,
2018 1629 2206 1751 pour
2253 1629 2370 1751 luy
2440 1629 2722 1751 donner

629 1755 1168 1883 l’Imbrocade
1229 1755 1278 1883 au
1364 1755 1646 1883 viſage;
1707 1755 1731 1883 il
1793 1755 1842 1883 en
1915 1755 2172 1883 hauſſe
2221 1755 2221 1883 à
2270 1755 2724 1883 l’advenant

631 1878 670 2002 la
735 1878 955 2002 garde
1071 1878 1071 2002 &
1136 1878 1188 2002 en
1252 1878 1446 2002 laiſſe
1524 1878 1938 2002 deſcendre
1990 1878 2029 2002 la
2106 1878 2365 2002 pointe
2430 1878 2443 2002 à
2507 1878 2727 2002 l’aide

656 2003 706 2127 du
781 2003 1105 2127 poignet
1180 2003 1230 2127 de
1280 2003 1330 2127 la
1417 2003 1629 2127 main;
1679 2003 1979 2127 ſautant
2054 2003 2116 2127 du
2191 2003 2353 2127 pied
2428 2003 2715 2127 gauche

652 2128 762 2255 qui
834 2128 919 2255 eſt
980 2128 1210 2255 eſlevé
1271 2128 1429 2255 vers
1477 2128 1514 2255 ſa
1574 2128 1853 2255 partie,
1926 2128 1975 2255 en
2096 2128 2363 2255 dehors
2423 2128 2472 2255 au
2593 2128 2727 2255 deſ-

626 2253 869 2380 ſoubs
906 2253 1307 2380 leCercle,
1343 2253 1525 2380 avec
1574 2253 1878 2380 pareille
1951 2253 2352 2380 eſlevation
2437 2253 2485 2380 du
2558 2253 2728 2380 pied

657 2378 904 2504 droit,
1002 2378 1298 2504 menant
1409 2378 1656 2504 quand
1779 2378 1779 2504 &
1866 2378 2125 2504 quand
2174 2378 2223 2504 la
2297 2378 2569 2504 charge
2655 2378 2717 2504 du

641 2507 861 2626 corps
922 2507 971 2626 en
1044 2507 1435 2626 panchant
1496 2507 1593 2626 ſur
1642 2507 1691 2626 le
1752 2507 1923 2626 pied
1984 2507 2302 2626 gauche,
2400 2507 2400 2626 &
2461 2507 2729 2626 durant

627 2630 675 2749 le
771 2630 1023 2749 meſme
1107 2630 1360 2749 temps
1444 2630 1901 2749 deſtachant
1961 2630 2069 2749 les
2141 2630 2442 2749 eſpees,
2610 2630 2610 2749 &
2682 2630 2718 2749 la

660 2751 920 2850 ſienne
965 2751 999 2850 la
1090 2751 1383 2850 menant
1429 2751 1700 2850 circula
1745 2751 2028 2850 iremẽt
2095 2751 2367 2850 dehaut
2446 2751 2491 2850 en
2570 2751 2717 2850 bas,

637 2879 695 2996 en
765 2879 951 2996 ſorte
1021 2879 1184 2996 qu’il
1242 2879 1289 2996 en
1358 2879 1486 2996 tire
1556 2879 1614 2996 un
1719 2879 1905 2996 coup
1998 2879 2056 2996 de
2138 2879 2393 2996 revers
2475 2879 2719 2996 diago-

624 2999 733 3119 nal
781 2999 830 3119 au
914 2999 1071 3119 gras
1132 2999 1192 3119 de
1241 2999 1289 3119 la
1338 2999 1592 3119 jambe
1664 2999 1906 3119 droite
1979 2999 2027 3119 de
2087 2999 2184 3119 ſon
2293 2999 2716 3119 Contraire.

631 3117 794 3256 ainſi
862 3117 1012 3256 qu’il
1067 3117 1162 3256 eſt
1217 3117 1421 3256 peint
1475 3117 1530 3256 en
1598 3117 1639 3256 la
1693 3117 1966 3256 figure.

1296 3279 1603 3457 Cercle
1844 3279 2086 3457 N.9.

625 3475 660 3608 Il
707 3475 940 3608 pourſuit
975 3475 1045 3608 ſon
1091 3475 1441 3608 adantage,
1488 3475 1523 3608 en
1581 3475 1779 3608 voltant
1825 3475 1849 3608 le
1895 3475 2035 3608 corps
2152 3475 2152 3608 &
2210 3475 2408 3608 faiſant
2466 3475 2629 3608 prinſe
2699 3475 2723 3608 de

735 3606 769 3734 la
849 3606 998 3734 Garde
1067 3606 1377 3734 Contraire,
1422 3606 1720 3734 cependant
1778 3606 1858 3734 que
1938 3606 2190 3734 Zacharie
2225 3606 2259 3734 ſe
2328 3606 2545 3734 prepare
2591 3606 2603 3734 à
2649 3606 2717 3734 luy

733 3737 1010 3859 preſenter
1070 3737 1299 3859 l’eſpee;
1371 3737 1407 3859 en
1468 3737 1540 3859 luy
1612 3737 1853 3859 aſſenant
1913 3737 2371 3859 conſequemment
2431 3737 2467 3859 ſa
2528 3737 2720 3859 pointe

753 3861 969 3966 deſſoubs
1017 3861 1258 3966 l’aixelle
1318 3861 1558 3966 droite.

1067 3974 1215 4127 ’Eſt
1252 3974 1301 4127 la
1363 3974 1770 4127 pourſuite
1832 3974 1893 4127 du
1967 3974 2461 4127 preeedent:
2522 3974 2572 4127 en
2646 3974 2732 4127 la-

1100 4123 1340 4252 quelle
1448 4123 2000 4252 ALEXANDRE
2120 4123 2312 4252 mene
2396 4123 2457 4252 le
2553 4123 2721 4252 pied

1096 4245 1281 4375 droit
1391 4245 1612 4375 eſlevé
1723 4245 1919 4375 d’une
2042 4245 2313 4375 grande
2423 4245 2718 4375 viſteſſe

1094 4371 1733 4496 circulairement
1850 4371 1850 4496 &
1908 4371 2059 4496 fort
2105 4371 2326 4496 avant
2384 4371 2501 4496 par
2582 4371 2721 4496 der-

632 4499 809 4618 riere
872 4499 923 4618 le
1012 4499 1367 4618 gauche,
1430 4499 1697 4618 lequel
1760 4499 1798 4618 il
1861 4499 2216 4618 pourſuit
2305 4499 2559 4618 quand
2711 4499 2724 4618 &

637 4623 877 4744 quand
934 4623 934 4744 à
1014 4623 1289 4744 eſlever
1346 4623 1392 4744 en
1461 4623 1633 4744 l’air:
1701 4623 1885 4744 dont
1976 4623 2446 4744 ZACHARIE
2514 4623 2720 4744 reco-

631 4740 1010 4874 gnoiſſant
1083 4740 1206 4874 que
1267 4740 1304 4874 ſa
1377 4740 1609 4874 partie
1683 4740 1988 4874 adverſe
2062 4740 2184 4874 luy
2245 4740 2649 4874 viendroit
2710 4740 2722 4874 à

641 4871 944 5005 gaigner
981 4871 1029 5005 la
1102 4871 1503 5005 crouppe,
1552 4871 1601 5005 au
1710 4871 1965 5005 meſme
2026 4871 2281 5005 temps
2317 4871 2354 5005 il
2403 4871 2621 5005 porte
2670 4871 2731 5005 le

632 4994 800 5115 pied
860 4994 1148 5115 gauche
1220 4994 1388 5115 avec
1460 4994 1508 5115 le
1568 4994 1760 5115 talon
1844 4994 2000 5115 levé
2060 4994 2108 5115 au
2204 4994 2337 5115 delà
2433 4994 2481 5115 du
2601 4994 2733 5115 Dia-

655 5115 871 5241 metre
919 5115 919 5241 à
979 5115 1147 5241 l’V,
1207 5115 1663 5241 preſentant
1723 5115 1843 5241 par
1915 5115 2083 5241 ainſi
2131 5115 2179 5241 le
2263 5115 2479 5241 corps
2539 5115 2719 5241 avec

622 5238 722 5366 les
772 5238 1022 5366 pieds,
1059 5238 1109 5366 le
1159 5238 1322 5366 bras
1397 5238 1609 5366 droit,
1709 5238 1709 5366 &
1759 5238 2034 5366 l’eſpee
2096 5238 2359 5366 devers
2409 5238 2509 5366 ſon
2609 5238 2734 5366 Cõ-

619 5364 884 5487 traire.
976 5364 1230 5487 Durant
1276 5364 1552 5487 lequel
1633 5364 2083 5487 mouvemẽt
2175 5364 2716 5487 ALEXANDRE

624 5486 751 5615 luy
814 5486 1246 5615 empoigne
1284 5486 1335 5615 la
1398 5486 1614 5615 garde
1677 5486 1791 5615 par
1855 5486 2185 5615 deſſous,
2248 5486 2286 5615 la
2337 5486 2730 5615 tournant

683 5618 695 5741 &
742 5618 967 5741 tirant
1015 5618 1026 5741 à
1074 5618 1192 5741 ſoy
1251 5618 1405 5741 vers
1453 5618 1512 5741 le
1559 5618 1713 5741 bas,
1749 5618 1926 5741 avec
1962 5618 2021 5741 le
2080 5618 2294 5741 corps
2353 5618 2649 5741 panché
2708 5618 2720 5741 à

627 5740 961 5858 l’envers
1012 5740 1115 5858 ſur
1166 5740 1205 5858 le
1269 5740 1436 5858 pied
1513 5740 1719 5858 droit,
1770 5740 1886 5858 qui
1937 5740 2027 5858 eſt
2079 5740 2387 5858 planté;
2451 5740 2721 5858 s’affer-

660 5865 930 5988 miſſant
979 5865 1028 5988 le
1077 5865 1248 5988 bras
1297 5865 1468 5988 avec
1517 5865 1554 5988 la
1628 5865 1848 5988 garde
1909 5865 1970 5988 de
2019 5865 2289 5988 l’eſpee
2362 5865 2619 5988 contre
2668 5865 2730 5988 le

637 5987 829 6112 coſté
902 5987 1130 6112 droit,
1190 5987 1239 6112 en
1311 5987 1660 6112 aſſenant
1768 5987 1768 6112 &
1840 5987 2262 6112 executant
2310 5987 2346 6112 la
2406 5987 2731 6112 poine

630 6114 690 6236 au
773 6114 964 6236 coſté
1048 6114 1226 6236 droit
1298 6114 1358 6236 de
1405 6114 1894 6236 l’adverſaire
1942 6114 2121 6236 avec
2169 6114 2216 6236 le
2276 6114 2574 6236 planter
2646 6114 2705 6236 du

630 6237 805 6364 pied
867 6237 1179 6364 gauche,
1229 6237 1279 6364 en
1341 6237 1541 6364 ſorte
1603 6237 1740 6364 que
1778 6237 1965 6364 ledit
2015 6237 2451 6364 adverſaire
2514 6237 2564 6364 en
2651 6237 2726 6364 eſt

635 6367 1036 6489 ſurmonté
1098 6367 1274 6489 tout
1349 6367 1349 6489 à
1424 6367 1587 6489 fait,
1674 6367 1850 6489 ſelon
1937 6367 2063 6489 que
2113 6367 2213 6489 les
2263 6367 2551 6489 figures
2639 6367 2739 6489 de-

667 6492 1110 6584 monſtrent.

813 6610 862 6746 Or
899 6610 936 6746 il
997 6610 1424 6746 adviendra
1497 6610 2047 6746 ſouventefois
2120 6610 2169 6746 en
2255 6610 2719 6746 pratiquant

636 6736 1091 6862 l’operation
1223 6736 1271 6862 du
1427 6736 1666 6862 Cercle
1750 6736 1798 6862 7.
1905 6736 2037 6862 que
2145 6736 2576 6862 ZACHARIE
2648 6736 2696 6862 en

662 6858 992 6989 donnant
1051 6858 1087 6989 la
1169 6858 1476 6989 courbe,
1523 6858 1606 6989 ira
1700 6858 1960 6989 croiſer
2007 6858 2125 6989 par
2184 6858 2231 6989 en
2302 6858 2479 6989 haut
2538 6858 2585 6989 la
2632 6858 2726 6989 la-

669 6987 748 7110 me
815 6987 1186 7110 contraire
1242 6987 1377 7110 aux
1478 6987 1848 7110 Nombres
1916 6987 1949 7110 6.
2028 6987 2084 7110 ou
2185 6987 2230 7110 7.
2286 6987 2466 7110 avec
2511 6987 2612 7110 les
2679 6987 2713 7110 7.

2896 519 2944 636 ou
3040 519 3076 636 8.
3160 519 3268 636 des
3328 519 3592 636 ſiens,
3664 519 3857 636 pour
3917 519 4361 636 l’aſſujettir
4493 519 4493 636 &
4553 519 4733 636 tirer
4794 519 4794 636 à
4878 519 4998 636 bas

2879 641 3059 761 avec
3119 641 3276 761 plus
3348 641 3408 761 de
3456 641 3962 761 ſuperiorité,
4010 641 4131 761 afin
4215 641 4347 761 d’en
4420 641 4781 761 acquerir
4829 641 4997 761 plus

2876 766 3194 881 aiſemẽt
3241 766 3712 881 l’execution
3807 766 3866 881 de
3913 766 4443 881 l’Imbrocade
4501 766 4984 881 pretendue:

2901 890 3006 1013 Sur
3124 890 3323 1013 quoy
3429 890 3992 1013 ALEXANDRE
4110 890 4391 1013 menera
4509 890 4884 1013 derechef
4943 890 4978 1013 la

2887 1013 3137 1135 garde,
3194 1013 3364 1135 avec
3421 1013 3455 1135 la
3523 1013 3864 1135 branche
3909 1013 4363 1135 interieure
4432 1013 4761 1135 tournée
4840 1013 4988 1135 ver-

2874 1140 3346 1264 ticalement
3393 1140 3511 1264 par
3582 1140 3818 1264 deſſus
3866 1140 3913 1264 la
3960 1140 4303 1264 hauteur
4385 1140 4456 1264 de
4527 1140 4574 1264 ſa
4645 1140 4834 1264 teſte
4917 1140 4964 1264 en

2873 1268 3164 1389 laiſſant
3227 1268 3670 1389 cependant
3721 1268 3886 1389 aller
3936 1268 3974 1389 la
4038 1268 4354 1389 poine
4405 1268 4569 1389 plus
4620 1268 4861 1389 baſſe,
4975 1268 4987 1389 &

2908 1394 3194 1513 menant
3242 1394 3290 1513 le
3349 1394 3528 1513 pied
3588 1394 3779 1513 droit
3826 1394 3993 1513 plus
4065 1394 4113 1513 en
4208 1394 4375 1513 deça
4446 1394 4494 1513 le
4613 1394 4983 1513 Diametre

2888 1521 3159 1621 devers
3196 1521 3246 1621 la
3295 1521 3517 1621 lettre
3628 1521 3665 1621 N.
3801 1521 3850 1621 Et
3912 1521 4209 1621 comme
4270 1521 4320 1621 au
4455 1521 4690 1621 Cercle
4776 1521 4813 1621 8.
4863 1521 4900 1621 il
4974 1521 4974 1621 a

2879 1650 3299 1769 pourſuivy
3356 1650 3810 1769 l’operation
3890 1650 4060 1769 avec
4117 1650 4185 1769 un
4287 1650 4469 1769 coup
4583 1650 4639 1769 de
4719 1650 4980 1769 revers

2874 1772 2994 1892 tiré
3066 1772 3066 1892 à
3139 1772 3187 1892 la
3247 1772 3560 1892 jambe;
3657 1772 3838 1892 ainſi
3922 1772 4464 1892 maintenant,
4548 1772 4584 1892 ſa
4669 1772 4982 1892 poine

2886 1898 3114 2018 eſtant
3162 1898 3439 2018 baiſſée
3499 1898 4004 2018 d’avantage,
4077 1898 4113 2018 il
4185 1898 4221 2018 en
4341 1898 4630 2018 menera
4702 1898 4750 2018 le
4822 1898 4991 2018 plus

2872 2024 3202 2145 ſouvent
3262 2024 3321 2145 un
3415 2024 3592 2145 coup
3675 2024 3734 2145 de
3793 2024 4053 2145 revers
4101 2024 4112 2145 à
4160 2024 4207 2145 la
4266 2024 4490 2145 teſte.
4644 2024 4987 2145 Pareille-

2899 2150 3082 2272 ment
3131 2150 3180 2272 au
3253 2150 3375 2272 lieu
3472 2150 3533 2272 de
3594 2150 3655 2272 ce
3729 2150 3839 2272 qui
3900 2150 3985 2272 eſt
4046 2150 4497 2272 repreſenté
4546 2150 4644 2272 ſur
4693 2150 4741 2272 le
4839 2150 4986 2272 Cer-

2890 2276 2979 2397 cle
3055 2276 3093 2397 9.
3182 2276 3334 2397 qu’il
3397 2276 3524 2397 fait
3588 2276 3829 2397 prinſe
3918 2276 3981 2397 de
4045 2276 4096 2397 la
4184 2276 4464 2397 garde,
4565 2276 4616 2397 au
4730 2276 4984 2397 meſme

2871 2404 3123 2521 temps
3195 2404 3327 2521 que
3375 2404 3483 2521 ſon
3591 2404 3974 2521 Contraire
4022 2404 4082 2521 ſe
4142 2404 4430 2521 tourne
4478 2404 4657 2521 avec
4705 2404 4981 2521 l’eſpee

2901 2524 3165 2647 devers
3202 2524 3366 2647 luy,
3403 2524 3441 2647 il
3491 2524 3919 2647 adviendra
3994 2524 4573 2647 quelquesfois
4635 2524 4799 2647 qu’il
4862 2524 4975 2647 luy

2870 2652 3005 2771 ſera
3053 2652 3504 2771 impoſſible
3577 2652 3638 2771 de
3699 2652 3760 2771 ce
3809 2652 4028 2771 faire;
4065 2652 4516 2771 toutesfois
4577 2652 4613 2771 il
4687 2652 4760 2771 ne
4833 2652 4979 2771 laiſ-

2867 2776 2997 2897 ſera
3079 2776 3540 2897 d’executer
3587 2776 3694 2897 ſur
3741 2776 3836 2897 ſon
3954 2776 4391 2897 Contraire,
4450 2776 4497 2897 en
4568 2776 4698 2897 luy
4745 2776 4982 2897 tirant

2870 2900 2981 3021 par
3043 2900 3106 3021 le
3155 2900 3391 3021 foible
3478 2900 3540 3021 de
3615 2900 3876 3021 l’eſpee
3963 2900 4099 3021 une
4174 2900 4534 3021 eſtocade
4596 2900 4646 3021 en
4745 2900 4993 3021 droite

2871 3028 3071 3168 ligne
3124 3028 3190 3168 au
3270 3028 3550 3168 viſage.

3609 3151 3939 3327 Cercle
4137 3151 4446 3327 N.10.

2898 3333 2910 3485 A
2968 3333 3201 3485 l’inſtant
3260 3333 3691 3485 qu’Alexandre
3738 3333 3867 3485 penſe
3948 3333 4147 3485 arriver
4217 3333 4228 3485 à
4287 3333 4322 3485 la
4415 3333 4684 3485 Troiſieme
4730 3333 4999 3485 Inſtance:

3017 3481 3271 3606 Zacharie
3338 3481 3625 3606 s’avance,
3736 3481 3736 3606 &
3791 3481 3858 3606 luy
3924 3481 4024 3606 tire
4101 3481 4333 3606 derechef
4378 3481 4455 3606 une
4510 3481 4820 3606 imbrocade
4886 3481 4897 3606 à
4953 3481 4986 3606 la

2978 3611 3233 3736 poitrine,
3263 3611 3376 3736 avec
3427 3611 3457 3736 le
3498 3611 3620 3736 coſté
3671 3611 3865 3736 gauche
3906 3611 4090 3736 tourné
4131 3611 4171 3736 en
4233 3611 4447 3736 devant.

3364 3749 3922 3863 LEXANDRE
3989 3749 4201 3863 apres
4268 3749 4469 3863 avoir
4536 3749 4882 3863 aſſujetti
4937 3749 4982 3863 la

3330 3870 3521 3986 lame
3592 3870 3974 3986 contraire
4022 3870 4022 3986 à
4081 3870 4117 3986 la
4201 3870 4558 3986 Seconde
4606 3870 5000 3986 Inſtance,

3329 3996 3362 4103 il
3407 3996 3890 4103 s’achemine
3957 3996 4114 4103 vers
4159 3996 4193 4103 la
4260 3996 4709 4103 troiſieme,
4777 3996 4833 4103 en
4889 3996 5001 4103 in-

3330 4123 3630 4240 tention
3714 4123 3810 4240 d’y
3858 4123 4039 4240 tirer
4075 4123 4507 4240 l’eſtocade
4568 4123 4580 4240 à
4652 4123 4688 4240 la
4784 4123 4988 4240 mode

2864 4241 3507 4371 accouſtumée:
3667 4241 3805 4371 Mais
3874 4241 4046 4371 auſſi
4115 4241 4253 4371 toſt
4333 4241 4494 4371 qu’il
4574 4241 4620 4371 en
4712 4241 4988 4371 appro-

2878 4358 2996 4476 che
3044 4358 3103 4476 le
3162 4358 3328 4476 pied
3423 4358 3423 4476 Z
3506 4358 3518 4476 A
3601 4358 3968 4476 CHARIE
4051 4358 4252 4476 vient
4312 4358 4691 4476 derechef
4750 4358 4987 4476 entrer

2870 4484 2969 4617 ſur
3019 4484 3180 4617 luy,
3242 4484 3279 4617 en
3365 4484 3687 4617 portant
3724 4484 3774 4617 le
3848 4484 4021 4617 pied
4096 4484 4269 4617 droit
4343 4484 4380 4617 en
4479 4484 4640 4617 deça
4715 4484 4764 4617 le
4863 4484 4999 4617 Dia-

2905 4612 3122 4738 metre
3194 4612 3531 4738 juſqu’au
3651 4612 3916 4738 poin
4001 4612 4049 4738 S.
4121 4612 4314 4738 avec
4398 4612 4808 4738 pourſuite
4916 4612 4964 4738 du

2867 4732 3052 4858 pied
3102 4732 3385 4858 gauche
3459 4732 3644 4858 avec
3681 4732 3743 4858 le
3793 4732 3978 4858 talon
4052 4732 4582 4858 levéjuſques
4632 4732 4644 4858 à
4718 4732 4854 4858 l’X.
4989 4732 4989 4858 &

2878 4856 3520 4987 enſemblement
3603 4856 3996 4987 avançant
4055 4856 4103 4987 le
4198 4856 4388 4987 coſté
4495 4856 4793 4987 gauche
4912 4856 4971 4987 du

2875 4978 3143 5103 corps,
3236 4978 3622 5103 courbant
3692 4978 3738 5103 le
3797 4978 3960 5103 bras
4042 4978 4147 5103 par
4217 4978 4462 5103 deſſus
4520 4978 4567 5103 la
4649 4978 4987 5103 hauteur

2877 5104 2946 5219 de
2992 5104 3038 5219 ſa
3096 5104 3337 5219 teſte,
3441 5104 3453 5219 &
3522 5104 3890 5219 tournant
3960 5104 4006 5219 la
4086 5104 4432 5219 branche
4524 5104 4985 5219 exterieure

2892 5231 2954 5358 de
3016 5231 3066 5358 ſa
3153 5231 3363 5358 garde
3450 5231 3500 5358 en
3586 5231 3834 5358 haut;
3946 5231 3958 5358 &
4033 5231 4144 5358 par
4194 5231 4367 5358 ainſi
4429 5231 4888 5358 preſentant
4938 5231 4975 5358 la

2863 5357 3137 5476 pointe
3220 5357 3279 5476 de
3327 5357 3363 5476 ſa
3410 5357 3613 5476 lame
3672 5357 3720 5476 en
3791 5357 4041 5476 forme
4112 5357 4660 5476 d’imbrocade
4731 5357 4910 5476 droit
4969 5357 4969 5476 à

2862 5480 2898 5611 la
2969 5480 3314 5611 poitrine
3398 5480 3457 5611 de
3517 5480 3624 5611 ſon
3719 5480 4183 5611 contraire:
4243 5480 4505 5611 iceluy
4588 5480 4635 5611 en
4754 5480 4981 5611 eſtant

2864 5608 3081 5726 forcé
3154 5608 3214 5726 de
3263 5608 3565 5726 planter
3601 5608 3661 5726 le
3710 5608 3891 5726 pied
3951 5608 4181 5726 eſlevé
4241 5608 4338 5726 ſur
4386 5608 4422 5726 la
4483 5608 4978 5726 traverſante

2870 5732 3148 5871 aupres
3224 5732 3287 5871 de
3337 5732 3375 5871 la
3438 5732 3666 5871 lettre
3792 5732 3830 5871 M.
3893 5732 3944 5871 le
4020 5732 4197 5871 pied
4273 5732 4563 5871 gauche
4652 5732 4993 5871 ſuyvant

2862 5858 3832 5976 proportionnellement
3889 5858 4143 5976 apres.

3025 5981 3217 6110 Ceſte
3289 5981 3673 6110 operation
3757 5981 3937 6110 vous
4009 5981 4081 6110 eſt
4129 5981 4237 6110 icy
4297 5981 4813 6110 repreſentée
4861 5981 4993 6110 im-

2864 6106 3224 6245 parfaite,
3259 6106 3456 6245 pour
3526 6106 3816 6245 donner
3886 6106 4037 6245 tant
4141 6106 4374 6245 mieux
4432 6106 4443 6245 à
4525 6106 4978 6245 cognoiſtre

2867 6231 3295 6370 l’intention
3383 6231 3446 6370 de
3534 6231 3925 6370 ZAcharie,
4013 6231 4026 6370 &
4064 6231 4114 6370 le
4177 6231 4429 6370 temps
4492 6231 4656 6370 qu’il
4719 6231 4731 6370 y
4794 6231 4983 6370 choi-

2864 6355 2933 6474 ſit
2991 6355 3189 6474 pour
3247 6355 3293 6474 le
3351 6355 3514 6474 plus
3595 6355 4153 6474 convenable;
4281 6355 4292 6474 &
4362 6355 4768 6474 comment
4850 6355 4977 6474 elle

2867 6482 2988 6612 luy
3061 6482 3195 6612 ſera
3267 6482 3680 6612 prevenue
3813 6482 3813 6612 &
3886 6482 4250 6612 annullée
4311 6482 4420 6612 par
4529 6482 4990 6612 ALExandre

2884 6606 2933 6747 en
3017 6606 3054 6747 la
3139 6606 3538 6747 pourſuite
3635 6606 3696 6747 de
3756 6606 4217 6747 l’operation
4302 6606 4810 6747 demonſtrée
4859 6606 4980 6747 par

2868 6734 2964 6822 les
3048 6734 3335 6822 Cercles
3383 6734 3765 6822 ſuivants.

4851 7198 4991 7287 Cer-
