5520 7640
1291 519 1599 699 Cercle
1836 519 2096 699 N.11.

576 749 882 864 Alexandre
917 749 976 864 eſt
1024 749 1153 864 forcé
1200 749 1212 864 à
1271 749 1554 864 deſtourner
1601 749 1625 864 le
1672 749 1778 864 coup
1837 749 1931 864 par
1978 749 2296 864 l’entremiſe
2343 749 2379 864 de
2426 749 2461 864 ſa
2508 749 2661 864 lame,

664 873 698 990 en
755 873 972 990 entrant
1029 873 1223 990 dedans
1258 873 1326 990 les
1372 873 1578 990 angles,
1658 873 1658 990 &
1703 873 1738 990 ſe
1783 873 2046 990 preparer
2092 873 2103 990 à
2138 873 2275 990 faire
2320 873 2355 990 la
2400 873 2549 990 volte.

1059 1014 1174 1139 Out
1250 1014 1301 1139 ce
1391 1014 1506 1139 qui
1569 1014 1582 1139 à
1672 1014 1799 1139 eſté
1876 1014 1965 1139 dit
2029 1014 2080 1139 au
2208 1014 2450 1139 Cercle
2514 1014 2654 1139 der-

1014 1138 1152 1261 nier
1203 1138 1682 1261 precedent,
1720 1138 1997 1261 ſeſtant
2048 1138 2212 1261 ainſi
2262 1138 2452 1261 paſſé
2502 1138 2666 1261 tant

1025 1268 1160 1389 d’un
1247 1268 1445 1389 coſté
1519 1268 1642 1389 que
1716 1268 2025 1389 d’autre,
2062 1268 2161 1389 les
2223 1268 2408 1389 deux
2494 1268 2655 1389 Con-

1008 1396 1278 1514 traires
1357 1396 1819 1514 s’avançent
1898 1396 1909 1514 à
2044 1396 2304 1514 meſme
2405 1396 2653 1514 temps

543 1522 663 1641 l’un
746 1522 1009 1641 contre
1092 1522 1427 1641 d’autre,
1463 1522 1761 1641 juſqu’à
1845 1522 1904 1641 ce
1964 1522 2095 1641 que
2215 1522 2669 1641 ZACHARIE

552 1648 856 1765 panche
903 1648 949 1765 le
1020 1648 1242 1765 corps
1289 1648 1394 1765 ſur
1441 1648 1499 1765 le
1569 1648 1827 1765 devãt,
1897 1648 2271 1765 courbant
2388 1648 2400 1765 &
2447 1648 2657 1765 tour-

544 1775 730 1893 nant
779 1775 829 1893 le
890 1775 1051 1893 bras
1162 1775 1175 1893 &
1212 1775 1496 1893 l’eſpee
1545 1775 1743 1893 pour
1780 1775 1904 1893 luy
1978 1775 2262 1893 donner
2312 1775 2670 1893 l’Imbro-

554 1898 779 2019 cade:
873 1898 1441 2019 ALEXANDRE
1512 1898 2126 2019 s’apperçevant
2209 1898 2339 2019 que
2398 1898 2433 2019 ſa
2504 1898 2658 2019 par-

557 2021 640 2142 tie
699 2021 1006 2142 adverſe
1053 2021 1183 2142 luy
1254 2021 1337 2142 eſt
1396 2021 1632 2142 venue
1691 2021 1714 2142 ſi
1773 2021 1998 2142 avant
2080 2021 2364 2142 dedans
2411 2021 2458 2142 la
2541 2021 2659 2142 me-

542 2146 731 2266 ſure,
778 2146 942 2266 qu’il
989 2146 1072 2266 ne
1119 2146 1166 2266 le
1225 2146 1589 2266 pourroit
1648 2146 1989 2266 toucher
2036 2146 2213 2266 avec
2260 2146 2307 2266 la
2377 2146 2660 2266 courbe

556 2273 952 2392 contraire
1010 2273 1243 2392 (ainſi
1312 2273 1475 2392 qu’il
1533 2273 1731 2392 avoit
1789 2273 1906 2392 fait
1975 2273 2464 2392 auparavant
2522 2273 2662 2392 aux

581 2400 875 2522 Cercles
936 2400 973 2522 2.
1095 2400 1095 2522 &
1169 2400 1242 2522 4.)
1304 2400 1561 2522 plante
1610 2400 1671 2522 au
1781 2400 2038 2522 meſme
2099 2400 2344 2522 temps
2393 2400 2442 2522 le
2503 2400 2674 2522 pied

543 2525 543 2642 à
603 2525 807 2642 terre
855 2525 855 2642 à
915 2525 951 2642 la
1010 2525 1238 2642 lettre
1370 2525 1406 2642 M.
1489 2525 1537 2642 en
1609 2525 2004 2642 avançant
2064 2525 2112 2642 le
2196 2525 2388 2642 coſté
2483 2525 2663 2642 droit

570 2650 619 2771 du
703 2650 921 2771 corps
982 2650 1369 2771 enſemble
1417 2650 1599 2771 avec
1647 2650 1696 2771 le
1744 2650 1913 2771 bras
2010 2650 2022 2771 &
2071 2650 2337 2771 l’eſpee
2398 2650 2664 2771 devers

544 2774 814 2896 l’eſpee
875 2774 1303 2896 contraire,
1340 2774 1389 2896 la
1463 2774 1977 2896 deſtournant
2099 2774 2112 2896 &
2173 2774 2528 2896 pouſſant
2602 2774 2651 2896 en

573 2900 849 3023 dehors
897 2900 1018 3023 par
1066 2900 1559 3023 l’oppoſition
1655 2900 1715 3023 de
1763 2900 1800 3023 la
1872 2900 2136 3023 ſienne
2184 2900 2365 3023 avec
2413 2900 2461 3023 ſa
2521 2900 2666 3023 gar-

562 3022 635 3147 de
696 3022 879 3147 baſſe
1001 3022 1001 3147 &
1050 3022 1086 3147 ſa
1160 3022 1428 3147 pointe
1477 3022 1758 3147 haute:
1819 3022 2343 3147 pourſuivant
2404 3022 2661 3147 quand

607 3153 607 3271 &
668 3153 922 3271 quand
970 3153 970 3271 à
1043 3153 1285 3271 volter
1321 3153 1382 3271 le
1430 3153 1612 3271 pied
1672 3153 1987 3271 gauche,
2035 3153 2435 3271 enſemble
2483 3153 2664 3271 avec

544 3276 614 3394 un
695 3276 1354 3394 tournoyement
1435 3276 1493 3394 du
1597 3276 1782 3394 coſté
1863 3276 2153 3394 gauche
2233 3276 2280 3394 en
2395 3276 2673 3394 dehors

547 3389 661 3519 par
737 3389 1067 3519 derriere
1106 3389 1372 3519 l’autre
1436 3389 1728 3519 juſqu’à
1804 3389 1956 3519 bien
2045 3389 2210 3519 pres
2273 3389 2337 3519 de
2400 3389 2515 3519 l’S.
2565 3389 2667 3519 ſur

547 3514 597 3645 le
672 3514 859 3645 coſté
946 3514 996 3645 du
1109 3514 1358 3645 quarré
1421 3514 1733 3645 inſcrit,
1808 3514 1858 3645 ſe
1920 3514 2282 3645 fourrant
2332 3514 2445 3645 par
2495 3514 2669 3645 ainſi

569 3639 853 3767 dedans
898 3639 1000 3767 les
1045 3639 1805 3767 perpendiculaires
1873 3639 1942 3767 de
1987 3639 2032 3767 la
2089 3639 2282 3767 lame
2339 3639 2668 3767 contrai-

557 3761 649 3879 re,
765 3761 776 3879 &
845 3761 1319 3879 continuant
1388 3761 1619 3879 encor
1677 3761 2011 3879 juſques
2081 3761 2288 3879 audit
2381 3761 2669 3879 dernier

553 3888 844 4009 inſtant
904 3888 904 4009 à
965 3888 1340 4009 regarder
1389 3888 1486 4009 ſon
1582 3888 1970 4009 contraire
2018 3888 2079 4009 au
2164 3888 2442 4009 viſage:
2503 3888 2672 4009 ainſi

569 4010 734 4140 qu’il
784 4010 873 4140 eſt
937 4010 1394 4140 clairement
1470 4010 1914 4140 demonſtré
1965 4010 2079 4140 par
2143 4010 2244 4140 les
2295 4010 2625 4140 figures.

1284 4197 1601 4371 Cercle
1827 4197 2167 4371 N.12.

561 4430 597 4558 Il
634 4430 732 4558 fait
768 4430 964 4558 l’action
1037 4430 1062 4558 de
1111 4430 1148 4558 la
1196 4430 1355 4558 volte,
1392 4430 1429 4558 en
1490 4430 1747 4558 tournant
1796 4430 1820 4558 le
1869 4430 1979 4558 coſté
2040 4430 2260 4558 gauche,
2309 4430 2431 4558 avec
2480 4430 2688 4558 l’aſſeu-

665 4572 809 4648 rante
881 4572 945 4648 des
985 4572 1145 4648 lamet

1046 4711 1524 4819 LEXANDRE
1611 4711 1979 4819 continue
2023 4711 2077 4819 le
2175 4711 2674 4819 mouvement

1030 4835 1654 4945 encommencé,
1698 4835 1753 4945 en
1818 4835 2201 4945 tournant
2256 4835 2672 4945 viſtement

1017 4961 1065 5095 le
1137 4961 1245 5095 cor
1293 4961 1389 5095 ps,
1497 4961 1509 5095 &
1557 4961 2073 5095 notamment
2121 4961 2181 5095 le
2265 4961 2457 5095 coſté
2517 4961 2673 5095 gau-

1042 5085 1167 5220 che
1217 5085 1380 5220 plus
1443 5085 1493 5220 en
1606 5085 1870 5220 dehors
1920 5085 1932 5220 à
1983 5085 2196 5220 l’aide
2271 5085 2372 5220 des
2422 5085 2673 5220 pieds,

556 5210 741 5349 avec
787 5210 833 5349 le
914 5210 1030 5349 dos
1099 5210 1364 5349 devers
1410 5210 1457 5349 ſa
1514 5210 1757 5349 partie
1826 5210 2276 5349 contraire,
2345 5210 2392 5349 en
2472 5210 2669 5349 ſorte

575 5339 736 5471 qu’il
786 5339 860 5471 ne
910 5339 972 5471 le
1021 5339 1207 5471 peut
1257 5339 1629 5471 regarder
1691 5339 1740 5471 en
1827 5339 1963 5471 ceſt
2000 5339 2298 5471 inſtant
2360 5339 2422 5471 au
2521 5339 2670 5471 viſa-

584 5462 680 5598 ge,
728 5462 1027 5598 laiſſant
1098 5462 1541 5598 toutesfois
1625 5462 2079 5598 cependant
2139 5462 2187 5598 le
2258 5462 2414 5598 bras
2498 5462 2689 5598 droit

563 5587 749 5730 avec
786 5587 1059 5730 l’eſpee
1121 5587 1481 5730 appuyée
1568 5587 1829 5730 contre
1879 5587 2152 5730 l’eſpee
2214 5587 2686 5730 adverſaire,

575 5719 622 5850 en
694 5719 729 5850 la
824 5719 1074 5850 meſme
1133 5719 1549 5850 ſituation,
1597 5719 1799 5850 qu’ils
1858 5719 2226 5850 eſtoyent
2286 5719 2690 5850 paravant;

568 5843 738 5979 ainſi
803 5843 960 5979 qu’il
1012 5843 1299 5979 paroiſt
1351 5843 1482 5979 aux
1534 5843 1874 5979 figures.

1276 6004 1584 6174 Cercle
1804 6004 2090 6174 N.

604 6196 898 6337 Alexandre
944 6196 1012 6337 luy
1068 6196 1216 6337 donne
1250 6196 1533 6337 l’atteinte
1567 6196 1601 6337 en
1658 6196 1783 6337 ſuite
1840 6196 1874 6337 de
1919 6196 1953 6337 la
1998 6196 2146 6337 volte,
2180 6196 2214 6337 en
2282 6196 2577 6337 deſtachant
2622 6196 2679 6337 les

682 6327 870 6467 lames,
952 6327 952 6467 &
1011 6327 1316 6467 conduiſant
1363 6327 1410 6467 ſa
1445 6327 1645 6467 pointe
1703 6327 1727 6467 de
1786 6327 1903 6467 haut
1962 6327 1997 6467 en
2044 6327 2114 6467 bas
2161 6327 2279 6467 avec
2326 6327 2349 6467 le
2396 6327 2513 6467 pied
2560 6327 2678 6467 gau-

679 6462 761 6589 che
807 6462 981 6589 eſlevé,
1039 6462 1213 6589 lequel
1236 6462 1271 6589 il
1306 6462 1480 6589 plante
1538 6462 1572 6589 en
1619 6462 1816 6589 faiſant
1862 6462 2222 6589 l’execution.

1056 6585 1564 6715 LEXANDRE
1666 6585 2186 6715 pourſuivant
2287 6585 2570 6715 encore
2626 6585 2672 6715 la

1066 6706 1313 6842 meſme
1430 6706 1900 6842 operation,
1971 6706 2253 6842 tourne
2323 6706 2382 6842 le
2488 6706 2676 6842 coſté

1088 6831 1336 6976 auche
1422 6831 1472 6976 du
1559 6831 1770 6976 corps
1881 6831 1881 6976 &
1956 6831 2055 6976 les
2117 6831 2328 6976 pieds
2414 6831 2675 6976 devers

1081 6962 1130 7091 on
1241 6962 1686 7091 Contraire,
1784 6962 1797 7091 &
1858 6962 1908 7091 au
2006 6962 2266 7091 meſme
2340 6962 2587 7091 temps
2648 6962 2685 7091 il

2820 489 3142 619 conduit
3204 489 3377 619 avec
3427 489 3476 619 le
3526 489 3848 619 poignet
3922 489 3984 619 de
4058 489 4095 619 ſa
4182 489 4331 619 main
4405 489 4454 619 le
4504 489 4640 619 plat
4727 489 4789 619 de
4863 489 4900 619 ſa

2839 615 2988 745 ame
3057 615 3126 745 de
3183 615 3367 745 haut
3424 615 3470 745 en
3539 615 3665 745 bas
3734 615 4205 745 alencontre
4285 615 4354 745 de
4400 615 4446 745 ſa
4515 615 4905 745 poitrine;

2808 740 3330 864 l’embraſſant
3441 740 3454 864 &
3516 740 3975 864 affermiſſãt
4025 740 4211 864 avec
4249 740 4298 864 le
4360 740 4522 864 bras
4584 740 4919 864 gauche,

2817 871 3135 997 portant
3194 871 3829 997 enſemblement
3876 871 3935 997 le
3982 871 4158 997 pied
4217 871 4511 997 gauche
4582 871 4629 997 en
4699 871 4911 997 avant

2821 996 2920 1120 par
3007 996 3169 1120 deça
3256 996 3306 1120 le
3406 996 3717 1120 Cercle,
3854 996 3866 1120 &
3929 996 4327 1120 avançant
4389 996 4489 1120 ſur
4551 996 4812 1120 iceluy
4862 996 4912 1120 la

2819 1125 3087 1247 charge
3148 1125 3209 1247 du
3295 1125 3526 1247 corps,
3587 1125 3916 1247 donnant
3965 1125 3977 1247 à
4026 1125 4074 1247 ſa
4123 1125 4367 1247 partie
4416 1125 4732 1247 adverſe
4769 1125 4915 1247 l’at-

2806 1249 3042 1373 teinte
3113 1249 3161 1373 au
3232 1249 3362 1373 bas
3421 1249 3492 1373 de
3539 1249 3575 1373 la
3645 1249 4012 1373 poitrine:
4083 1249 4130 1373 en
4201 1249 4402 1373 ſorte
4461 1249 4627 1373 qu’il
4698 1249 4781 1373 eſt
4840 1249 4887 1373 en

2841 1377 2841 1497 a
2900 1377 3300 1497 puiſſance
3370 1377 3629 1497 meſme
3700 1377 3758 1497 de
3805 1377 3864 1497 le
3900 1377 4135 1497 jetter
4182 1377 4182 1497 à
4241 1377 4594 1497 l’envers,
4641 1377 4676 1497 en
4758 1377 4923 1497 exe-

2817 1501 3075 1621 cutant
3146 1501 3239 1621 ſur
3286 1501 3404 1621 luy
3486 1501 3591 1621 ſon
3697 1501 4060 1621 eſtocade
4119 1501 4131 1621 à
4201 1501 4494 1621 travers
4565 1501 4612 1621 le
4694 1501 4905 1621 corps

2859 1625 2985 1748 vec
3035 1625 3438 1748 pourſuite
3564 1625 3564 1748 &
3614 1625 4005 1748 aſſiſtence
4080 1625 4131 1748 du
4206 1625 4370 1748 pied
4458 1625 4672 1748 droit.
4810 1625 4911 1748 Tel

2824 1754 2902 1871 eſt
2954 1754 3006 1871 le
3058 1754 3215 1871 ſens
3280 1754 3332 1871 de
3384 1754 3423 1871 la
3475 1754 3762 1871 figure.

2979 1877 3030 2000 Or
3080 1877 3257 2000 tout
3307 1877 3484 2000 ainſi
3547 1877 3674 2000 que
3787 1877 4242 2000 ZACHARIE
4305 1877 4317 2000 a
4381 1877 4621 2000 hauſſé
4671 1877 4709 2000 ſa
4785 1877 4924 2000 gar-

2834 2005 2884 2122 le
2934 2005 2996 2122 au
3109 2005 3347 2122 Cercle
3409 2005 3484 2122 11.
3522 2005 3534 2122 à
3585 2005 3797 2122 l’egal
3860 2005 3922 2122 de
3973 2005 4010 2122 ſa
4073 2005 4285 2122 teſte,
4323 2005 4511 2122 pour
4561 2005 4736 2122 tirer
4786 2005 4886 2122 ſon

2816 2127 3357 2230 Imbrocade;
3438 2127 3611 2230 dont
3714 2127 3738 2230 A
3807 2127 4371 2230 LEXANDRE
4440 2127 4452 2230 a
4532 2127 4670 2230 eſté
4751 2127 4912 2230 con-

2806 2252 3032 2368 traint
3115 2252 3174 2368 de
3234 2252 3270 2368 la
3341 2252 3804 2368 deſtourner
3864 2252 4042 2368 avec
4090 2252 4137 2368 le
4197 2252 4351 2368 bras
4482 2252 4494 2368 &
4565 2252 4601 2368 la
4696 2252 4910 2368 garde

2822 2373 3049 2502 haute
3112 2373 3163 2502 au
3238 2373 3516 2502 parage
3592 2373 3655 2502 de
3706 2373 4122 2502 l’eſpaule:
4211 2373 4375 2502 auſſi
4451 2373 4501 2502 ſe
4564 2373 4842 2502 pourra
4893 2373 4931 2502 il

2806 2497 2985 2625 faire
3093 2497 3224 2625 que
3343 2497 3343 2625 Z
3415 2497 3868 2625 ACHARIE
3952 2497 4524 2625 entreprendra
4620 2497 4680 2625 de
4751 2497 4918 2625 tirer

2807 2627 2916 2751 ſur
2965 2627 3086 2751 luy
3134 2627 3231 2751 les
3316 2627 3619 2751 meſmes
3668 2627 4250 2751 Imbrocades,
4347 2627 4650 2751 n’allant
4698 2627 4917 2751 point

2820 2750 2980 2873 plus
3030 2750 3202 2873 haut
3252 2750 3436 2873 avec
3486 2750 3535 2873 le
3597 2750 3757 2873 bras
3880 2750 3880 2873 &
3942 2750 4213 2873 l’eſpee
4299 2750 4422 2873 que
4484 2750 4595 2873 ſes
4669 2750 4928 2873 eſpau-

2803 2881 2936 2980 les;
3002 2881 3202 2980 voire
3268 2881 3445 2980 aſſez
3501 2881 3888 2980 ſouvent,
3955 2881 3988 2980 il
4099 2881 4553 2980 demeurera
4641 2881 4918 2980 encore

2817 3000 2970 3123 plus
3029 3000 3205 3123 bas,
3311 3000 3358 3123 en
3440 3000 3793 3123 taſchant
3875 3000 3946 3123 de
4028 3000 4310 3123 donner
4357 3000 4416 3123 le
4498 3000 4674 3123 coup
4745 3000 4792 3123 en
4874 3000 4909 3123 la

2818 3126 3054 3250 partie
3102 3126 3539 3250 inferieure
3610 3126 3657 3250 du
3752 3126 4000 3250 corps.
4119 3126 4166 3250 En
4261 3126 4521 3250 toutes
4592 3126 4923 3250 leſquel-

2847 3250 2903 3343 es
2980 3250 3380 3343 occaſions
3480 3250 3502 3343 A
3568 3250 4123 3343 LEXANDRE
4190 3250 4234 3343 ſe
4312 3250 4667 3343 defendra
4733 3250 4933 3343 touſ-

2805 3372 3016 3489 iours
3074 3372 3121 3489 en
3191 3372 3226 3489 la
3308 3372 3566 3489 meſme
3612 3372 3835 3489 ſorte,
3893 3372 3940 3489 en
4034 3372 4326 3489 menant
4373 3372 4548 3489 auſſi
4583 3372 4630 3489 ſa
4700 3372 4923 3489 garde

2871 3494 2871 3609 &
2928 3494 2973 3609 ſa
3018 3494 3221 3609 lame
3266 3494 3435 3609 plus
3480 3494 3671 3609 baſſe
3728 3494 3739 3609 à
3784 3494 4280 3609 l’advenant:
4415 3494 4415 3609 &
4494 3494 4911 3609 obſervant

2827 3613 2861 3739 en
2942 3613 3205 3739 toutes
3262 3613 3800 3739 occurrences
3868 3613 4475 3739 d’Imbrocades
4521 3613 4738 3739 tirées
4784 3613 4921 3739 ſoit

2840 3738 2898 3857 de
2945 3738 3131 3857 haut
3177 3738 3305 3857 ſoit
3387 3738 3445 3857 de
3515 3738 3666 3857 bas,
3736 3738 3805 3857 de
3875 3738 4131 3857 mettre
4189 3738 4236 3857 le
4294 3738 4515 3857 point
4573 3738 4608 3857 9.
4678 3738 4736 3857 ou
4817 3738 4922 3857 en-

2829 3865 3019 3983 viron
3101 3865 3362 3983 contre
3409 3865 3444 3983 la
3492 3865 3693 3983 lame
3752 3865 4213 3983 adverſaire,
4260 3865 4296 3983 la
4367 3865 4674 3983 poine
4757 3865 4934 3983 dreſ-

2819 3989 2916 4107 ſée
2976 3989 3532 4107 contremont,
3568 3989 3689 4107 afin
3774 3989 3931 4107 qu’il
3967 3989 4052 4107 ne
4100 3989 4342 4107 puiſſe
4402 3989 4571 4107 eſtre
4632 3989 4922 4107 touché

2833 4113 2881 4232 en
2952 4113 3071 4232 bas
3131 4113 3178 4232 au
3250 4113 3428 4232 long
3500 4113 3559 4232 de
3607 4113 3655 4232 ſa
3702 4113 3929 4232 lame,
3976 4113 4060 4232 ny
4119 4113 4167 4232 en
4238 4113 4417 4232 haut
4465 4113 4584 4232 par
4655 4113 4929 4232 deſſus.

2848 4238 2891 4327 Et
2946 4238 3249 4327 ſuivant
3314 4238 3368 4327 ce
3444 4238 4159 4327 commencement
4235 4238 4278 4327 la
4365 4238 4906 4327 continuation

2878 4361 2878 4481 &
2925 4361 3408 4481 l’execution
3490 4361 3549 4481 du
3631 4361 3819 4481 coup
3890 4361 3937 4481 en
4007 4361 4431 4481 recevront
4490 4361 4654 4481 auſſi
4725 4361 4937 4481 quel-

2832 4487 2968 4607 que
3029 4487 3558 4607 changement
3619 4487 3619 4607 à
3668 4487 4160 4607 l’advenant;
4210 4487 4320 4607 qui
4382 4487 4455 4607 eſt
4505 4487 4652 4607 fort
4701 4487 4923 4607 facile

2817 4615 2829 4732 à
2899 4615 3460 4732 comprendre,
3566 4615 3566 4732 &
3624 4615 3694 4732 ne
3753 4615 4104 4732 requiert
4151 4615 4373 4732 point
4466 4615 4747 4732 d’autre
4817 4615 4923 4732 ex-

2817 4742 3230 4850 plication.

2936 4857 3068 4983 Soit
3140 4857 3441 4983 obſervé
3501 4857 3549 4983 en
3633 4857 3742 4983 ces
3802 4857 3982 4983 trois
4066 4857 4355 4983 Cercles
4403 4857 4475 4983 11.
4523 4857 4607 4983 12.
4668 4857 4740 4983 13.
4788 4857 4920 4983 que

2829 4982 2888 5099 ce
2958 4982 3040 5099 ne
3099 4982 3263 5099 ſont
3333 4982 3451 5099 pas
3509 4982 3697 5099 trois
3791 4982 4131 5099 diverſes
4202 4982 4566 5099 aions,
4683 4982 4929 5099 diſtin-

2830 5104 3057 5232 guées
3117 5104 3165 5232 en
3248 5104 3428 5232 trois
3476 5104 3738 5232 temps
3798 5104 4181 5232 chaſcune
4228 5104 4240 5232 à
4300 5104 4456 5232 part
4515 5104 4671 5232 ſoy:
4730 5104 4934 5232 com-

2819 5231 2976 5358 bien
3061 5231 3194 5358 que
3230 5231 3279 5358 la
3339 5231 3956 5358 repreſentation
4041 5231 4089 5358 en
4162 5231 4295 5358 ſoit
4343 5231 4512 5358 ainſi
4585 5231 4754 5358 faite
4803 5231 4924 5358 par

2819 5360 3133 5481 articles
3206 5360 3254 5481 en
3351 5360 3617 5481 faveur
3702 5360 3823 5481 des
3919 5360 4294 5481 Diſciples,
4343 5360 4536 5481 pour
4597 5360 4754 5481 leur
4814 5360 4923 5481 de-

2843 5483 3203 5603 monſtrer
3251 5483 3347 5603 les
3407 5483 3888 5603 principales
3948 5483 4524 5603 obſervations,
4560 5483 4740 5603 ſelon
4800 5483 4920 5603 leſ-

2834 5609 3125 5732 quelles
3176 5609 3251 5732 ils
3302 5609 3352 5732 ſe
3416 5609 3744 5732 doivent
3795 5609 4073 5732 regler.
4186 5609 4288 5732 Car
4351 5609 4603 5732 quand
4641 5609 4717 5732 ils
4768 5609 4780 5732 y
4844 5609 4932 5732 ſe-

2818 5731 2985 5853 ront
3045 5731 3319 5853 ſtylez,
3391 5731 3462 5853 ils
3534 5731 4095 5853 pratiqueront
4166 5731 4381 5853 toute
4453 5731 4894 5853 l’operation

2845 5857 2905 5980 de
2953 5857 3146 5980 bout
3218 5857 3266 5980 en
3338 5857 3531 5980 bout
3591 5857 3796 5980 d’une
3844 5857 3880 5980 ſi
3928 5857 4253 5980 parfaite
4325 5857 4927 5980 promptitude,

2835 5984 2969 6105 que
3017 5984 3114 6105 les
3187 5984 3478 6105 parties
3538 5984 3647 6105 icy
3720 5984 4278 6105 repreſentées
4350 5984 4363 6105 y
4423 5984 4678 6105 ſeront
4738 5984 4920 6105 pluſ-

2824 6109 2968 6232 toſt
3052 6109 3557 6232 recogneues
3630 6109 3750 6232 par
3834 6109 4339 6232 imagination
4459 6109 4592 6232 que
4664 6109 4772 6232 par
4868 6109 4904 6232 la

2827 6246 3039 6322 veuë.
