5520 7640
1617 556 1997 757 Rvoilà
2131 556 2377 757 donc
2467 556 2534 757 en
2646 556 2780 757 ces
2892 556 3138 757 deux
3272 556 3809 757 Tableaux
3966 556 4190 757 VIl.
4369 556 4391 757 &
4548 556 4861 757 VIII.
4928 556 5063 757 les

1518 758 1982 918 operations
2048 758 2167 918 qui
2207 758 2260 918 ſe
2313 758 2790 918 preſentent
2856 758 3506 918 ordinairement
3559 758 3559 918 à
3625 758 3797 918 faire
3890 758 4155 918 contre
4235 758 4420 918 ceux
4500 758 4619 918 qui
4685 758 4844 918 ſont
4910 758 5016 918 ac-

1522 908 1998 1055 couſtumez
2054 908 2054 1055 à
2110 908 2278 1055 tirer
2348 908 2460 1055 des
2502 908 2754 1055 armes
2810 908 2965 1055 ſans
3007 908 3287 1055 l’uſage
3357 908 3413 1055 du
3469 908 3959 1055 ſentiment.
4085 908 4141 1055 En
4225 908 4422 1055 ſorte
4506 908 4646 1055 que
4702 908 5024 1055 l’utilité

1506 1050 1563 1195 en
1648 1050 1733 1195 eſt
1790 1050 2158 1195 evidente
2243 1050 2427 1195 d’elle
2541 1050 2838 1195 meſme.
3008 1050 3136 1195 Mais
3193 1050 3604 1195 touchant
3660 1050 4256 1195 ſpecialément
4298 1050 4355 1195 le
4468 1050 4652 1195 VIII.
4709 1050 4766 1195 je
4851 1050 5021 1195 croy

1520 1192 1689 1341 qu’il
1731 1192 1801 1341 ne
1857 1192 2125 1341 faudra
2195 1192 2307 1341 pas
2378 1192 2631 1341 d’eſtre
2687 1192 2982 1341 reprins
3039 1192 3095 1341 en
3165 1192 3207 1341 la
3264 1192 3432 1341 plus
3475 1192 3643 1341 part
3714 1192 3770 1341 de
3826 1192 3925 1341 ſes
3995 1192 4712 1341 demonſtrations
4782 1192 4839 1341 en
4923 1192 5022 1341 ces

1500 1335 2134 1479 renuerſemens
2202 1335 2256 1479 du
2323 1335 2485 1479 bras
2526 1335 2539 1479 à
2607 1335 2863 1479 porter
2931 1335 2985 1479 en
3052 1335 3241 1479 haut
3295 1335 3295 1479 à
3349 1335 3565 1479 l’egal
3632 1335 3700 1479 de
3740 1335 3781 1479 la
3848 1335 4037 1479 teſte
4105 1335 4159 1479 ou
4240 1335 4577 1479 encores
4631 1335 4847 1479 plus,
4955 1335 4996 1479 en

645 1474 700 1622 ce
754 1474 918 1622 ſaut
959 1474 972 1622 à
1027 1474 1204 1622 faire
1272 1474 1545 1622 depuis
1600 1474 1899 1622 environ
1968 1474 2008 1622 la
2090 1474 2513 1622 Troiſieme
2567 1474 2935 1622 Inſtance
2976 1474 3304 1622 juſques
3344 1474 3344 1622 à
3413 1474 3617 1622 coſté
3685 1474 3753 1622 de
3794 1474 4340 1622 l’adverſaire,
4421 1474 4435 1622 &
4490 1474 4544 1622 en
4626 1474 4735 1622 ces
4789 1474 5035 1622 voltes

656 1615 710 1761 du
792 1615 1009 1761 corps
1064 1615 1227 1761 tant
1281 1615 1567 1761 hautes
1635 1615 1757 1761 que
1812 1615 2084 1761 baſſes,
2152 1615 2261 1761 qui
2301 1615 2818 1761 ſembleront
2873 1615 2873 1761 à
2941 1615 3321 1761 pluſieurs
3376 1615 3566 1761 eſtre
3634 1615 3743 1761 des
3838 1615 4423 1761 mouvements
4477 1615 4913 1761 eſtranges,
5008 1615 5021 1761 &

634 1757 1061 1903 extremes,
1155 1757 1155 1903 &
1235 1757 1342 1903 qui
1395 1757 1489 1903 eſt
1529 1757 1582 1903 le
1636 1757 1783 1903 pire
1863 1757 1916 1903 de
1970 1757 2197 1903 tout,
2264 1757 2918 1903 deſavantageux
2972 1757 3159 1903 pour
3226 1757 3439 1903 celuy
3506 1757 3626 1903 qui
3666 1757 3760 1903 les
3813 1757 4201 1903 voudroit
4308 1757 4575 1903 mettre
4655 1757 4695 1903 en
4789 1757 5029 1903 prati-

638 1897 801 2043 que.
910 1897 1305 2043 Auxquels
1359 1897 1386 2043 il
1441 1897 1713 2043 faudra
1767 1897 2243 2043 reſpondre,
2297 1897 2420 2043 que
2474 1897 2556 2043 les
2610 1897 2869 2043 fautes
2937 1897 3358 2043 commiſes
3426 1897 3440 2043 a
3508 1897 3957 2043 l’encontre
4038 1897 4147 2043 des
4215 1897 4460 2043 regles
4528 1897 4596 2043 ne
4691 1897 5017 2043 doivent

622 2035 1121 2185 prejudicier
1177 2035 1191 2185 à
1246 2035 1288 2185 la
1357 2035 1760 2185 certitude
1829 2035 1885 2185 de
1940 2035 2093 2185 l’art
2176 2035 2481 2185 meſme.
2634 2035 2731 2185 Car
2801 2035 3120 2185 encores
3189 2035 3314 2185 que
3356 2035 3411 2185 le
3480 2035 3786 2185 diſciple
3883 2035 4216 2185 malverſé
4285 2035 4424 2185 n’en
4507 2035 4743 2185 puiſſe
4826 2035 5021 2185 venir

623 2174 623 2326 à
693 2174 917 2326 bout,
959 2174 1393 2326 toutesfois
1463 2174 1546 2326 les
1602 2174 2022 2326 preceptes
2078 2174 2218 2326 n’en
2288 2174 2581 2326 laiſſent
2637 2174 2763 2326 pas
2833 2174 3071 2326 d’eſtre
3127 2174 3407 2326 juſtes.
3574 2174 3924 2326 Parquoy
3980 2174 4106 2326 s’ils
4148 2174 4246 2326 les
4316 2174 4637 2326 veulent
4707 2174 5029 2326 repren-

653 2315 747 2467 dre
788 2315 828 2467 il
869 2315 1031 2467 faut
1112 2315 1261 2467 qu’il
1315 2315 1504 2467 nous
1572 2315 2180 2467 demonſtrent,
2247 2315 2409 2467 qu’il
2463 2315 2477 2467 y
2531 2315 2545 2467 a
2626 2315 2680 2467 de
2734 2315 2774 2467 la
2828 2315 3045 2467 faute
3112 2315 3153 2467 en
3220 2315 3261 2467 la
3342 2315 3991 2467 demonſtration
4099 2315 4437 2467 meſme,
4504 2315 4828 2467 comme
4882 2315 5018 2467 n’a-

639 2462 810 2612 yant
863 2462 981 2612 pas
1034 2462 1073 2612 le
1139 2462 1403 2612 temps
1455 2462 1521 2612 ou
1587 2462 1626 2612 la
1692 2462 2193 2612 preparation
2272 2462 2338 2612 ou
2403 2462 2443 2612 la
2535 2462 3062 2612 commodité
3115 2462 3431 2612 requiſe
3483 2462 3668 2612 pour
3760 2462 4037 2612 mettre
4102 2462 4155 2612 en
4300 2462 4524 2612 œuvre
4603 2462 4656 2612 ce
4748 2462 5011 2612 qu’elle

660 2602 1023 2749 monſtre.
1184 2602 1278 2749 Car
1358 2602 1412 2749 de
1479 2602 1614 2749 dire
1694 2602 1815 2749 que
1882 2602 1936 2749 ce
1990 2602 2164 2749 ſont
2232 2602 2339 2749 des
2447 2602 3011 2749 mouvements
3091 2602 3508 2749 extremes,
3575 2602 3709 2749 cela
3790 2602 4233 2749 n’importe
4300 2602 4327 2749 ſi
4408 2602 4462 2749 ce
4542 2602 4717 2749 n’eſt
4811 2602 5026 2749 qu’ils

612 2741 812 2887 nous
874 2741 924 2887 en
1049 2741 1487 2887 monſtrent
1562 2741 1661 2887 des
1711 2741 1974 2887 autres
2036 2741 2199 2887 plus
2249 2741 2561 2887 faciles,
2624 2741 2736 2887 qui
2786 2741 3073 2887 ſoyent
3148 2741 3686 2887 neantmoins
3773 2741 4323 2887 convenables
4385 2741 4435 2887 en
4523 2741 4623 2887 ces
4710 2741 5022 2887 meſmes

628 2880 1066 3031 occaſions.
1211 2880 1304 3031 Car
1357 2880 1543 3031 tout
1609 2880 1662 3031 ce
1742 2880 1861 3031 que
1914 2880 2113 3031 nous
2166 2880 2458 3031 faiſons
2498 2880 2988 3031 l’adverſaire
3041 2880 3240 3031 nous
3307 2880 3320 3031 y
3373 2880 3612 3031 force:
3704 2880 3718 3031 &
3771 2880 4089 3031 partant
4155 2880 4513 3031 combien
4619 2880 4739 3031 que
4792 2880 4831 3031 la
4898 2880 5017 3031 loy

639 3015 691 3165 de
744 3015 992 3165 ſuivre
1044 3015 1149 3165 les
1227 3015 1803 3165 mouvements
1855 3015 2208 3165 naturels
2273 3015 2482 3165 doive
2548 3015 2731 3165 eſtre
2770 3015 3254 3165 inviolable,
3306 3015 3750 3165 toutesfois
3790 3015 3829 3165 il
3881 3015 4038 3165 faut
4103 3015 4496 3165 entendre
4587 3015 4718 3165 que
4770 3015 4822 3165 la
4901 3015 5032 3165 ne-

631 3156 876 3314 ceſsité
948 3156 1093 3314 n’en
1165 3156 1179 3314 a
1237 3156 1482 3314 nulle,
1583 3156 1583 3314 &
1655 3156 1915 3314 qu’elle
1973 3156 2319 3314 enfonce
2377 3156 2651 3314 toutes
2694 3156 2853 3314 loix
2940 3156 3315 3314 quelques
3387 3156 3675 3314 ſtables
3748 3156 4065 3314 qu’elles
4123 3156 4483 3314 puiſſent
4556 3156 4772 3314 eſtre.
4960 3156 5032 3314 Ce

633 3301 763 3449 que
815 3301 1010 3449 nous
1075 3301 1504 3449 alleguons
1556 3301 1750 3449 pour
1802 3301 1945 3449 une
2010 3301 2400 3449 reſponce
2491 3301 2906 3449 generalle.
2971 3301 3088 3449 qui
3140 3301 3517 3449 pourroit
3595 3301 3764 3449 eſtre
3829 3301 4075 3449 tenue
4140 3301 4335 3449 pour
4400 3301 4855 3449 ſuffiſante,
4907 3301 5024 3449 en-

614 3430 816 3587 cores
905 3430 1031 3587 que
1082 3430 1170 3587 les
1258 3430 1839 3587 mouvements
1877 3430 1991 3587 icy
2054 3430 2572 3587 repreſentez
2623 3430 2913 3587 fuſſent
2989 3430 3254 3587 contre
3305 3430 3343 3587 la
3406 3430 3747 3587 nature,
3823 3430 3873 3587 ce
3949 3430 4063 3587 qui
4113 3430 4201 3587 eſt
4265 3430 4707 3587 toutesfois
4757 3430 5022 3587 autre-

638 3572 870 3713 ment.
999 3572 1115 3713 Car
1166 3572 1502 3713 encores
1566 3572 1785 3713 qu’ils
1824 3572 2121 3713 ſoyent
2185 3572 2546 3713 difficiles
2585 3572 2598 3713 à
2662 3572 3075 3713 pratiquer
3165 3572 3230 3713 du
3320 3572 4120 3713 commencement,
4210 3572 4261 3713 ce
4339 3572 4880 3713 neantmoins
4945 3572 5022 3713 ils

600 3709 809 3858 nous
849 3709 1019 3858 ſont
1084 3709 1385 3858 rendus
1464 3709 1582 3858 par
1634 3709 2040 3858 l’exercice
2118 3709 2603 3858 tresfaciles,
2707 3709 2747 3858 en
2838 3709 3035 3858 ſorte
3126 3709 3310 3858 qu’en
3401 3709 3532 3858 lieu
3650 3709 3663 3858 &
3715 3709 3977 3858 temps
4043 3709 4108 3858 on
4200 3709 4318 3858 s’en
4383 3709 4527 3858 ſert
4592 3709 4776 3858 avec
4841 3709 5024 3858 tres-

614 3850 892 4006 bonne
959 3850 1197 4006 graçe,
1264 3850 1463 4006 voire
1516 3850 1701 4006 avec
1754 3850 1900 4006 une
1953 3850 2245 4006 viſteſſe
2298 3850 2841 4006 incroyable,
2947 3850 2947 4006 &
3014 3850 3186 4006 avec
3239 3850 3319 4006 un
3385 3850 3756 4006 heureux
3809 3850 4074 4006 ſuccés
4127 3850 4591 4006 procedant
4671 3850 4804 4006 non
4896 3850 5016 4006 par

604 3993 906 4142 hazard
989 3993 1140 4142 mais
1209 3993 1277 4142 de
1319 3993 1360 4142 la
1428 3993 1717 4142 ſevreté
1799 3993 1854 4142 de
1909 3993 2088 4142 l’art,
2129 3993 2376 4142 fondé
2459 3993 2500 4142 en
2582 3993 2816 4142 raiſon
2898 3993 3324 4142 naturelle.
3544 3993 3654 4142 Ces
3750 3993 4162 4142 exemples
4231 3993 4299 4142 ne
4409 3993 4725 4142 doivent
4822 3993 5014 4142 donc

620 4136 738 4278 pas
791 4136 962 4278 eſtre
1028 4136 1318 4278 tenues
1371 4136 1555 4278 pour
1621 4136 1898 4278 choſes
1950 4136 2227 4278 contre
2346 4136 2636 4278 Nature,
2688 4136 2847 4278 puis
2926 4136 3044 4278 que
3110 4136 3268 4278 c’eſt
3321 4136 3360 4278 la
3426 4136 3703 4278 nature
3795 4136 4072 4278 meſme
4164 4136 4270 4278 qui
4322 4136 4454 4278 non
4546 4136 5021 4278 ſeulement

606 4274 698 4421 les
750 4274 1051 4421 avoüe,
1143 4274 1300 4421 mais
1392 4274 1653 4421 meſme
1706 4274 1797 4421 les
1863 4274 2256 4421 enſeigne,
2321 4274 2583 4421 quand
2649 4274 2766 4421 elle
2832 4274 2923 4421 eſt
2976 4274 3290 4421 reduite
3342 4274 3408 4421 au
3500 4274 3722 4421 point
3840 4274 3892 4421 de
3958 4274 4036 4421 ne
4089 4274 4442 4421 pouvoir
4495 4274 5018 4421 autrement;

612 4415 802 4562 tout
843 4415 1033 4562 ainſi
1101 4415 1360 4562 qu’elle
1469 4415 1796 4562 monſtre
1850 4415 1850 4562 à
1904 4415 2313 4562 l’homme
2367 4415 2612 4562 eſtant
2667 4415 2966 4562 tombe
3020 4415 3075 4562 en
3143 4415 3306 4562 l’eau
3388 4415 3537 4562 l’art
3606 4415 3674 4562 de
3728 4415 3769 4562 la
3823 4415 4055 4562 nage;
4123 4415 4368 4562 jaçoit
4436 4415 4572 4562 que
4640 4415 4830 4562 ledit
4912 4415 5021 4562 art

630 4556 963 4707 conſiſte
1017 4556 1070 4707 en
1163 4556 1270 4707 des
1350 4556 1924 4707 mouvements
1977 4556 2124 4707 fort
2191 4556 2644 4707 eſtranges,
2751 4556 2751 4707 &
2818 4556 2871 4707 du
2965 4556 3725 4707 commencement
3779 4556 3925 4707 fort
4005 4556 4352 4707 difficiles
4432 4556 4432 4707 à
4512 4556 5019 4707 apprendre:

648 4696 1002 4844 deſquels
1045 4696 1073 4844 il
1116 4696 1172 4844 ſe
1229 4696 1428 4844 rend
1484 4696 1924 4844 toutesfois
1981 4696 2108 4844 par
2151 4696 2562 4844 l’exercice
2619 4696 2647 4844 ſi
2718 4696 3087 4844 capable,
3172 4696 3342 4844 qu’il
3399 4696 3512 4844 n’y
3583 4696 3583 4844 a
3668 4696 4080 4844 perſonne
4136 4696 4193 4844 au
4349 4696 4675 4844 Monde,
4760 4696 4874 4844 qui
4945 4696 5016 4844 ne

634 4831 976 4958 confeſſe
1058 4831 1181 4958 que
1236 4831 1428 4958 ledit
1483 4831 1579 4958 art
1633 4831 1716 4958 ne
1784 4831 1921 4958 ſoit
2017 4831 2072 4958 du
2154 4831 2332 4958 tout
2387 4831 2838 4958 accordant
2893 4831 2893 4958 à
2948 4831 2989 4958 la
3126 4831 3427 4958 Nature.
