5520 7640
990 1655 1924 1839 DISCOVRS
2168 1655 2473 1839 SVR
2716 1655 2879 1839 LA
3143 1655 4159 1839 DIVERSITE
4423 1655 4687 1839 DES

1378 1844 1794 1975 POIDS.
1923 1844 2539 1975 SERVANT
2711 1844 3915 1975 D’INTRODVCTION
4073 1844 4187 1975 AV

2062 2008 2637 2119 TABLEAV
2824 2008 3499 2119 NEVFIEME

1567 2241 1707 2462 Vis
1807 2241 2026 2462 qu’il
2126 2241 2226 2462 eſt
2346 2241 2765 2462 evident
2865 2241 3025 2462 par
3105 2241 3224 2462 les
3384 2241 4322 2462 Demonſtrations
4402 2241 4981 2462 preceden-

1469 2449 1603 2599 tes,
1671 2449 1792 2599 que
1846 2449 1940 2599 les
2007 2449 2236 2599 coups
2303 2449 2505 2599 qu’on
2586 2449 2720 2599 tire
2814 2449 2868 2599 de
2909 2449 3164 2599 loing,
3205 2449 3379 2599 ſont
3433 2449 4066 2599 accompagnez
4146 2449 4281 2599 d’un
4389 2449 4725 2599 extreme
4806 2449 4967 2599 dan-

1486 2596 1631 2740 ger,
1718 2596 1733 2740 &
1776 2596 1921 2740 s’ils
1980 2596 2415 2740 reuſſiſſent
2473 2596 2982 2740 aucunefois,
3040 2596 3171 2740 que
3258 2596 3403 2740 c’eſt
3461 2596 3795 2740 pluſtoſt
3853 2596 3969 2740 par
4028 2596 4318 2740 hazard
4376 2596 4507 2740 que
4565 2596 4681 2740 par
4725 2596 4972 2740 ſcien-

1484 2730 1567 2877 ce;
1636 2730 1663 2877 il
1732 2730 2077 2877 s’enſuit,
2145 2730 2269 2877 que
2324 2730 2504 2877 tout
2545 2730 3068 2877 l’advantage
3137 2730 3206 2877 de
3247 2730 3440 2877 l’Art
3523 2730 3854 2877 conſiſte
3936 2730 3978 2877 en
4046 2730 4570 2877 l’aſſeurance
4666 2730 4721 2877 de
4777 2730 4956 2877 faire

1468 2872 1563 3022 ſes
1617 2872 2121 3022 approches.
2257 2872 2325 3022 Ce
2393 2872 2502 3022 qui
2557 2872 2625 3022 ne
2693 2872 2870 3022 peut
2938 2872 3115 3022 eſtre
3169 2872 3537 3022 pratiqué
3592 2872 3741 3022 ſans
3809 2872 4014 3022 avoir
4082 2872 4381 3022 entiere
4463 2872 4967 3022 cognoiſſan-

1477 3015 1529 3155 ce
1634 3015 1686 3155 de
1751 3015 2339 3155 l’importance
2430 3015 2482 3155 du
2560 3015 3030 3155 Sentiment
3135 3015 3135 3155 &
3213 3015 3265 3155 de
3318 3015 3357 3155 la
3461 3015 3683 3155 Veuë.
3762 3015 4219 3155 Toutesfois
4271 3015 4467 3155 nous
4519 3015 4597 3155 ne
4662 3015 4963 3155 traitte-

574 3150 752 3297 rons
807 3150 861 3297 en
944 3150 998 3297 ce
1094 3150 1409 3297 Tableau
1491 3150 1820 3297 preſent
1888 3150 2012 3297 que
2080 3150 2135 3297 du
2217 3150 2559 3297 premier
2628 3150 2792 3297 tant
2847 3150 3340 3297 ſeulement,
3394 3150 3531 3297 non
3600 3150 3791 3297 pour
3874 3150 3928 3297 en
4010 3150 4312 3297 ſeparer
4366 3150 4640 3297 l’uſage
4722 3150 4955 3297 d’avec

572 3294 894 3439 l’autre,
1001 3294 1162 3439 mais
1229 3294 1430 3439 nous
1497 3294 2007 3439 remettrons
2061 3294 2074 3439 à
2155 3294 2396 3439 parler
2463 3294 2624 3439 plus
2691 3294 3215 3439 amplement
3309 3294 3362 3439 de
3416 3294 3470 3439 la
3590 3294 3778 3439 Veuë
3845 3294 3899 3439 en
3993 3294 4100 3439 ſon
4181 3294 4301 3439 lieu
4395 3294 4717 3439 propre.
4852 3294 4959 3439 Car

581 3428 635 3575 en
730 3428 961 3575 effe
1002 3428 1083 3575 ils
1124 3428 1301 3575 ſont
1355 3428 1491 3575 liez
1558 3428 1776 3575 touts
1871 3428 2047 3575 deux
2102 3428 2142 3575 ſi
2197 3428 2767 3575 eſtroitement
2835 3428 3269 3575 enſemble,
3337 3428 3473 3575 que
3514 3428 3989 3575 l’operation
4084 3428 4138 3575 de
4192 3428 4315 3575 l’un
4396 3428 4477 3575 ne
4532 3428 4722 3575 peut
4776 3428 4953 3575 eſtre

566 3568 644 3716 ne
722 3568 1267 3716 commencee
1345 3568 1423 3716 ne
1488 3568 1955 3716 pourſuivie
2019 3568 2175 3716 ſans
2266 3568 2513 3716 qu’elle
2577 3568 2720 3716 ſoit
2772 3568 2772 3716 à
2837 3568 3057 3716 touts
3135 3568 3537 3716 moments
3589 3568 3888 3716 aſſiſtée
3979 3568 4030 3716 de
4082 3568 4588 3716 l’aſſeurance
4666 3568 4731 3716 de
4770 3568 4952 3716 l’au-

570 3704 708 3852 tre.
846 3704 956 3852 Car
1039 3704 1094 3852 ce
1163 3704 1342 3852 ſont
1397 3704 1493 3852 les
1576 3704 1755 3852 deux
1865 3704 1865 3852 &
1921 3704 2265 3852 uniques
2334 3704 2733 3852 ſouſtiens
2830 3704 2885 3852 de
2954 3704 3133 3852 tout
3174 3704 3656 3852 l’Exercice.
3808 3704 3849 3852 On
3946 3704 3987 3852 ſe
4056 3704 4194 3852 ſert
4290 3704 4345 3852 de
4400 3704 4442 3852 la
4524 3704 4703 3852 veuë
4759 3704 4951 3852 pour

576 3845 771 3992 venir
862 3845 1305 3992 deuëment
1383 3845 1435 3992 en
1526 3845 1956 3992 preſence;
2047 3845 2099 3992 du
2190 3845 2633 3992 ſentiment
2711 3845 2907 3992 pour
2972 3845 2985 3992 y
3050 3845 3219 3992 eſtre
3284 3845 3441 3992 plus
3506 3845 4014 3992 ſeurement:
4079 3845 4196 3992 par
4248 3845 4287 3992 la
4378 3845 4548 3992 veuë
4626 3845 4678 3992 on
4756 3845 4964 3992 vient

565 3983 630 4130 au
721 3983 1218 4130 Sentiment,
1335 3983 1348 4130 &
1414 3983 1531 4130 par
1596 3983 1636 4130 le
1727 3983 2197 4130 Sentiment
2249 3983 2249 4130 à
2302 3983 2824 4130 l’Execution
2941 3983 3255 4130 meſme;
3333 3983 3372 4130 en
3477 3983 3673 4130 ſorte
3751 3983 3882 4130 que
3960 3983 4273 4130 comme
4339 3983 4378 4130 la
4443 3983 4783 4130 lumiere
4861 3983 4952 4130 eſt

565 4120 605 4274 la
697 4120 921 4274 guide
987 4120 1132 4274 aux
1211 4120 1448 4274 yeux,
1514 4120 1685 4274 ainſi
1751 4120 1843 4274 les
1909 4120 2107 4274 yeux
2160 4120 2212 4274 le
2291 4120 2449 4274 ſont
2515 4120 3095 4274 pareillement
3148 4120 3213 4274 au
3293 4120 3754 4274 Sentiment
3859 4120 3859 4274 &
3912 4120 3925 4274 à
3978 4120 4017 4274 la
4070 4120 4373 4274 faculté
4465 4120 4768 4274 motive.
4887 4120 4953 4274 La

578 4251 750 4403 veuë
829 4251 922 4403 eſt
988 4251 1411 4403 neceſſaire
1503 4251 1556 4403 en
1649 4251 1926 4403 toutes
2006 4251 2243 4403 ſortes
2336 4251 2389 4403 de
2495 4251 2851 4403 meſures;
2957 4251 3116 4403 mais
3169 4251 3222 4403 le
3327 4251 3790 4403 Sentiment
3869 4251 4028 4403 puis
4120 4251 4292 4403 qu’il
4358 4251 4438 4403 ne
4504 4251 4689 4403 peut
4768 4251 4953 4403 eſtre

561 4390 939 4558 pratiqué
1007 4390 1209 4558 ſinon
1304 4390 1426 4558 par
1480 4390 2250 4558 l’attouchement,
2317 4390 2358 4558 il
2412 4390 2493 4558 ne
2560 4390 2749 4558 peut
2817 4390 3033 4558 ſervir
3114 4390 3303 4558 qu’en
3425 4390 3695 4558 meſure
3776 4390 3938 4558 plus
4006 4390 4370 4558 eſtroite:
4424 4390 4870 4558 toutesfois
4924 4390 4951 4558 il

561 4530 644 4693 ne
700 4530 894 4693 laiſſe
964 4530 1075 4693 pas
1159 4530 1436 4693 d’avoir
1492 4530 1687 4693 auſſi
1756 4530 1812 4693 en
1909 4530 2562 4693 contreſchange
2659 4530 2757 4693 des
2826 4530 3257 4693 avantages
3312 4530 3465 4693 fort
3521 4530 3827 4693 nobles,
3896 4530 4007 4693 par
4077 4530 4410 4693 leſquels
4452 4530 4494 4693 il
4535 4530 4730 4693 nous
4799 4530 4966 4693 aide

615 4670 628 4836 &
693 4670 943 4836 guide,
995 4670 1140 4836 non
1205 4670 1678 4836 ſeulement
1730 4670 1730 4836 à
1796 4670 2177 4836 travailler
2255 4670 2360 4836 ſur
2413 4670 2518 4836 les
2610 4670 3187 4836 mouvements
3266 4670 3699 4836 contraires
3752 4670 3752 4836 à
3817 4670 4106 4836 temps,
4198 4670 4356 4836 mais
4421 4670 4605 4836 auſſi
4657 4670 4841 4836 avec
4907 4670 4946 4836 la

561 4810 876 4970 juſteſſe
999 4810 1013 4970 &
1109 4810 1602 4970 moderation
1697 4810 2026 4970 requiſe.
2122 4810 2245 4970 par
2313 4810 2368 4970 ce
2464 4810 2587 4970 que
2669 4810 2834 4970 c’eſt
2875 4810 2998 4970 luy
3094 4810 3203 4970 qui
3272 4810 3327 4970 en
3409 4810 3888 4970 recognoiſt
3943 4810 4340 4970 touſiours
4408 4810 4490 4970 les
4559 4810 4942 4970 premiers

575 4949 1432 5078 commencements,
1551 4949 1564 5078 &
1617 4949 1656 5078 la
1762 4949 2105 5078 diverſité
2184 4949 2250 5078 de
2316 4949 2633 5078 l’effort,
2751 4949 2751 5078 &
2817 4949 2857 5078 la
2936 4949 3160 5078 route
3253 4949 3319 5078 de
3385 4949 3543 5078 leur
3622 4949 3925 5078 courſe;
4018 4949 4282 5078 choſes
4334 4949 4625 5078 autant
4691 4949 4954 5078 neceſ-

571 5080 819 5256 ſaires,
893 5080 1024 5256 que
1083 5080 1288 5256 nulle
1361 5080 1639 5256 autre,
1756 5080 1756 5256 &
1829 5080 2283 5256 auſquelles
2341 5080 2385 5256 la
2502 5080 2693 5256 Veuë
2766 5080 3102 5256 apporte
3161 5080 3205 5256 ſi
3263 5080 3395 5256 peu
3498 5080 3863 5256 d’utilité,
3937 5080 4200 5256 qu’elle
4273 5080 4376 5256 n’y
4449 5080 4639 5256 peut
4712 5080 4961 5256 entrer

561 5283 619 5377 en
724 5283 1096 5377 compte.

1064 5505 1182 5629 Our
1252 5505 1463 5629 venir
1546 5505 1734 5629 donc
1792 5505 1933 5629 aux
2015 5505 2485 5629 differences
2567 5505 2673 5629 des

1047 5630 1287 5783 Poids,
1362 5630 1678 5783 encores
1754 5630 2057 5783 qu’elles
2107 5630 2448 5783 puiſſent
2499 5630 2675 5783 eſtre

1032 5758 1080 5911 en
1153 5758 1348 5911 aſſez
1409 5758 1628 5911 grand
1689 5758 2067 5911 nombre.
2164 5758 2335 5911 Nous
2408 5758 2444 5911 en
2517 5758 2676 5911 rap-

1027 5888 1364 6038 portons
1422 5888 1875 6038 cependant
1921 5888 2200 6038 toutes
2246 5888 2351 6038 les
2397 5888 2676 6038 princi-

556 6012 766 6171 pales
815 6012 828 6171 à
902 6012 1087 6171 neuf
1173 6012 1531 6171 eſpeces,
1618 6012 1679 6171 ou
1753 6012 1753 6171 à
1828 6012 2346 6171 proprement
2408 6012 2679 6171 parler,

580 6136 889 6297 degrez;
925 6136 1318 6297 auxquels
1365 6136 1568 6297 nous
1615 6136 1865 6297 avons
1913 6136 2080 6297 auſſi
2139 6136 2377 6297 donné
2425 6136 2425 6297 à
2496 6136 2675 6297 chaſ-

568 6260 676 6425 cun
760 6260 856 6425 ſon
928 6260 1084 6425 nom
1168 6260 1492 6425 propre,
1540 6260 1732 6425 pour
1804 6260 2044 6425 eviter
2104 6260 2548 6425 confuſion,
2656 6260 2668 6425 &

558 6392 750 6554 pour
801 6392 903 6554 les
954 6392 1236 6554 rendre
1287 6392 1454 6554 plus
1492 6392 2056 6554 intelligibles.
2209 6392 2260 6554 Or
2324 6392 2376 6554 en
2452 6392 2670 6554 voicy

581 6545 767 6666 donc
821 6545 861 6666 la
954 6545 1207 6666 Table.

820 6724 884 6840 Le
960 6724 1318 6840 Premier,
1816 6724 1995 6840 Mort.

821 6843 883 6960 Le
957 6843 1302 6960 Second,
1771 6843 2240 6960 Sentiment.

821 6976 888 7092 Le
967 6976 1419 7092 Troiſieme,
1790 6976 1910 7092 Vif.

829 7087 886 7245 Le
1013 7087 1480 7245 Quatrieme,
1805 7087 2145 7245 Gaillard.

3096 5508 3163 5635 Le
3242 5508 3746 5635 Cinquieme,
4038 5508 4635 5635 Plus-Gaillard.

3089 5642 3152 5740 Le
3227 5642 3589 5740 Sixieme,
4039 5642 4640 5740 Tres-Gaillard.

3090 5762 3154 5882 Le
3230 5762 3661 5882 Septieme,
4042 5762 4219 5882 Fort.

3096 5885 3160 6007 Le
3262 5885 3709 6007 Huiieme,
4028 5885 4450 6007 Plus-Fort.

3089 6000 3151 6118 Le
3263 6000 3687 6118 Neufieme,
4049 6000 4435 6118 Tres-fort.

3020 6193 3474 6324 Maintenant
3532 6193 3718 6324 pour
3787 6193 3834 6324 en
3915 6193 4287 6324 entendre
4333 6193 4380 6324 le
4450 6193 4647 6324 ſens,
4775 6193 4775 6324 &
4845 6193 4891 6324 en

2834 6320 3275 6450 apprendre
3337 6320 3496 6450 auſſi
3545 6320 3656 6450 par
3742 6320 3987 6450 meſme
4085 6320 4330 6450 moyen
4404 6320 4453 6450 la
4514 6320 4907 6450 pratique,

2832 6449 3016 6569 vous
3074 6449 3269 6569 feres
3338 6449 3637 6569 comme
3695 6449 3729 6569 il
3775 6449 4109 6569 s’enſuit.

2971 6565 3584 6694 Premierement
3651 6565 4031 6694 attaquez
4087 6565 4131 6694 la
4198 6565 4388 6694 lame
4466 6565 4901 6694 contraire,

2878 6688 2891 6820 &
2929 6688 3501 6820 l’aſſujettiſſez
3565 6688 3628 6820 de
3679 6688 3717 6820 la
3806 6688 4175 6820 Premiere
4226 6688 4582 6820 Inſtance
4633 6688 4646 6820 à
4697 6688 4735 6820 la
4811 6688 4913 6820 Se-

2841 6822 3074 6946 conde
3144 6822 3191 6946 au
3284 6822 3447 6946 deçà
3505 6822 3552 6946 le
3645 6822 4053 6946 Diametre,
4146 6822 4181 6946 en
4262 6822 4449 6946 ſorte
4519 6822 4647 6946 que
4728 6822 4903 6946 vous

2830 6945 2876 7080 en
2968 6945 3337 7080 reveniez
3406 6945 3452 7080 en
3510 6945 3556 7080 la
3602 6945 3856 7080 forme
3925 6945 3971 7080 du
4075 6945 4317 7080 Cercle
4386 6945 4421 7080 1.
4490 6945 4755 7080 tenant
4801 6945 4917 7080 l’e-

2818 7071 2992 7202 ſpee
3091 7071 3477 7202 contraire
3589 7071 4012 7202 deuement
4086 7071 4546 7202 aſſujettie,
4646 7071 4907 7202 faiſant

4652 7202 4904 7306 qu’elle
