5520 7640
629 561 884 706 qu’elle
948 561 1343 706 reſponde
1407 561 2363 706 perpendiculairement
2414 561 2465 706 au
2567 561 2707 706 deſ-

605 697 721 834 ſus
786 697 850 834 de
889 697 941 834 la
992 697 1224 834 lettre
1353 697 1405 834 M,
1482 697 1676 834 quaſi
1728 697 2024 834 ſuivant
2076 697 2141 834 le
2192 697 2257 834 fil
2334 697 2386 834 de
2437 697 2489 834 la
2566 697 2695 834 col-

596 833 922 926 laterale
978 833 1462 926 exterieure.

764 951 991 1070 Eſtant
1067 951 1244 1070 donc
1294 951 1458 1070 ainſi
1508 951 1723 1070 ſitué,
1761 951 1811 1070 je
1887 951 2000 1070 dis,
2051 951 2177 1070 que
2240 951 2429 1070 vous
2479 951 2706 1070 pour-

613 1063 718 1203 rez
836 1063 1340 1203 exaement
1434 1063 1821 1203 diſcerner
1903 1063 2021 1203 par
2103 1063 2162 1203 le
2255 1063 2701 1203 Sentiment

612 1195 824 1326 touts
873 1195 973 1326 les
1022 1195 1197 1326 neuf
1284 1195 1570 1326 degrez
1632 1195 1694 1326 de
1781 1195 2017 1326 Poids,
2079 1195 2204 1326 que
2278 1195 2452 1326 ceſte
2502 1195 2689 1326 lame

597 1315 1032 1446 inferieure
1113 1315 1376 1446 pourra
1456 1315 1857 1446 pratiquer
1938 1315 2201 1446 contre
2281 1315 2327 1446 la
2408 1315 2694 1446 voſtre.

632 1440 679 1569 Et
737 1440 923 1569 pour
969 1440 1074 1569 les
1132 1440 1527 1569 examiner
1574 1440 1736 1569 plus
1783 1440 2236 1569 ſeurement
2283 1440 2445 1569 ſans
2492 1440 2689 1569 nulle

610 1567 901 1694 reſerve
994 1567 1064 1694 de
1169 1567 1506 1694 doubte,
1599 1567 2006 1694 deſtachez
2099 1567 2134 1694 en
2227 1567 2692 1694 pratiquant

600 1690 702 1815 les
766 1690 995 1815 lames
1072 1690 1123 1815 le
1187 1690 1352 1815 plus
1429 1690 1837 1815 viſtement
1913 1690 2066 1815 qu’il
2130 1690 2258 1815 ſoit
2334 1690 2691 1815 poſſible,

608 1818 655 1934 en
737 1818 985 1934 oſtant
1032 1818 1067 1934 la
1137 1818 1420 1934 voſtre,
1537 1818 1549 1934 &
1608 1818 1643 1934 la
1702 1818 1984 1934 jettant
2055 1818 2702 1934 circulairement

621 1939 683 2060 de
768 1939 1001 2060 deſſus
1062 1939 1111 2060 la
1185 1939 1442 2060 ſienne
1528 1939 1577 2060 en
1687 1939 1981 2060 dehors,
2067 1939 2104 2060 en
2177 1939 2373 2060 ſorte
2459 1939 2581 2060 que
2643 1939 2692 2060 la

593 2066 892 2184 ſienne,
964 2066 1072 2184 qui
1120 2066 1407 2184 ſautera
1491 2066 1682 2184 d’elle
1766 2066 2017 2184 meſme
2065 2066 2316 2184 apres,
2376 2066 2544 2184 plus
2615 2066 2675 2184 ou

628 2185 846 2314 moins
894 2185 907 2314 à
955 2185 1404 2314 l’advenant
1477 2185 1525 2314 du
1622 2185 1853 2314 Poids,
1913 2185 1986 2314 ne
2047 2185 2083 2314 la
2144 2185 2374 2314 puiſſe
2423 2185 2702 2314 attein-

617 2308 771 2438 dre.
902 2308 961 2438 Ce
1056 2308 1186 2438 que
1245 2308 1565 2438 faiſant,
1624 2308 1825 2438 nous
1896 2308 2086 2438 vous
2169 2308 2702 2438 monſtrerons

597 2434 1198 2555 preſentement
1268 2434 1268 2555 à
1360 2434 1742 2555 diſcerner
1869 2434 1869 2555 &
1950 2434 1962 2555 à
2042 2434 2401 2555 nommer
2470 2434 2690 2555 touts

598 2558 691 2687 les
770 2558 1009 2687 Poids,
1062 2558 1221 2687 ainſi
1287 2558 1447 2687 qu’il
1500 2558 1659 2687 ſont
1699 2558 2070 2687 ſpecifiez
2136 2558 2203 2687 cy
2282 2558 2547 2687 deſſus.

1058 2785 1108 2919 Le
1183 2785 1407 2919 Premier
1482 2785 1669 2919 Poids,
1757 2785 1981 2919 aſſavoir
2118 2785 2243 2919 Mort.

751 2974 915 3100 C’eſt
953 2974 1003 3100 le
1078 2974 1318 3100 defaut
1381 2974 1431 3100 du
1532 2974 1771 3100 Poids,
1834 2974 2086 3100 quand
2148 2974 2186 3100 la
2249 2974 2438 3100 lame
2526 2974 2690 3100 con-

586 3099 805 3226 traire
885 3099 966 3226 ne
1035 3099 1092 3226 ſe
1184 3099 1368 3226 meut
1449 3099 1576 3226 non
1668 3099 1829 3226 plus
1921 3099 2185 3226 contre
2254 3099 2300 3226 la
2381 3099 2680 3226 voſtre,

607 3223 865 3349 qu’une
935 3223 1146 3349 choſe
1240 3223 1509 3349 morte:
1591 3223 1638 3349 ce
1720 3223 1826 3349 qui
1884 3223 2060 3349 vous
2119 3223 2247 3349 ſera
2306 3223 2435 3349 aiſé
2493 3223 2493 3349 à
2587 3223 2693 3349 co-

605 3344 931 3474 gnoiſtre
979 3344 1028 3474 au
1112 3344 1426 3474 rapport
1523 3344 1571 3474 du
1656 3344 2151 3474 Sentiment,
2223 3344 2344 3474 par
2416 3344 2477 3474 ce
2549 3344 2682 3474 que

568 3471 611 3593 la
676 3471 870 3593 lame
913 3471 1356 3593 inferieure
1421 3471 1497 3593 ne
1562 3471 1745 3593 vous
1799 3471 1918 3593 fait
1983 3471 2188 3593 nlle
2232 3471 2696 3593 reſiſtence.

637 3587 648 3712 &
718 3587 974 3712 meſme
1044 3587 1172 3712 que
1230 3587 1265 3712 la
1334 3587 1579 3712 voſtre
1637 3587 1753 3712 s’en
1858 3587 1904 3712 va
1986 3587 2137 3712 tres
2172 3587 2474 3712 bucher
2532 3587 2683 3712 vers

579 3710 630 3836 le
693 3710 806 3836 bas
857 3710 857 3836 à
907 3710 1108 3836 faute
1184 3710 1562 3836 d’appuy,
1625 3710 1662 3836 ſi
1738 3710 1914 3836 vous
1965 3710 2040 3836 ne
2103 3710 2154 3836 la
2229 3710 2682 3836 ſouſtnez.

619 3837 657 3963 Et
720 3837 1073 3963 partant,
1161 3837 1199 3963 en
1299 3837 1539 3963 oſtant
1601 3837 1639 3963 la
1727 3837 1967 3963 voſtre
2042 3837 2105 3963 de
2193 3837 2483 3963 deſſus,
2559 3837 2684 3963 elle

598 3963 1045 4086 demeurera
1134 3963 1436 4086 comme
1537 3963 1760 4086 morte
1861 3963 1906 4086 en
1995 3963 2040 4086 la
2140 3963 2397 4086 meſme
2464 3963 2688 4086 ſitua-

579 4086 718 4211 tion
788 4086 847 4211 au
928 4086 1173 4211 deſſus
1231 4086 1301 4211 de
1359 4086 1406 4211 la
1487 4086 1941 4211 collaterale
1999 4086 2489 4211 exterieure,
2535 4086 2698 4211 ſans

601 4210 930 4353 changer
1018 4210 1081 4353 de
1157 4210 1409 4353 place,
1485 4210 1498 4353 à
1573 4210 1775 4353 cauſe
1864 4210 2129 4353 qu’elle
2192 4210 2495 4353 n’eſtoit
2571 4210 2697 4353 pas

595 4344 639 4474 en
729 4344 1031 4474 aion.

948 4559 997 4674 Le
1059 4559 1257 4674 Second
1319 4559 1492 4674 Poids,
1566 4559 1652 4674 que
1702 4559 1961 4674 j’appelle
2035 4559 2357 4674 Sentiment.

758 4726 903 4868 C’eſt
982 4726 1193 4868 celuy
1273 4726 1391 4868 qui
1444 4726 1550 4868 uſe
1642 4726 1695 4868 de
1774 4726 2117 4868 quelque
2183 4726 2447 4868 effort,
2552 4726 2697 4868 mais

592 4867 1046 4992 tres-petit,
1106 4867 1453 4992 taſchant
1525 4867 1871 4992 d’eſlever
1919 4867 1967 4992 la
2026 4867 2230 4992 lame
2289 4867 2708 4992 ſuperieu-

604 4992 651 5119 re
734 4992 781 5119 en
876 4992 1101 5119 haut,
1184 4992 1361 5119 avec
1444 4992 1787 5119 quelque
1858 4992 1977 5119 peu
2083 4992 2142 5119 de
2213 4992 2699 5119 ſentiment.

620 5116 906 5243 Lequel
968 5116 993 5243 il
1068 5116 1217 5243 faut
1304 5116 1677 5243 dompter
1802 5116 1802 5243 &
1877 5116 2250 5243 arreſter,
2337 5116 2387 5243 en
2486 5116 2698 5243 uſant

617 5241 746 5370 d’un
816 5241 1051 5370 pareil
1109 5241 1531 5370 ſentiment
1601 5241 2116 5370 alencontre:
2210 5241 2362 5370 puis
2432 5241 2608 5370 tout
2678 5241 2690 5370 à

593 5365 956 5494 l’inſtant,
1037 5365 1084 5494 en
1178 5365 1634 5494 deſtachant
1692 5365 1798 5494 les
1833 5365 2078 5494 lames
2137 5365 2183 5494 en
2254 5365 2289 5494 la
2371 5365 2686 5494 maniere

601 5488 1089 5619 auparavant
1162 5488 1529 5619 deſcrite,
1590 5488 1834 5619 laiſſer
1895 5488 2066 5619 aller
2115 5488 2152 5619 la
2213 5488 2470 5619 ſienne
2543 5488 2702 5619 tant

624 5618 885 5745 qu’elle
947 5618 1221 5745 pourra
1321 5618 1370 5745 ce
1457 5618 1569 5745 qui
1619 5618 1706 5745 ne
1769 5618 1980 5745 ſera,
2092 5618 2229 5745 que
2329 5618 2590 5745 depuis
2652 5618 2702 5745 la

599 5738 827 5871 lettre
942 5738 992 5871 M.
1094 5738 1424 5871 juſqu’au
1513 5738 1741 5871 deſſus
1805 5738 1868 5871 de
1919 5738 1957 5871 la
2033 5738 2465 5871 collaterale
2516 5738 2706 5871 inte-

599 5861 855 5995 rieure
953 5861 1294 5995 coupant
1379 5861 1428 5995 le
1550 5861 1915 5995 Diametre
2000 5861 2707 5995 perpendiculaire

611 5985 663 6141 au
741 5985 1001 6141 poin
1092 5985 1144 6141 L,
1262 5985 1275 6141 &
1327 5985 1809 6141 reſpondant
1887 5985 1926 6141 en
2043 5985 2264 6141 droite
2329 5985 2538 6141 ligne
2603 5985 2694 6141 ſur

615 6117 861 6235 voſtre
943 6117 1177 6235 corps.

1047 6344 1096 6470 Le
1133 6344 1390 6470 troiſieme
1464 6344 1635 6470 Poids,
1709 6344 1782 6470 que
1844 6344 1868 6470 je
1930 6344 2113 6470 nomme
2199 6344 2285 6470 Vif.

763 6531 945 6658 Vous
981 6531 1042 6658 le
1103 6531 1611 6658 cognoiſtrez
1660 6531 2217 6658 pareillement
2266 6531 2314 6658 au
2387 6531 2702 6658 rapport

635 6643 683 6783 du
780 6643 1251 6783 ſentiment,
1311 6643 1432 6783 par
1516 6643 1565 6783 ce
1649 6643 1782 6783 que
1842 6643 1891 6783 la
1939 6643 2132 6783 lame
2204 6643 2265 6783 de
2349 6643 2712 6783 deſſoubs

621 6775 1037 6909 travaillera
1096 6775 1274 6909 avec
1333 6775 1488 6909 plus
1559 6775 1856 6909 d’effort
1904 6775 2094 6909 pour
2141 6775 2438 6909 hauſſer
2486 6775 2521 6909 la
2593 6775 2711 6909 vo-

609 6889 793 7040 ſtre;
854 6889 904 7040 en
965 6889 1161 7040 ſorte
1223 6889 1346 7040 que
1419 6889 1603 7040 vous
1652 6889 1873 7040 aurez
1935 6889 2094 7040 auſſi
2144 6889 2463 7040 beſoing
2536 6889 2696 7040 d’ac-

620 7017 937 7145 croiſtre
974 7017 986 7145 à
1035 7017 1486 7145 l’advenant
1535 7017 1584 7145 le
1669 7017 1901 7145 voſtre
1974 7017 2438 7145 d’avantage.
2560 7017 2694 7145 Puis

2859 534 2907 655 en
3015 534 3471 655 deſtachant
3555 534 3928 655 derechef
4012 534 4132 655 vos
4216 534 4528 655 lames,
4649 534 4817 655 celle
4901 534 4973 655 de

2873 659 3173 805 deſſous
3248 659 3548 805 ſautera
3647 659 3910 805 depuis
3997 659 4047 805 le
4135 659 4347 805 point
4484 659 4559 805 M,
4684 659 4734 805 où
4847 659 4972 805 elle

2862 786 3082 930 eſtoit
3147 786 3535 930 aſſujettie
3600 786 4040 930 juſtement
4130 786 4376 930 deſſus
4415 786 4467 930 le
4570 786 4829 930 Centre
4906 786 4958 930 du

2887 935 3161 1046 Cercle.

3012 1037 3059 1175 Or
3118 1037 3154 1175 il
3213 1037 3378 1175 faut
3437 1037 3851 1175 obſerver,
3933 1037 4063 1175 que
4134 1037 4240 1175 ces
4311 1037 4500 1175 trois
4571 1037 4961 1175 dernieres

2842 1166 3182 1305 preuves
3255 1166 3849 1305 preſuppoſent
3934 1166 4068 1305 que
4141 1166 4323 1305 vous
4407 1166 4589 1305 ayez
4650 1166 4978 1305 prealla-

2841 1289 3197 1398 blement
3280 1289 3410 1398 eſté
3482 1289 3695 1398 touts
3778 1289 3968 1398 deux
4028 1289 4028 1398 à
4075 1289 4123 1398 la
4217 1289 4597 1398 Premiere
4680 1289 4965 1398 Inſtan-

2852 1416 2912 1553 ce
2983 1416 3079 1553 ſur
3127 1416 3174 1553 le
3270 1416 3640 1553 Diametre
3699 1416 3878 1553 avec
3926 1416 4022 1553 les
4093 1416 4344 1553 eſpees
4404 1416 4821 1553 paralleles
4893 1416 4941 1553 en

2841 1543 3045 1681 ligne
3142 1543 3455 1681 droite;
3611 1543 3623 1681 &
3719 1543 4454 1681 conſequemment
4562 1543 4694 1681 que
4779 1543 4971 1681 vous

2840 1666 3037 1812 ayez
3095 1666 3455 1812 emmené
3502 1666 3537 1812 la
3595 1666 3792 1812 lame
3862 1666 4245 1812 contraire
4292 1666 4478 1812 hors
4536 1666 4606 1812 de
4664 1666 4699 1812 la
4780 1666 4966 1812 droi-

2844 1793 2907 1934 te
2957 1793 3158 1934 ligne
3208 1793 3220 1934 à
3283 1793 3308 1934 là
3383 1793 3747 1934 Seconde
3797 1793 3797 1934 à
3885 1793 4035 1934 main
4135 1793 4461 1934 gauche,
4511 1793 4662 1934 ſans
4724 1793 4862 1934 que
4912 1793 4962 1934 le

2880 1922 3268 2050 Contraire
3316 1922 3377 2050 ſe
3425 1922 3559 2050 ſoit
3607 1922 3995 2050 pourtant
4055 1922 4103 2050 en
4188 1922 4321 2050 rien
4394 1922 4648 2050 bougé
4745 1922 4806 2050 de
4879 1922 4963 2050 la-

2858 2049 2999 2179 dite
3076 2049 3307 2179 droite
3345 2049 3589 2179 ligne,
3641 2049 3718 2179 ny
3808 2049 3859 2179 de
3923 2049 4142 2179 corps
4193 2049 4283 2179 ny
4347 2049 4411 2179 de
4475 2049 4719 2179 pieds,
4771 2049 4963 2179 pour

2841 2174 2966 2303 peu
3053 2174 3191 2303 que
3253 2174 3316 2303 ce
3366 2174 3528 2303 ſoit.
3666 2174 3728 2303 Ce
3790 2174 3903 2303 qui
3965 2174 4053 2303 eſt
4115 2174 4165 2303 du
4240 2174 4415 2303 tout
4465 2174 4902 2303 neceſſaire
4952 2174 4965 2303 à

2852 2302 3242 2428 obſerver,
3315 2302 3498 2428 pour
3559 2302 3608 2428 en
3706 2302 3974 2428 rendre
4023 2302 4072 2428 la
4157 2302 4511 2428 Pratique
4560 2302 4731 2428 plus
4792 2302 4963 2428 faci-

2840 2428 2939 2552 le,
3025 2428 3421 2552 enſemble
3482 2428 3655 2552 auſſi
3717 2428 3914 2552 pour
3989 2428 4038 2552 en
4137 2428 4482 2552 declarer
4557 2428 4729 2552 plus
4791 2428 4976 2552 aiſe-

2870 2548 3053 2660 ment
3098 2548 3190 2660 les
3247 2548 3567 2660 raiſons,
3658 2548 3829 2660 dont
3898 2548 4001 2660 les
4092 2548 4789 2660 demonſtrations
4857 2548 4971 2660 de-

2839 2679 3197 2805 pendent
3271 2679 3332 2805 de
3382 2679 3419 2805 la
3530 2679 3789 2805 Nature
3875 2679 4171 2805 meſme.
4306 2679 4405 2805 Car
4491 2679 4750 2805 quand
4812 2679 4849 2805 il
4910 2679 4972 2805 ſe

2839 2804 3142 2926 tiendra
3203 2804 3372 2926 avec
3421 2804 3518 2926 les
3578 2804 3796 2926 pieds
3917 2804 3930 2926 &
3978 2804 4039 2926 le
4111 2804 4329 2926 corps
4414 2804 4463 2926 en
4560 2804 4753 2926 ceſte
4826 2804 4959 2926 dite

2837 2931 3197 3051 poſture,
3269 2931 3593 3051 encores
3689 2931 3820 3051 que
3880 2931 3916 3051 la
3976 2931 4336 3051 ſituation
4420 2931 4492 3051 de
4528 2931 4803 3051 l’eſpee
4899 2931 4947 3051 en

2838 3054 3214 3174 forligne,
3263 3054 3712 3174 toutesfois
3772 3054 3894 3174 elle
3942 3054 4027 3174 ne
4076 3054 4270 3174 laiſſe
4331 3054 4452 3174 pas
4525 3054 4573 3174 du
4670 3054 4974 3174 s’encli-

2832 3168 2944 3288 ner
3012 3168 3661 3288 naturellement
3740 3168 4132 3288 enſemble
4210 3168 4389 3288 avec
4468 3168 4524 3288 le
4591 3168 4759 3288 bras
4860 3168 4972 3288 de-

2848 3290 3003 3430 vers
3051 3290 3110 3430 le
3217 3290 3622 3430 Diametre,
3694 3290 3801 3430 qui
3861 3290 3908 3430 en
3992 3290 4075 3430 eſt
4158 3290 4456 3430 comme
4516 3290 4563 3430 le
4659 3290 4957 3430 Centre.

2871 3429 2943 3548 De
3026 3429 3334 3548 maniere
3417 3429 3547 3548 que
3595 3429 3630 3548 ſi
3701 3429 3820 3548 elle
3891 3429 3998 3548 uſe
4069 3429 4140 3548 de
4188 3429 4413 3548 poids
4484 3429 4958 3548 alencontre

2860 3550 2920 3665 de
2956 3550 3004 3665 la
3052 3550 3244 3665 lame
3304 3550 3796 3665 ſuperieure,
3844 3550 3880 3665 il
3940 3550 4025 3665 eſt
4073 3550 4541 3665 neceſſaire,
4589 3550 4637 3665 en
4733 3550 4961 3665 deſta-

2845 3666 3064 3789 chant
3133 3666 3225 3789 les
3294 3666 3594 3789 eſpees,
3675 3666 3940 3789 qu’elle
3997 3666 4205 3789 ſaute
4343 3666 4343 3789 &
4424 3666 4770 3789 s’avance
4862 3666 4977 3789 de-

2845 3794 3006 3919 vers
3040 3794 3098 3919 le
3190 3794 3570 3919 Diametre
3627 3794 3788 3919 plus
3857 3794 3903 3919 ou
4007 3794 4237 3919 moins
4295 3794 4295 3919 à
4364 3794 4824 3919 l’advenant
4893 3794 4939 3919 du

2840 3917 3273 4046 ſentiment
3337 3917 3604 4046 qu’elle
3668 3917 3680 4046 y
3744 3917 4139 4046 employe.
4279 3917 4457 4046 Dont
4508 3917 4559 4046 le
4635 3917 4839 4046 Poids
4915 3917 4966 4046 de

2857 4041 3301 4168 Sentiment
3371 4041 3487 4168 s’en
3592 4041 3966 4168 avancera
4082 4041 4351 4168 depuis
4421 4041 4456 4168 la
4537 4041 4771 4168 lettre
4911 4041 4969 4168 M.

2838 4167 3166 4295 juſques
3216 4167 3229 4295 à
3343 4167 3343 4295 L
3418 4167 3481 4295 au
3595 4167 3835 4295 deſſus
3911 4167 3974 4295 de
4037 4167 4075 4295 la
4150 4167 4352 4295 ligne
4466 4167 4971 4295 Collaterale:

2903 4288 2903 4423 &
2963 4288 3133 4423 avec
3181 4288 3229 4423 le
3302 4288 3750 4423 Sentiment
3847 4288 3931 4423 Vif
4016 4288 4137 4423 elle
4186 4288 4476 4423 ſautera
4573 4288 4839 4423 depuis
4912 4288 4960 4423 le

2868 4411 3126 4542 meſme
3188 4411 3447 4542 poin
3521 4411 3582 4542 de
3644 4411 3681 4542 la
3743 4411 3977 4542 lettre
4112 4411 4149 4542 M.
4198 4411 4531 4542 juſques
4580 4411 4642 4542 au
4728 4411 4975 4542 deſſus

2867 4535 2918 4671 du
3047 4535 3421 4671 Diametre
3511 4535 3936 4671 principal.
4065 4535 4207 4671 D’où
4297 4535 4335 4671 il
4400 4535 4670 4671 appert
4761 4535 4967 4671 dere-

2854 4658 3040 4781 chef,
3114 4658 3288 4781 ainſi
3350 4658 3535 4781 qu’en
3622 4658 3771 4781 une
3820 4658 4130 4781 infinité
4217 4658 4539 4781 d’autres
4614 4658 4973 4781 conſide-

2840 4791 3183 4907 rations,
3278 4791 3408 4907 que
3467 4791 3574 4907 les
3633 4791 3882 4907 lignes
3976 4791 4272 4907 menées
4343 4791 4639 4907 dedans
4699 4791 4959 4907 noſtre

2874 4912 3142 5030 Cercle,
3177 4912 3258 5030 ne
3305 4912 3468 5030 ſont
3515 4912 3643 5030 pas
3690 4912 4132 5030 ſeulement
4179 4912 4727 5030 accordantes
4773 4912 4960 5030 avec

2836 5037 2942 5174 les
3036 5037 3590 5174 mouvements
3660 5037 4060 5174 naturels,
4178 5037 4331 5174 mais
4402 5037 4578 5174 auſſi
4649 5037 4967 5174 qu’elles

2836 5162 2944 5291 les
3029 5162 3620 5291 demonſtrent,
3717 5162 3922 5291 voire
3982 5162 4151 5291 auſſi
4236 5162 4549 5291 qu’elles
4646 5162 4972 5291 demon-

2840 5286 3088 5437 ſtrent
3125 5286 3224 5437 les
3286 5286 3509 5437 effe
3595 5286 3707 5437 des
3756 5286 4016 5437 poids,
4090 5286 4264 5437 dont
4301 5286 4387 5437 ils
4437 5286 4598 5437 ſont
4647 5286 4969 5437 accom-

2851 5441 3188 5535 pagnez.

3025 5541 3173 5678 Mais
3247 5541 3482 5678 quant
3544 5541 3593 5678 au
3692 5541 3878 5678 reſte
3964 5541 4075 5678 des
4149 5541 4372 5678 poids
4434 5541 4953 5678 enſuyvants,

2855 5667 2977 5802 qui
3013 5667 3183 5802 ſont
3232 5667 3839 5802 accompagnez
3912 5667 4046 5802 d’un
4119 5667 4349 5802 effort
4398 5667 4568 5802 plus
4653 5667 4787 5802 que
4847 5667 4969 5802 na-

2845 5786 3092 5926 turel,
3166 5786 3215 5926 le
3289 5786 3438 5926 ſaut
3500 5786 3611 5926 qui
3697 5786 3734 5926 en
3833 5786 4266 5926 procedera
4352 5786 4402 5926 en
4500 5786 4958 5926 deſtachant

2844 5915 2947 6046 les
3023 5915 3305 6046 eſpees,
3369 5915 3906 6046 outrepaſſera
3970 5915 4021 6046 la
4085 5915 4289 6046 ligne
4366 5915 4417 6046 du
4545 5915 4954 6046 Diametre,

2845 6041 3014 6187 plus
3087 6041 3147 6187 ou
3268 6041 3522 6187 moins.
3667 6041 3727 6187 Or
3787 6041 3812 6187 il
3884 6041 4029 6187 faut
4101 6041 4234 6187 que
4295 6041 4464 6187 tout
4524 6041 4585 6187 ce
4657 6041 4778 6187 qui
4851 6041 4971 6187 ou-

2844 6167 3172 6299 trepaſſe
3242 6167 3289 6299 le
3394 6167 3663 6299 Centre
3745 6167 3851 6299 des
3933 6167 4506 6299 mouvements
4565 6167 4963 6299 naturels,

2846 6289 2980 6437 ſoit
3065 6289 3733 6437 neceſſairement
3830 6289 4183 6437 violent,
4340 6289 4353 6437 &
4438 6289 4972 6437 conſequem-

2876 6424 3065 6540 ment
3141 6424 3304 6540 qu’il
3380 6424 3531 6540 aille
3607 6424 4011 6540 touſiours
4086 6424 4137 6540 en
4237 6424 4805 6540 s’affoibliſſant
4893 6424 4956 6540 de

2849 6543 3011 6689 plus
3086 6543 3136 6689 en
3236 6543 3448 6689 plus,
3523 6543 3697 6689 dont
3747 6543 3785 6689 il
3835 6543 4147 6689 s’enſuit
4209 6543 4346 6689 que
4396 6543 4496 6689 les
4571 6543 4770 6689 ſauts
4845 6543 4958 6689 qui

2849 6672 3303 6799 procedent
3376 6672 3425 6799 du
3499 6672 3719 6799 poids
3793 6672 3854 6799 de
3891 6672 4161 6799 l’eſpee
4222 6672 4271 6799 ſe
4320 6672 4958 6799 raccourciſſent

2853 6793 3015 6936 plus
3065 6793 3065 6936 à
3127 6793 3575 6936 l’advenant
3625 6793 3687 6936 au
3775 6793 3912 6936 dela
3986 6793 4036 6936 du
4148 6793 4559 6936 Diametre,
4634 6793 4833 6936 qu’ils
4883 6793 4958 6936 ne

2850 6912 3009 7048 font
3082 6912 3131 7048 en
3217 6912 3425 7048 deça.

3009 7035 3061 7185 En
3138 7035 3332 7185 ſorte
3397 7035 3526 7185 que
3591 7035 3784 7185 pour
3862 7035 4211 7185 marquer
4276 7035 4379 7185 ſur
4431 7035 4482 7185 le
4586 7035 4974 7185 Diametre

4813 7234 4961 7308 per-
