5520 7640
553 576 1261 720 perpendiculaire
1325 576 1428 720 les
1493 576 1583 720 ſix
1660 576 1969 720 points,
2046 576 2098 720 au
2214 576 2446 720 deſſus
2536 576 2677 720 deſ-

570 705 776 847 quels
824 705 1103 847 l’eſpee
1176 705 1564 847 contraire
1612 705 1661 847 ſe
1734 705 2037 847 viendra
2097 705 2364 847 rendre
2425 705 2425 847 à
2473 705 2522 847 la
2582 705 2643 847 fin

573 833 634 970 de
682 833 731 970 ſa
803 833 1058 970 courſe
1130 833 1179 970 en
1288 833 1591 970 chaſcun
1675 833 1796 970 des
1857 833 1954 970 ſix
2014 833 2244 970 poids
2305 833 2668 970 reſtants,

535 961 584 1103 il
657 961 863 1103 nous
948 961 997 1103 le
1094 961 1350 1103 faudra
1459 961 1690 1103 partir
1763 961 2334 1103 inegalement
2431 961 2480 1103 en
2577 961 2662 1103 ſix

553 1093 885 1211 parties.

711 1213 1052 1357 Partiſſez
1102 1213 1203 1357 les
1279 1213 1468 1357 deux
1544 1213 1796 1357 quarts
1884 1213 1947 1357 de
1985 1213 2036 1357 la
2137 1213 2679 1357 Circonferen-

560 1342 683 1481 ce,
769 1342 880 1481 qui
942 1342 1115 1481 ſont
1176 1342 1238 1481 au
1336 1342 1472 1481 delà
1558 1342 1608 1481 du
1719 1342 2125 1481 Diametre,
2212 1342 2507 1481 chaſcun
2606 1342 2655 1481 en

554 1467 645 1608 ſix
711 1467 985 1608 egalles
1051 1467 1390 1608 parties:
1469 1467 1783 1608 aſſavoir
1835 1467 1926 1608 ſix
1992 1467 2266 1608 depuis
2305 1467 2358 1608 le
2475 1467 2475 1608 C
2541 1467 2684 1608 juſ-

564 1596 707 1732 qu’à
771 1596 927 1732 l’N.
1043 1596 1056 1732 &
1121 1596 1690 1732 pareillement
1729 1596 1820 1732 ſix
1885 1596 2156 1732 autres
2221 1596 2493 1732 depuis
2532 1596 2674 1732 l’X.

542 1722 879 1865 juſques
944 1722 996 1865 au
1061 1722 1255 1865 bout
1333 1722 1384 1865 du
1475 1722 1993 1865 quadrangle,
2071 1722 2188 1865 qui
2252 1722 2330 1865 eſt
2395 1722 2408 1865 à
2499 1722 2641 1865 main

574 1848 844 1940 droite.

709 1975 848 2116 Puis
936 1975 1212 2116 mettez
1275 1975 1514 2116 voſtre
1565 1975 1766 2116 ligne
1829 1975 2181 2116 parallele
2231 1975 2282 2116 au
2395 1975 2671 2116 Diame-

554 2101 654 2241 tre
717 2101 1143 2241 principal,
1230 2101 1494 2241 depuis
1544 2101 1594 2241 le
1656 2101 2007 2241 premier
2070 2101 2283 2241 point
2358 2101 2471 2241 qui
2534 2101 2671 2241 ſera

576 2230 879 2366 marqué
964 2230 1012 2366 en
1097 2230 1133 2366 la
1230 2230 1884 2366 Circonference,
1956 2230 1969 2366 à
2041 2230 2332 2366 travers
2380 2230 2441 2366 le
2537 2230 2683 2366 Dia-

579 2356 810 2493 metre
894 2356 1682 2493 perpendiculaire,
1767 2356 2094 2493 juſques
2178 2356 2239 2493 au
2336 2356 2675 2493 premier

555 2478 823 2619 poin
887 2478 1308 2619 oppoſite:
1436 2478 1436 2619 &
1500 2478 1564 2619 au
1640 2478 1908 2619 poin
1985 2478 2049 2619 de
2112 2478 2151 2619 la
2227 2478 2495 2619 ſeion
2597 2478 2649 2619 du

596 2609 974 2746 Diamette
1033 2609 1753 2746 perpendiculaire
1847 2609 2119 2746 mettez
2201 2609 2213 2746 y
2284 2609 2426 2746 une
2520 2609 2674 2746 mar-

576 2761 737 2851 que.

698 2856 928 2995 Faites
1001 2856 1049 2995 en
1146 2856 1364 2995 apres
1412 2856 1570 2995 auſſi
1630 2856 1679 2995 le
1739 2856 2175 2995 ſemblable
2248 2856 2369 2995 des
2417 2856 2671 2995 autres

548 2982 820 3122 points
888 2982 1421 3122 enſuyvants:
1500 2982 1557 3122 en
1671 2982 1988 3122 mettant
2056 2982 2465 3122 touſiours
2499 2982 2544 3122 la
2601 2982 2669 3122 li-

560 3106 685 3244 gne
784 3106 908 3244 d’un
1008 3106 1268 3244 poin
1318 3106 1330 3244 à
1380 3106 1678 3244 l’autre,
1728 3106 1740 3244 à
1815 3106 2125 3244 chaſcun
2187 3106 2249 3244 le
2299 3106 2473 3244 ſien.

658 3233 704 3372 Et
763 3233 879 3372 par
949 3233 1007 3372 ce
1089 3233 1334 3372 moyen
1415 3233 1602 3372 vous
1648 3233 2091 3372 trouverez
2161 3233 2313 3372 cinq
2371 3233 2674 3372 poins

539 3356 551 3495 à
636 3356 988 3495 marquer
1037 3356 1146 3495 ſur
1195 3356 1243 3495 le
1340 3356 1716 3495 Diametre
1777 3356 2554 3495 perpendiculaire:
2675 3356 2675 3495 &

538 3487 585 3603 la
644 3487 880 3603 lettre
987 3487 1022 3603 N.
1105 3487 1117 3603 y
1164 3487 1436 3603 ſervira
1495 3487 1684 3603 pour
1743 3487 1790 3603 le
1838 3487 2204 3603 ſixieme.

698 3608 937 3728 Apres
973 3608 1009 3728 il
1068 3608 1547 3728 conviendra
1642 3608 1893 3728 mettre
1953 3608 1953 3728 à
2049 3608 2312 3728 ceſdits
2371 3608 2682 3728 poins

540 3730 552 3851 à
622 3730 938 3851 chaſcun
1008 3730 1102 3851 ſon
1195 3730 1582 3851 nombre:
1652 3730 1968 3851 aſſavoir
2038 3730 2132 3851 ſur
2179 3730 2237 3851 le
2296 3730 2670 3851 premier,

571 3856 683 3976 qui
745 3856 832 3976 eſt
881 3856 931 3976 le
993 3856 1154 3976 plus
1228 3856 1526 3976 proche
1600 3856 1662 3976 du
1786 3856 2046 3976 Centre
2121 3856 2158 3976 4.
2220 3856 2332 3976 ſur
2393 3856 2443 3976 le
2517 3856 2679 3976 pro-

564 3981 751 4099 chain
856 3981 1299 4099 enſuyvant
1357 3981 1392 4099 5.
1473 3981 1637 4099 puis
1695 3981 1742 4099 6.
1811 3981 1846 4099 7.
1951 3981 1951 4099 &
2021 3981 2068 4099 8.
2150 3981 2686 4099 conſequem-

575 4105 790 4222 ment:
885 4105 933 4222 en
1028 4105 1231 4222 ſorte
1315 4105 1434 4222 que
1494 4105 1553 4222 le
1637 4105 1935 4222 dernier
2007 4105 2317 4222 poin,
2401 4105 2508 4222 qui
2591 4105 2675 4222 eſt

576 4229 873 4346 marqué
945 4229 1004 4346 de
1076 4229 1218 4346 l’N.
1278 4229 1409 4346 ſera
1468 4229 1635 4346 tenu
1706 4229 1897 4346 pour
1944 4229 1992 4346 le
2064 4229 2111 4346 9.

691 4350 862 4447 Pour
930 4350 1124 4447 venir
1204 4350 1386 4447 donc
1454 4350 1511 4447 au
1625 4350 2344 4447 denombrement,
2480 4350 2480 4447 &
2549 4350 2560 4447 à
2617 4350 2663 4447 la

550 4477 918 4595 pratique
992 4477 1188 4595 pour
1274 4477 1654 4595 diſcerner
1727 4477 1948 4595 touts
2009 4477 2107 4595 les
2206 4477 2463 4595 Poids;
2524 4477 2561 4595 ſi
2622 4477 2671 4595 la

531 4600 722 4720 lame
790 4600 1184 4720 contraire
1274 4600 1589 4720 manque
1679 4600 1746 4720 de
1814 4600 1983 4720 tout
2039 4600 2523 4720 ſentiment,
2613 4600 2681 4720 de

535 4726 737 4847 ſorte
820 4726 1010 4847 qu’en
1105 4726 1568 4847 deſtachant
1639 4726 1734 4847 les
1806 4726 2102 4847 eſpees,
2174 4726 2292 4847 elle
2364 4726 2684 4847 demeu-

546 4845 605 4956 re
664 4845 1090 4956 immobile
1161 4845 1209 4956 au
1315 4845 1564 4956 deſſus
1647 4845 1718 4956 de
1777 4845 1825 4956 la
1919 4845 2381 4956 Collaterale
2464 4845 2677 4956 exte-

537 4973 790 5097 rieure
874 4973 1236 5097 marquée
1284 4973 1392 5097 ſur
1429 4973 1489 5097 le
1573 4973 1959 5097 Diametre
2019 4973 2682 5097 perpendiculai-

553 5098 603 5217 re
703 5098 766 5217 de
828 5098 866 5217 la
941 5098 1179 5217 lettre
1317 5098 1367 5217 M.
1479 5098 1630 5217 c’eſt
1692 5098 1742 5217 le
1818 5098 2156 5217 premier
2256 5098 2469 5217 Poids
2544 5098 2669 5217 que

546 5223 737 5350 nous
796 5223 1249 5350 appellons,
1368 5223 1559 5350 Mort.

696 5323 881 5465 Avec
942 5323 992 5465 le
1041 5323 1336 5465 ſecond
1410 5323 1656 5465 Poids,
1730 5323 1841 5465 qui
1902 5323 1988 5465 eſt
2050 5323 2099 5465 le
2185 5323 2665 5465 Sentiment,

551 5472 601 5592 en
724 5472 1167 5592 deſtachant
1229 5472 1339 5592 les
1413 5472 1721 5592 eſpees,
1795 5472 1918 5592 elle
1980 5472 2275 5592 ſautera
2349 5472 2669 5592 juſques

546 5595 546 5740 à
622 5595 673 5740 la
761 5595 1216 5740 Collaterale
1304 5595 1759 5740 Interieure
1822 5595 1886 5740 au
1987 5595 2227 5740 deſſus
2315 5595 2378 5740 de
2442 5595 2479 5740 la
2543 5595 2682 5740 let-

543 5736 647 5824 tre
764 5736 803 5824 L.

711 5848 903 5975 Avec
967 5848 1019 5975 le
1095 5848 1300 5975 tiers,
1377 5848 1480 5975 qui
1544 5848 1621 5975 eſt
1685 5848 1736 5975 le
1825 5848 1941 5975 Vif,
2018 5848 2133 5975 elle
2184 5848 2479 5975 ſautera
2530 5848 2671 5975 juſ-

557 5978 750 6107 qu’au
853 5978 1084 6107 deſſus
1149 5978 1200 6107 du
1316 5978 1702 6107 Diametre
1753 5978 2165 6107 principal.

700 6097 891 6228 Avec
941 6097 992 6228 le
1069 6097 1540 6228 quatrieme,
1603 6097 1718 6228 qui
1769 6097 1858 6228 eſt
1960 6097 2291 6228 Gaillard,
2355 6097 2469 6228 elle
2520 6097 2673 6228 ſau-

543 6221 693 6356 tera
769 6221 1107 6356 juſqu’au
1219 6221 1457 6356 deſſus
1533 6221 1583 6356 du
1683 6221 1896 6356 point
1971 6221 2259 6356 marqué
2334 6221 2372 6356 en
2459 6221 2660 6356 ciffre

563 6350 610 6474 4.
693 6350 988 6474 comme
1058 6350 1294 6474 eſtant
1341 6350 1707 6474 l’endroit
1778 6350 1825 6474 du
1907 6350 2344 6474 quatrieme
2403 6350 2662 6474 poids.

713 6477 901 6605 Avec
951 6477 1002 6605 le
1064 6477 1579 6605 cinquieme,
1667 6477 2244 6605 Plus-gaillard,
2319 6477 2432 6605 elle
2495 6477 2658 6605 arri-

553 6604 715 6735 vera
765 6604 1100 6735 juſqu’au
1175 6604 1448 6735 poin
1523 6604 1821 6735 marqué
1884 6604 1933 6735 en
2008 6604 2207 6735 ciffre
2269 6604 2306 6735 5.

694 6724 760 6857 Le
812 6724 1191 6857 ſixieme,
1296 6724 1885 6857 Tres-gaillard,
1950 6724 2238 6857 ſautera
2304 6724 2631 6857 juſqu’at

551 6871 825 6991 poin
907 6871 948 6991 6.

698 6990 764 7114 Le
816 6990 1248 7114 ſeptieme,
1353 6990 1536 7114 Fort,
1575 6990 1916 7114 juſqu’au
2007 6990 2060 7114 7.

688 7100 753 7217 Le
817 7100 1305 7217 huiieme,
1395 7100 1780 7217 Plus-fort,
1819 7100 2153 7217 juſqu’au
2230 7100 2487 7217 poin
2564 7100 2602 7217 8.

2969 606 3031 734 Le
3105 606 3578 734 neufieme,
3715 606 4113 734 Tresfort,
4213 606 4499 734 ſautera
4574 606 4910 734 juſqu’au

2822 727 3222 857 neufieme
3298 727 3585 857 poin,
3673 727 3785 857 qui
3848 727 3936 857 eſt
3998 727 4361 857 l’endroit
4449 727 4511 857 de
4574 727 4624 857 la
4686 727 4924 857 lettre

2887 856 2937 964 N:
3064 856 3064 964 &
3140 856 3443 964 comme
3494 856 3645 964 c’eſt
3696 856 3734 964 la
3797 856 4037 964 borne
4101 856 4151 964 du
4265 856 4543 964 Cercle,
4619 856 4783 964 auſſi
4846 856 4935 964 eſt

2833 979 2893 1111 ce
2953 979 3301 1111 lendroit
3385 979 3445 1111 du
3529 979 3817 1111 dernier
3937 979 3937 1111 &
4009 979 4057 1111 du
4153 979 4308 1111 plus
4380 979 4524 1111 fort
4608 979 4680 1111 de
4752 979 4920 1111 tous

2818 1105 2914 1225 les
2985 1105 3236 1225 Poids:
3284 1105 3463 1225 hors
3547 1105 3642 1225 mis
3690 1105 3785 1225 les
3869 1105 4299 1225 Extremes.

2976 1231 3214 1363 Eſtant
3289 1231 3464 1363 donc
3514 1231 3514 1363 à
3576 1231 3614 1363 la
3701 1231 4051 1363 Seconde
4114 1231 4526 1363 Inſtance,
4651 1231 4651 1363 &
4751 1231 4751 1363 y
4826 1231 4926 1363 te-

2819 1361 2992 1492 nant
3053 1361 3325 1492 l’eſpee
3386 1361 3768 1492 contraire
3818 1361 4212 1492 aſſujettie
4274 1361 4323 1492 en
4385 1361 4434 1492 la
4496 1361 4742 1492 forme
4804 1361 4940 1492 ſuſ-

2832 1487 3025 1610 dite,
3122 1487 3303 1610 Vous
3363 1487 3689 1610 jugerez
3761 1487 3882 1610 par
3954 1487 4003 1610 le
4075 1487 4510 1610 ſentiment
4582 1487 4751 1610 avec
4836 1487 4932 1610 le-

2830 1612 2998 1737 quel
3058 1612 3130 1737 de
3191 1612 3299 1737 ces
3347 1612 3527 1737 neuf
3575 1612 3792 1737 poids
3840 1612 3876 1737 la
3936 1612 4129 1737 lame
4189 1612 4514 1737 cõtraire
4574 1612 4923 1737 travaille

2816 1736 2938 1863 par
2999 1736 3305 1863 deſſous
3367 1736 3624 1863 contre
3673 1736 3722 1863 la
3783 1736 4064 1863 voſtre:
4101 1736 4260 1863 puis
4334 1736 4383 1863 en
4468 1736 4933 1863 deſtachant

2814 1865 2906 1989 les
2986 1865 3308 1989 eſpees,
3400 1865 3583 1989 vous
3652 1865 4123 1989 nommerez
4192 1865 4238 1989 le
4319 1865 4537 1989 poids
4606 1865 4663 1989 au
4778 1865 4939 1989 meſ-

2841 1991 2924 2114 me
2971 1991 3255 2114 inſtant
3302 1991 3491 2114 ſelon
3550 1991 3598 2114 le
3657 1991 4082 2114 jugement
4141 1991 4271 2114 que
4330 1991 4519 2114 vous
4602 1991 4614 2114 y
4685 1991 4921 2114 aurez

2818 2116 2975 2242 fait,
3041 2116 3172 2242 ſoit
3276 2116 3473 2242 Mort,
3551 2116 4036 2242 Sentiment,
4114 2116 4232 2242 Vif,
4324 2116 4664 2242 Gaillard,
4756 2116 4939 2242 Plus-

2873 2242 3201 2365 Gaillard,
3264 2242 3327 2365 ou
3403 2242 3617 2365 autre
3705 2242 3869 2365 quel
3958 2242 4109 2365 qu’il
4159 2242 4336 2365 ſoit:
4475 2242 4475 2365 &
4550 2242 4714 2365 puis
4790 2242 4929 2365 ver-

2818 2366 2941 2489 rez
3015 2366 3052 2489 ſi
3101 2366 3151 2489 le
3225 2366 3656 2489 jugement
3705 2366 4099 2489 s’accorde
4148 2366 4210 2489 au
4284 2366 4432 2489 ſaut
4506 2366 4567 2489 de
4617 2366 4937 2489 l’eſpee.

2844 2489 3149 2613 Auquel
3222 2489 3576 2613 exercice
3637 2489 3673 2613 il
3734 2489 4003 2613 faudra
4076 2489 4491 2613 continuer
4539 2489 4857 2613 juſques
4918 2489 4918 2613 à

2814 2614 2979 2737 tant
3050 2614 3192 2737 que
3262 2614 3451 2737 vous
3534 2614 3569 2737 en
3640 2614 3877 2737 ſoyez
3947 2614 4172 2737 rendu
4266 2614 4609 2737 capable.
4762 2614 4810 2737 Or
4869 2614 4928 2737 le

2817 2740 2979 2865 plus
3041 2740 3476 2865 expedient
3539 2740 3725 2865 pour
3800 2740 3812 2865 y
3875 2740 4273 2865 parvenir,
4347 2740 4509 2865 c’eſt
4571 2740 4634 2865 de
4683 2740 4733 2865 le
4795 2740 4945 2865 pra-

2817 2864 3077 2987 tiquer
3148 2864 3195 2987 du
3290 2864 4000 2987 commencement
4059 2864 4059 2987 à
4118 2864 4165 2987 la
4236 2864 4591 2987 Seconde
4650 2864 4946 2987 Inſtan-

2831 2987 2927 3118 ce,
2975 2987 3155 3118 avec
3203 2987 3647 3118 l’avantage
3707 2987 3767 3118 de
3815 2987 3863 3118 la
3911 2987 4427 3118 ſuperiorité,
4559 2987 4571 3118 &
4619 2987 4667 3118 la
4727 2987 4931 3118 com-

2856 3115 3121 3240 modité
3205 3115 3470 3240 d’avoir
3531 3115 3591 3240 le
3663 3115 3880 3240 corps
3964 3115 4277 3240 arreſté.
4422 3115 4518 3240 Car
4579 3115 4639 3240 le
4723 3115 4940 3240 corps

2835 3238 3067 3365 eſtant
3152 3238 3201 3365 en
3286 3238 3579 3365 aion,
3616 3238 3652 3365 il
3713 3238 3787 3365 ne
3860 3238 4043 3365 peut
4116 3238 4299 3365 eſtre
4384 3238 4519 3365 que
4592 3238 4641 3365 le
4714 3238 4934 3365 ſenti-

2848 3362 3024 3463 ment
3123 3362 3255 3463 n’en
3354 3362 3486 3463 ſoit
3563 3362 4124 3463 aucunement
4201 3362 4663 3463 amoindri;
4784 3362 4938 3463 mais

2830 3488 3067 3607 eſtant
3114 3488 3433 3607 arreſté,
3480 3488 3504 3607 il
3563 3488 3575 3607 a
3646 3488 3858 3607 touts
3906 3488 4012 3607 les
4059 3488 4213 3607 ſens
4272 3488 4426 3607 plus
4485 3488 4756 3607 libres;
4827 3488 4934 3607 par

2834 3603 2895 3726 ce
2967 3603 3125 3726 qu’il
3173 3603 3258 3726 eſt
3318 3603 3476 3726 tout
3548 3603 3597 3726 en
3669 3603 4105 3726 puiſſance.
4165 3603 4226 3726 Ie
4286 3603 4480 3726 veux
4541 3603 4734 3726 donc
4795 3603 4928 3726 que

2820 3731 2869 3852 le
2966 3731 3269 3852 Diſciple
3330 3731 3464 3852 ſoit
3536 3731 4046 3852 bonnement
4131 3731 4398 3852 exercé
4471 3731 4471 3852 à
4544 3731 4714 3852 faire
4799 3731 4932 3852 ceſ-

2839 3852 2969 3980 dits
3021 3852 3527 3980 jugements,
3657 3852 3657 3980 &
3748 3852 3877 3980 que
3942 3852 4137 3980 pour
4189 3852 4267 3980 l’y
4344 3852 4604 3980 ſtyler,
4669 3852 4721 3980 on
4812 3852 4928 3980 luy

2831 3978 3188 4100 preſente
3246 3978 3350 4100 les
3442 3978 3880 4100 meilleures
3984 3978 3984 4100 &
4053 3978 4215 4100 plus
4284 3978 4746 4100 commodes
4826 3978 4930 4100 oc-

2840 4101 3132 4222 caſions
3208 4101 3373 4222 qu’il
3411 4101 3551 4222 ſoit
3601 4101 3957 4222 poſſible.
4084 4101 4185 4222 Car
4236 4101 4274 4222 la
4325 4101 4515 4222 lame
4566 4101 4947 4222 inferieu-

2821 4223 2880 4345 re
2951 4223 3022 4345 ne
3093 4223 3282 4345 peut
3341 4223 3518 4345 eſtre
3588 4223 4025 4345 contrainte
4096 4223 4167 4345 de
4214 4223 4603 4345 travailler
4650 4223 4662 4345 à
4709 4223 4756 4345 la
4827 4223 4933 4345 Se-

2833 4349 3081 4471 conde
3152 4349 3519 4471 Inſtance
3602 4349 3780 4471 avec
3851 4349 4005 4471 tant
4100 4349 4159 4471 de
4230 4349 4455 4471 poids
4550 4349 4941 4471 differens,

2829 4476 3133 4598 comme
3189 4476 3380 4598 nous
3448 4476 3752 4598 venons
3819 4476 3875 4598 de
3932 4476 4337 4598 ſpecifier;
4427 4476 4584 4598 mais
4629 4476 4685 4598 je
4742 4476 4933 4598 veux

2820 4600 3270 4722 toutesfois
3329 4600 3589 4722 qu’elle
3649 4600 3767 4722 s’en
3838 4600 4051 4722 ſerve
4110 4600 4158 4722 en
4229 4600 4501 4722 faveur
4584 4600 4632 4722 du
4750 4600 4904 4722 Diſci

2821 4725 2973 4850 ple,
3023 4725 3212 4850 pour
3262 4725 3363 4850 les
3401 4725 3527 4850 luy
3590 4725 4031 4850 apprendre
4081 4725 4081 4850 à
4157 4725 4611 4850 cognoiſtre
4661 4725 4812 4850 plus
4863 4725 4951 4850 ai-

2814 4847 3145 4956 ſement.

2977 4973 3438 5102 Toutesfois
3499 4973 3535 5102 il
3596 4973 3669 5102 ne
3741 4973 3887 5102 faut
3947 4973 4214 5102 penſer
4275 4973 4650 5102 pourtant
4735 4973 4929 5102 qu’ils

2819 5101 2900 5224 ne
2958 5101 3340 5224 viennent
3386 5101 3652 5224 jamais
3710 5101 3756 5224 en
3837 5101 4091 5224 uſage.
4218 5101 4322 5224 Car
4369 5101 4426 5224 au
4507 5101 4935 5224 contraire,

2822 5221 3045 5356 apres
3107 5221 3231 5356 que
3293 5221 3479 5356 vous
3529 5221 3653 5356 luy
3702 5221 3925 5356 aurez
3987 5221 4149 5356 tenu
4223 5221 4484 5356 l’eſpee
4546 5221 4930 5356 aſſujettie

2818 5348 2830 5454 à
2901 5348 2936 5454 la
3030 5348 3277 5454 meſme
3347 5348 3712 5454 Seconde
3771 5348 4182 5454 Inſtance,
4264 5348 4300 5454 ſi
4370 5348 4558 5454 vous
4640 5348 4923 5454 eſlevez

2830 5475 3570 5598 conſequemment
3616 5475 3674 5598 le
3732 5475 3893 5598 pied
3963 5475 4148 5598 droit
4217 5475 4391 5598 avec
4460 5475 4922 5598 avancemẽt

2832 5598 2902 5719 de
2971 5598 3180 5719 corps
3238 5598 3424 5719 pour
3494 5598 3888 5719 cheminer
3993 5598 4004 5719 &
4074 5598 4364 5719 donner
4411 5598 4782 5719 l’atteinte
4840 5598 4898 5719 au

2826 5723 3011 5846 long
3077 5723 3129 5846 du
3248 5723 3511 5846 Quarré
3564 5723 3828 5846 Inſcrit
3880 5723 3880 5846 à
3933 5723 3986 5846 la
4065 5723 4473 5846 Troiſieme
4539 5723 4921 5846 Inſtance,

2827 5848 2996 5976 ainſi
3087 5848 3243 5976 qu’il
3321 5848 3399 5976 eſt
3464 5848 3568 5976 icy
3646 5848 4102 5976 repreſenté
4180 5848 4232 5976 au
4375 5848 4609 5976 Cercle
4687 5848 4726 5976 5.
4882 5848 4921 5976 Et

2840 5973 3019 6097 qu’en
3120 5973 3579 6097 cheminant
3646 5973 3814 6097 ainſi
3892 5973 3937 6097 en
4026 5973 4250 6097 avant
4306 5973 4485 6097 vous
4541 5973 4922 6097 augmen-

2821 6095 2964 6227 tiez
3048 6095 3466 6227 deuement
3526 6095 3765 6227 voſtre
3824 6095 4290 6227 ſuperiorité
4350 6095 4457 6227 par
4505 6095 4541 6227 la
4612 6095 4935 6227 gradua-

2819 6223 2962 6350 tion
3046 6223 3165 6350 des
3224 6223 3522 6350 eſpees,
3642 6223 3689 6350 en
3773 6223 3964 6350 ſorte
4047 6223 4178 6350 que
4238 6223 4297 6350 le
4393 6223 4572 6350 coup
4643 6223 4703 6350 en
4786 6223 4917 6350 ſoit

2842 6346 3058 6471 dreſſé
3130 6346 3310 6471 avec
3370 6346 3646 6471 autant
3718 6346 4163 6471 d’avantage
4247 6346 4511 6471 devers
4559 6346 4619 6471 le
4679 6346 4919 6471 viſage

2839 6473 2886 6597 du
2992 6473 3427 6597 Contraire;
3498 6473 3533 6597 il
3592 6473 3639 6597 en
3709 6473 3839 6597 ſera
3898 6473 4145 6597 forcé,
4215 6473 4309 6597 s’il
4356 6473 4439 6597 ne
4498 6473 4662 6597 veut
4721 6473 4933 6597 rece-

2827 6593 2971 6724 voir
3019 6593 3440 6724 l’atteinte,
3500 6593 4041 6724 d’augmenter
4101 6593 4209 6724 ſon
4281 6593 4510 6724 poids
4570 6593 4582 6724 à
4642 6593 4930 6724 l’adve-

2814 6722 3042 6849 nant,
3114 6722 3186 6849 ne
3258 6722 3619 6849 pouvant
3691 6722 3979 6849 reſiſter
4051 6722 4063 6849 à
4147 6722 4387 6849 voſtre
4448 6722 4916 6849 ſuperiorité

2813 6848 2966 6972 tant
3037 6848 3556 6972 augmentée,
3639 6848 3734 6972 s’il
3793 6848 3875 6972 ne
3946 6848 4182 6972 prend
4253 6848 4300 6972 en
4395 6848 4548 6972 aide
4619 6848 4784 6972 tout
4855 6848 4914 6972 le

2817 6972 2999 7096 reſte
3090 6972 3194 7096 des
3246 6972 3494 7096 poids,
3559 6972 3858 7096 meſmes
3910 6972 4236 7096 juſqu’au
4353 6972 4757 7096 Tres-fort,
4809 6972 4926 7096 qui

2823 7099 2906 7200 eſt
2953 7099 3013 7200 le
3083 7099 3367 7200 dernier
3438 7099 3497 7200 de
3556 7099 3793 7200 touts.

4863 7211 4916 7319 Or
