5520 7640
729 511 779 648 Or
829 511 1043 648 apres
1106 511 1232 648 que
1295 511 1483 648 vous
1533 511 1735 648 ſerez
1797 511 2024 648 rendu
2112 511 2414 648 capable
2489 511 2552 648 de
2590 511 2703 648 ju-

614 644 724 771 ger
833 644 1233 771 &nommer
1281 644 1451 771 tout
1500 644 1512 771 à
1560 644 1888 771 l’inſtant
1936 644 2154 771 touts
2191 644 2300 771 les
2348 644 2567 771 poids
2615 644 2664 771 au

599 768 929 895 rapport
1014 768 1063 895 du
1136 768 1601 895 ſentiment,
1650 768 1699 895 le
1772 768 1992 895 corps
2053 768 2285 895 eſtant
2346 768 2627 895 arreſté
2676 768 2688 895 à

595 894 632 1020 la
720 894 1072 1020 Seconde
1159 894 1548 1020 Inſtance,
1598 894 1824 1020 libre,
1950 894 1950 1020 &
2025 894 2539 1020 totallement
2627 894 2677 1020 en

594 1020 1028 1149 puiſſance;
1103 1020 1264 1149 auſſi
1326 1020 1586 1149 faudra
1648 1020 1685 1149 il
1747 1020 2478 1149 conſequemment
2565 1020 2689 1149 que

599 1144 787 1275 vous
834 1144 1045 1275 alliez
1104 1144 1561 1275 pratiquant
1608 1144 1655 1275 le
1737 1144 2031 1275 meſme,
2136 1144 2136 1275 &
2195 1144 2242 1275 en
2312 1144 2347 1275 la
2430 1144 2688 1275 meſme

594 1275 821 1395 ſorte,
893 1275 1156 1395 durant
1227 1275 1347 1395 que
1407 1275 1455 1395 le
1514 1275 1729 1395 corps
1777 1275 1921 1395 ſera
1992 1275 2040 1395 en
2112 1275 2399 1395 aion,
2494 1275 2494 1395 &
2554 1275 2685 1395 que

589 1389 638 1514 le
711 1389 882 1514 pied
943 1389 1138 1514 droit
1187 1389 1321 1514 ſera
1394 1389 1553 1514 deſia
1626 1389 1846 1514 eſlevé
1907 1389 2089 1514 pour
2163 1389 2553 1514 cheminer
2626 1389 2687 1514 de

591 1517 630 1648 la
720 1517 1069 1648 Seconde
1146 1517 1495 1648 Inſtance
1547 1517 1611 1648 au
1676 1517 1857 1648 long
1921 1517 1973 1648 du
2102 1517 2361 1648 Quarré
2425 1517 2696 1648 Inſcrit

613 1644 876 1764 devers
935 1644 983 1764 la
1078 1644 1556 1764 Troiſieſme,
1639 1644 1687 1764 en
1758 1644 2152 1764 intention
2236 1644 2331 1764 d’y
2403 1644 2689 1764 donner

599 1766 997 1891 touſiours
1045 1766 1081 1891 la
1178 1766 1431 1891 meſme
1491 1766 1853 1891 atteinte,
1925 1766 2058 1891 que
2118 1766 2396 1891 deſſus.
2528 1766 2528 1891 A
2601 1766 2697 1891 la-

602 1890 846 2017 quelle
906 1890 1296 2017 occaſion,
1345 1890 1406 2017 le
1491 1890 1880 2017 Contraire
1929 1890 2063 2017 ſera
2124 1890 2331 2017 forcé
2392 1890 2587 2017 pour
2635 1890 2684 2017 ſe

613 2012 986 2147 defendre
1085 2012 1532 2147 d’accoiſtre
1607 2012 1706 2147 ſon
1806 2012 2067 2147 effort,
2166 2012 2216 2147 en
2315 2012 2700 2147 augmen-

586 2141 745 2270 tant
794 2141 843 2270 le
904 2141 1160 2270 poids.
1270 2141 1440 2270 Dont
1501 2141 1684 2270 vous
1745 2141 2245 2270 deſtacherez
2319 2141 2685 2270 derechef

592 2268 640 2391 au
747 2268 998 2391 meſme
1046 2268 1332 2391 Inſtant
1392 2268 1488 2391 les
1571 2268 1822 2391 eſpees
1893 2268 1941 2391 en
2013 2268 2061 2391 la
2168 2268 2419 2391 meſme
2490 2268 2682 2391 ſorte

599 2390 729 2518 que
812 2390 1107 2518 deſſus,
1166 2390 1580 2518 nommant
1639 2390 2195 2518 pareillement
2254 2390 2313 2518 le
2360 2390 2514 2518 nom
2608 2390 2656 2518 du

586 2520 815 2643 poids
887 2520 1067 2643 ſelon
1164 2520 1224 2643 ce
1308 2520 1465 2643 qu’il
1525 2520 1705 2643 vous
1766 2520 1814 2643 en
1898 2520 2223 2643 ſemble,
2283 2520 2464 2643 pour
2536 2520 2693 2643 voir

591 2640 913 2769 encores
982 2640 1005 2769 ſi
1074 2640 1120 2769 le
1189 2640 1338 2769 ſaut
1407 2640 1453 2769 en
1545 2640 1958 2769 accordera
2016 2640 2200 2769 avec
2268 2640 2510 2769 voſtre
2579 2640 2682 2769 ju-

600 2766 951 2892 gement.
1084 2766 1133 2892 En
1254 2766 1448 2892 quoy
1520 2766 1556 2892 il
1629 2766 1883 2892 faudra
1980 2766 2101 2892 que
2186 2766 2367 2892 vous
2440 2766 2682 2892 conti-

574 2892 802 3014 nuiez
862 2892 1581 3014 ſemblablement,
1641 2892 1929 3014 juſqu’à
2001 2892 2145 3014 tant
2229 2892 2348 3014 que
2408 2892 2600 3014 vous
2660 2892 2672 3014 y

581 3014 764 3139 ayez
824 3014 1092 3139 acquis
1140 3014 1286 3139 une
1371 3014 1748 3139 mediocre
1808 3014 2234 3139 habitude.
2367 3014 2464 3139 Car
2525 3014 2683 3139 puis

593 3139 755 3266 qu’il
809 3139 904 3266 eſt
944 3139 1376 3266 neceſſaire
1443 3139 1929 3266 d’appliquer
1983 3139 1997 3266 à
2064 3139 2401 3266 chaſque
2482 3139 2698 3266 diffe-

579 3265 805 3388 rence
889 3265 960 3388 de
1043 3265 1270 3388 poids
1353 3265 1817 3388 differentes
1889 3265 2425 3388 operations,
2520 3265 2687 3388 ainſi

580 3388 720 3507 que
778 3388 883 3507 les
964 3388 1372 3507 exemples
1441 3388 1825 3507 ſuyvants
1907 3388 2175 3507 feront
2256 3388 2687 3507 paroiſtre,

562 3503 598 3626 il
670 3503 813 3626 faut
897 3503 1136 3626 croire
1219 3503 1351 3626 que
1434 3503 1626 3626 ceſte
1673 3503 2080 3626 habitude
2151 3503 2235 3626 eſt
2295 3503 2354 3626 le
2426 3503 2701 3626 fonde-

597 3622 779 3769 ment
844 3622 909 3769 de
987 3622 1546 3769 l’aſſeurance,
1702 3622 1702 3769 &
1780 3622 1845 3769 de
1897 3622 1936 3769 la
2001 3622 2312 3769 juſteſſe
2403 3622 2455 3769 de
2520 3622 2689 3769 tout

562 3753 624 3844 le
686 3753 921 3844 reſte.

1308 4411 1611 4581 Cercle
1849 4411 2065 4581 N1.

617 4659 1007 4776 Repreſentant
1053 4659 1236 4776 comme
1317 4659 1615 4776 Alexandre
1684 4659 1695 4776 a
1764 4659 2016 4776 aſſujetti
2074 4659 2257 4776 l’eſpee
2326 4659 2601 4776 contraire
2659 4659 2693 4776 en

726 4783 929 4905 ledans,
977 4783 1013 4905 en
1072 4783 1239 4905 allant
1299 4783 1323 4905 de
1371 4783 1407 4905 la
1490 4783 1729 4905 Premiere
1789 4783 2015 4905 Inſtance
2063 4783 2111 4905 au
2159 4783 2266 4905 long
2350 4783 2386 4905 du
2517 4783 2696 4905 Quarré

711 4905 894 5008 Inſcrit
940 4905 940 5008 à
997 4905 1032 5008 la
1089 4905 1387 5008 Seconde.

1089 5109 1604 5242 Reſuppoſant
1692 5109 1818 5242 que
1881 5109 1981 5242 les
2069 5109 2258 5242 deux
2358 5109 2697 5242 Contrai-

1048 5244 1153 5366 res
1246 5244 1468 5366 ayent
1561 5244 2237 5366 preallablement
2330 5244 2493 5366 tenu
2598 5244 2703 5366 les

1064 5367 1313 5490 eſpees
1401 5367 1451 5490 en
1538 5367 1788 5490 droite
1850 5367 2062 5490 ligne
2124 5367 2137 5490 à
2199 5367 2249 5490 la
2324 5367 2698 5490 Premiere

1064 5492 1461 5619 Inſtance;
1533 5492 1750 5619 voicy
1823 5492 2557 5619 conſequemment
2654 5492 2714 5619 A-

600 5614 1093 5738 LEXANDRE
1199 5614 1305 5738 qui
1375 5614 1375 5738 à
1457 5614 1798 5738 aſſujetti
1857 5614 1892 5738 la
1986 5614 2374 5738 contraire
2456 5614 2503 5738 en
2609 5614 2714 5738 de-

611 5741 781 5862 dans
854 5741 903 5862 du
976 5741 1133 5862 bras
1194 5741 1206 5862 à
1255 5741 1291 5862 la
1376 5741 1728 5862 Seconde
1789 5741 2177 5862 Inſtance,
2250 5741 2699 5862 cheminant

595 5866 775 5992 avec
851 5866 902 5992 le
992 5866 1171 5992 pied
1261 5866 1440 5992 droit
1517 5866 1632 5992 par
1696 5866 1734 5992 la
1811 5866 2003 5992 trace
2092 5866 2143 5992 du
2284 5866 2540 5992 Quarré
2604 5866 2719 5992 In-

590 5994 827 6115 ſcrit,
981 5994 993 6115 &
1064 5994 1586 6115 pourſuivant
1657 5994 2310 6115 circulairement
2393 5994 2571 6115 avec
2642 5994 2701 6115 le

605 6118 771 6244 pied
834 6118 1166 6244 gauche,
1217 6118 1230 6244 à
1293 6118 1587 6244 planter
1638 6118 1740 6244 ſur
1791 6118 1842 6244 le
1931 6118 2415 6244 Circonſcrit,
2454 6118 2556 6244 les
2619 6118 2709 6244 or-

609 6243 770 6363 teils
820 6243 919 6363 ſur
981 6243 1031 6363 le
1118 6243 1503 6363 Diametre
1577 6243 1937 6363 oblique,
2061 6243 2073 6363 &
2123 6243 2173 6363 le
2235 6243 2421 6363 talon
2508 6243 2607 6363 ſur
2657 6243 2694 6363 la

601 6365 824 6490 lettre
942 6365 994 6490 D.
1099 6365 1269 6490 dont
1321 6365 1361 6490 il
1426 6365 1597 6490 n’eſt
1675 6365 2003 6490 beſoing
2081 6365 2212 6490 d’en
2291 6365 2710 6490 expliquer

636 6493 1101 6620 maintenant
1172 6493 1208 6620 la
1292 6493 1816 6620 procedure,
1912 6493 2210 6620 voyant
2293 6493 2555 6620 qu’elle
2627 6493 2710 6620 eſt

604 6616 1095 6730 amplement
1170 6616 1485 6730 deſcrite
1535 6616 1598 6730 au
1699 6616 2001 6730 Tableau
2114 6616 2277 6730 VII.
2391 6616 2630 6730 Cercle
2680 6616 2718 6730 1.

659 6735 798 6855 Mais
856 6735 1460 6855 preſentement
1518 6735 1553 6855 il
1611 6735 1762 6855 faut
1843 6735 2238 6855 examiner
2296 6735 2703 6855 comment

604 6858 642 6994 il
703 6858 753 6994 ſe
827 6858 1038 6994 doibt
1124 6858 1570 6994 gouverner
1632 6858 1842 6994 apres
1917 6858 2078 6994 qu’il
2152 6858 2164 6994 y
2226 6858 2362 6994 ſera
2437 6858 2709 6994 arrivé,

615 6985 798 7097 pour
872 6985 921 7097 ſe
994 6985 1373 7097 prevaloir
1459 6985 1508 7097 de
1569 6985 1618 7097 la
1704 6985 2267 7097 cognoiſſance
2328 6985 2377 7097 du
2475 6985 2707 7097 Senti-

2871 498 3092 614 ment.
3215 498 3448 614 Eſtant
3521 498 3705 614 donc
3754 498 3767 614 à
3816 498 4049 614 ladite
4134 498 4502 614 Seconde
4576 498 4981 614 Inſtance,

2903 619 2903 761 &
2976 619 2988 761 y
3049 619 3316 761 tenant
3377 619 3657 761 l’eſpee
3730 619 4107 761 contraire
4180 619 4581 761 aſſujettie
4654 619 4836 761 ſelon
4921 619 4958 761 la

2838 745 3141 885 juſteſſe
3191 745 3531 885 requiſe,
3582 745 3607 885 il
3657 745 3909 885 prend
3960 745 4539 885 ſerieuſement
4602 745 4816 885 garde
4892 745 4942 885 au

2838 872 3271 1006 ſentiment
3343 872 3535 1006 pour
3607 872 3656 1006 en
3752 872 4209 1006 cognoiſtre
4269 872 4329 1006 le
4425 872 4690 1006 Poids,
4786 872 4967 1006 avec

2859 997 3049 1140 quoy
3108 997 3144 1140 la
3203 997 3392 1140 lame
3440 997 3878 1140 inferieure
3937 997 4280 1140 travaille
4351 997 4624 1140 contre
4671 997 4718 1140 la
4789 997 4979 1140 ſien-

2837 1121 2950 1262 ne,
3025 1121 3150 1262 que
3213 1121 3301 1262 s’il
3363 1121 3852 1262 s’apperçoit
3927 1121 4165 1262 quelle
4253 1121 4566 1262 manque
4642 1121 4704 1262 de
4754 1121 4980 1262 ſenti-

2867 1251 3078 1383 ment,
3148 1251 3453 1383 comme
3511 1251 3757 1383 eſtant
3851 1251 4108 1383 morte.
4237 1251 4717 1383 L’operation
4846 1251 4857 1383 &
4916 1251 4963 1383 la

2833 1369 3247 1514 pourſuite
3324 1369 3479 1514 qu’il
3544 1369 3751 1514 doibt
3803 1369 3984 1514 faire
4022 1369 4061 1514 là
4152 1369 4410 1514 deſſus,
4475 1369 4617 1514 ſera
4669 1369 4966 1514 tantoſt

2836 1495 3200 1637 ſpecifiée
3278 1495 3329 1637 au
3459 1495 3693 1637 Cercle
3758 1495 3797 1637 3.
3939 1495 4043 1637 Car
4108 1495 4277 1637 ainſi
4355 1495 4523 1637 qu’il
4588 1495 4744 1637 faut
4822 1495 4964 1637 une

2843 1631 3126 1756 grande
3200 1631 3864 1756 circomſpeion
3950 1631 4000 1756 au
4135 1631 4443 1756 Diſciple
4516 1631 4738 1756 avant
4824 1631 4959 1756 que

2854 1753 2913 1870 de
2961 1753 2996 1870 la
3067 1753 3611 1870 commencer,
3671 1753 3836 1870 ainſi
3895 1753 3931 1870 il
4014 1753 4191 1870 m’eſt
4238 1753 4676 1870 neceſſaire
4723 1753 4960 1870 avant

2855 1876 2975 2015 que
3023 1876 3059 2015 la
3155 1876 3516 2015 declarer,
3600 1876 3672 2015 de
3733 1876 3925 2015 vous
3985 1876 4033 2015 en
4105 1876 4430 2015 expoſer
4502 1876 4550 2015 en
4623 1876 4695 2015 un
4767 1876 4959 2015 petit

2863 2016 2992 2126 mot
3039 2016 3075 2126 la
3145 2016 3381 2126 cauſe.

2957 2103 3351 2268 Iuſqu’icy
3427 2103 3630 2268 nous
3681 2103 3922 2268 avons
3986 2103 4328 2268 diſpenſe
4392 2103 4646 2268 noſtre
4760 2103 4963 2268 Diſci-

2832 2250 2942 2382 ple
3027 2250 3089 2382 de
3150 2250 3554 2382 travailler
3603 2250 3786 2382 avec
3860 2250 4349 2382 obſervation
4459 2250 4533 2382 de
4606 2250 4863 2382 Poids:
4949 2250 4961 2382 à

2838 2377 3039 2518 cauſe
3110 2377 3240 2518 que
3311 2377 3370 2518 du
3477 2377 4199 2518 commencement
4247 2377 4282 2518 il
4341 2377 4483 2518 n’en
4578 2377 4791 2518 eſtoit
4839 2377 4969 2518 pas

2843 2508 3181 2639 capable,
3294 2508 3294 2639 &
3382 2508 3545 2639 qu’il
3607 2508 3808 2639 avoit
3883 2508 4058 2639 aſſés
4121 2508 4121 2639 à
4184 2508 4359 2639 faire
4434 2508 4434 2639 à
4510 2508 4961 2639 gouverner

2829 2635 3208 2761 ſeulemẽt
3257 2635 3416 2761 bien
3477 2635 3526 2761 le
3587 2635 3832 2761 corps,
3868 2635 3966 2761 les
4027 2635 4492 2761 demarches
4553 2635 4663 2761 des
4712 2635 4969 2761 pieds,

2888 2762 2888 2881 &
2960 2762 3055 2881 les
3151 2762 3712 2881 mouvements
3795 2762 3843 2881 du
3927 2762 4094 2881 bras
4213 2762 4225 2881 &
4297 2762 4357 2881 de
4428 2762 4739 2881 l’eſpee,
4799 2762 4966 2881 ſans

2815 2890 2873 3012 ſe
2955 2890 3210 3012 mettre
3292 2890 3350 3012 de
3420 2890 3815 3012 premiere
3861 2890 4106 3012 abord
4175 2890 4222 3012 en
4327 2890 4443 3012 des
4489 2890 4966 3012 preceptes,

2837 3009 2882 3109 où
2949 3009 2994 3109 il
3039 3009 3083 3109 ſe
3139 3009 3599 3109 trouveroit
3655 3009 3823 3109 tout
3879 3009 4418 3109 incontinent
4485 3009 4956 3109 embrouillé

2830 3129 2938 3267 par
2998 3129 3047 3267 la
3143 3129 3613 3267 multitude,
3733 3129 3745 3267 &
3805 3129 4130 3267 encores
4191 3129 4359 3267 plus
4407 3129 4528 3267 par
4576 3129 4612 3267 la
4672 3129 4974 3267 ſubtili-

2831 3254 2916 3390 té,
2976 3254 3085 3390 qui
3146 3254 3218 3390 ne
3279 3254 3388 3390 luy
3461 3254 3545 3390 eſt
3594 3254 4042 3390 nullement
4102 3254 4526 3390 neceſſaire
4574 3254 4586 3390 à
4635 3254 4962 3390 l’entree

2840 3389 2908 3508 de
2954 3389 3433 3508 l’Exercice.
3570 3389 3616 3508 Et
3685 3389 3993 3508 partant
4061 3389 4267 3508 nous
4335 3389 4575 3508 avons
4643 3389 4963 3508 preſup-

2828 3510 2997 3627 poſé
3077 3510 3122 3627 en
3212 3510 3494 3627 toutes
3551 3510 3653 3627 les
3720 3510 4003 3627 leçons
4071 3510 4669 3627 precedentes,
4748 3510 4940 3627 qu’en

2833 3626 3390 3747 aſſujettiſſant
3438 3626 3717 3747 l’eſpee
3790 3626 4177 3747 contraire
4250 3626 4262 3747 à
4310 3626 4359 3747 la
4431 3626 4795 3747 Seconde
4867 3626 4976 3747 In-

2831 3751 3123 3875 ſtance,
3229 3751 3240 3875 &
3310 3751 3568 3875 depuis
3626 3751 4071 3875 travaillant
4152 3751 4959 3875 conſecutivement,

2845 3880 2976 3999 que
3036 3880 3095 3999 le
3202 3880 3596 3999 Contraire
3655 3880 3786 3999 luy
3846 3880 4156 3999 baillera
4203 3880 4620 3999 touſiours
4680 3880 4775 3999 les
4859 3880 4966 3999 oc-

2853 4003 3131 4129 caſions
3197 4003 3369 4129 auſſi
3435 4003 3673 4129 belles
3752 4003 3911 4129 qu’il
3964 4003 4109 4129 ſera
4175 4003 4532 4129 poſſible,
4599 4003 4718 4129 afin
4810 4003 4982 4129 qu’il

2831 4130 3047 4246 n’aye
3115 4130 3126 4246 à
3206 4130 3478 4246 penſer
3546 4130 3557 4246 a
3625 4130 3829 4246 rien,
3909 4130 4102 4246 ſinon
4181 4130 4192 4246 à
4283 4130 4544 4246 mettre
4612 4130 4964 4246 commo-

2845 4253 3160 4377 dement
3218 4253 3276 4377 en
3358 4253 3765 4377 execution
3835 4253 3940 4377 les
3975 4253 4266 4377 leçons
4324 4253 4441 4377 qui
4476 4253 4604 4377 luy
4662 4253 4825 4377 ſont
4883 4253 4977 4377 re-

2837 4379 3308 4501 preſentées
3382 4379 3493 4501 par
3555 4379 3654 4501 les
3728 4379 4050 4501 figures.
4186 4379 4236 4501 En
4322 4379 4520 4501 ſorte
4594 4379 4978 4501 qu’eſtant

2850 4504 3021 4624 venu
3094 4504 3094 4624 à
3156 4504 3192 4624 la
3266 4504 3633 4624 Seconde
3681 4504 4085 4624 Inſtance,
4122 4504 4158 4624 il
4207 4504 4672 4624 pourſuivra
4733 4504 4770 4624 ſa
4868 4504 4978 4624 de-

2869 4629 3186 4757 marche,
3276 4629 3321 4757 en
3423 4629 3887 4757 cheminant
3966 4629 4735 4757 conſecutivement
4803 4629 4961 4757 ſans

2838 4754 3045 4881 nulle
3093 4754 3312 4881 autre
3373 4754 3943 4881 conſideration
4028 4754 4296 4881 devers
4344 4754 4381 4881 la
4466 4754 4514 4881 3.
4660 4754 4721 4881 Ce
4806 4754 4963 4881 qu’il

2834 4883 2913 4999 ne
2991 4883 3270 4999 pourra
3348 4883 3795 4999 toutesfois
3873 4883 4298 4999 deſormais
4387 4883 4968 4999 commencer,

2839 5004 2998 5130 ſans
3071 5004 3339 5130 aſſeoir
3413 5004 4083 5130 preallablement
4157 5004 4218 5130 un
4315 5004 4437 5130 bon
4522 5004 4962 5130 jugement

2867 5130 2929 5255 de
3014 5130 3063 5255 ce
3161 5130 3272 5255 qui
3333 5130 3443 5255 luy
3517 5130 3652 5255 ſera
3725 5130 3884 5255 plus
3970 5130 4509 5255 convenable.
4644 5130 4742 5255 Car
4804 5130 4975 5255 puis

2856 5253 2984 5375 que
3035 5253 3074 5375 la
3151 5253 3496 5375 diverſité
3573 5253 3624 5375 du
3714 5253 3931 5375 Poids
3982 5253 4341 5375 requiert
4392 5253 4558 5375 auſſi
4622 5253 4635 5375 à
4686 5253 4968 5375 l’adve-

2841 5382 3022 5508 nant
3082 5382 3421 5508 diverſes
3481 5382 3976 5508 operations,
4025 5382 4049 5508 il
4097 5382 4182 5508 ne
4230 5382 4604 5508 pourroit
4665 5382 4979 5508 eſchap-

2844 5506 2966 5633 per
3027 5506 3076 5633 le
3174 5506 3504 5633 danger,
3565 5506 3663 5633 s’il
3749 5506 3761 5633 y
3835 5506 4140 5633 vouloit
4214 5506 4385 5633 aller
4446 5506 4972 5633 autrement.

2864 5628 3042 5751 Pour
3089 5628 3432 5751 laquelle
3491 5628 3704 5751 choſe
3775 5628 4319 5751 repreſenter,
4390 5628 4579 5751 nous
4650 5628 4697 5751 en
4804 5628 4969 5751 met-

2848 5758 3021 5889 tons
3095 5758 3205 5889 icy
3279 5758 3341 5889 un
3452 5758 3809 5889 exemple
3871 5758 3932 5889 au
4056 5758 4290 5889 Cercle
4376 5758 4413 5889 2.
4512 5758 4807 5889 auquel
4894 5758 4980 5889 eſt

2875 5880 3317 6009 demonſtré
3393 5880 3999 6009 qu’AeExandre
4062 5880 4201 6009 ſera
4277 5880 4505 6009 bleſſé
4568 5880 4972 6009 indubita-

2849 6007 3257 6139 blement,
3347 6007 3436 6139 s’il
3500 6007 3576 6139 ne
3653 6007 3997 6139 travaille
4073 6007 4252 6139 ſelon
4341 6007 4787 6139 l’exigence
4902 6007 4953 6139 du

2881 6123 3110 6254 Poids,
3178 6123 3299 6254 qui
3353 6123 3474 6254 luy
3555 6123 3650 6254 eſt
3717 6123 4108 6254 preſenté.

4848 6708 4981 6799 Cer-
