5520 7640
1279 506 1592 676 Cercle
1883 506 2062 676 .2.

612 743 906 870 Alexandre
965 743 1177 870 n’ayant
1236 743 1435 870 obſervé
1506 743 1506 870 à
1565 743 1600 870 la
1671 743 1882 870 Seconde
1953 743 2176 870 Inſtance
2235 743 2271 870 le
2353 743 2482 870 Poids
2541 743 2576 870 de
2635 743 2671 870 la

688 873 821 993 lame
855 873 1177 993 contraire,
1232 873 1321 993 qui
1354 873 1498 993 eſtoit
1621 873 1798 993 Morte;
1865 873 2187 993 entreprend
2264 873 2298 993 de
2353 873 2420 993 luy
2475 873 2664 993 vouloir

706 998 886 1135 donner
922 998 1210 1135 l’eſtocade
1258 998 1258 1135 à
1306 998 1342 1135 la
1402 998 1666 1135 Troiſieme
1714 998 1966 1135 Inflance:
2038 998 2134 1135 dont
2182 998 2206 1135 il
2242 998 2278 1135 ſe
2326 998 2506 1135 trouve
2542 998 2662 1135 eſtre

697 1124 835 1260 bleſſe
890 1124 958 1260 luy
1027 1124 1206 1260 meſme.

1080 1267 1226 1412 Oicy
1311 1267 1494 1412 donc
1580 1267 2140 1412 ALEXANDRE,
2213 1267 2323 1412 qui
2396 1267 2445 1412 va
2530 1267 2664 1412 tra-

1040 1412 1293 1536 vailler
1344 1412 1446 1536 ſur
1484 1412 1750 1536 l’eſpee
1813 1412 2206 1536 aſſujettie
2244 1412 2409 1536 ſans
2447 1412 2675 1536 pren-

1049 1538 1158 1663 dre
1231 1538 1449 1663 garde
1522 1538 1570 1663 au
1655 1538 2140 1663 ſentiment.
2261 1538 2371 1663 Car
2443 1538 2492 1663 en
2577 1538 2674 1663 le-

1049 1659 1209 1779 vant
1258 1659 1307 1779 le
1369 1659 1553 1779 pied
1614 1659 1799 1779 droit
1872 1659 1921 1779 du
1983 1659 2106 1779 lieu
2204 1659 2265 1779 ou
2351 1659 2376 1779 il
2450 1659 2671 1779 eſtoit

585 1780 833 1907 planté
912 1780 964 1907 au
1055 1780 1317 1907 poin
1434 1780 1473 1907 G.
1565 1780 1748 1907 pour
1800 1780 1970 1907 aller
2022 1780 2035 1907 à
2087 1780 2127 1907 la
2179 1780 2414 1907 lettre
2532 1780 2558 1907 N.
2636 1780 2662 1907 il

577 1908 1009 2032 augmente
1057 1908 1093 2032 la
1190 1908 1622 2032 graduation
1731 1908 1791 2032 de
1863 1908 1959 2032 ſon
2043 1908 2295 2032 eſpee,
2392 1908 2512 2032 par
2560 1908 2668 2032 les

599 2034 904 2152 meſmes
975 2034 1352 2152 nombres
1422 2034 1493 2152 de
1551 2034 1822 2152 l’eſpee
1893 2034 2328 2152 contraire,
2410 2034 2457 2152 où
2551 2034 2669 2152 elle

582 2153 793 2276 eſtoit
855 2153 1514 2276 preallablement
1576 2153 1998 2276 aſſujettie,
2048 2153 2235 2276 pour
2309 2153 2321 2276 y
2408 2153 2657 2276 mettre

597 2277 826 2379 deſſus
877 2277 928 2379 le
1018 2277 1286 2379 Centre
1362 2277 1413 2379 de
1477 2277 1515 2379 la
1579 2277 1873 2379 ſienne,
1987 2277 1987 2379 &
2051 2277 2217 2379 ainſi
2268 2277 2332 2379 le
2396 2277 2676 2379 bleſſer

578 2403 626 2526 au
723 2403 1012 2526 viſage,
1073 2403 1073 2526 à
1145 2403 1555 2526 l’exemple
1640 2403 1700 2526 de
1784 2403 1845 2526 ce
1917 2403 2026 2526 qui
2086 2403 2134 2526 ſe
2219 2403 2363 2526 voit
2412 2403 2665 2526 repre-

576 2524 780 2649 ſenté
840 2524 900 2649 au
1032 2524 1272 2649 Cercle
1344 2524 1380 2649 5.
1548 2524 1681 2649 Mais
1765 2524 2101 2649 d’autant
2185 2524 2317 2649 que
2377 2524 2413 2649 la
2473 2524 2665 2649 lame

581 2654 969 2773 contraire
1027 2654 1110 2773 eſt
1192 2654 1451 2773 morte,
1509 2654 1556 2773 en
1627 2654 1815 2773 ſorte
1886 2654 2050 2773 qu’il
2085 2654 2227 2773 n’en
2297 2654 2497 2773 avoit
2556 2654 2661 2773 pas

597 2772 648 2893 de
712 2772 1194 2893 ſentiment,
1258 2772 1360 2893 ſur
1411 2772 1741 2893 l’inſtant
1817 2772 1982 2893 qu’il
2021 2772 2275 2893 plante
2326 2772 2376 2893 le
2440 2772 2605 2893 pied
2656 2772 2669 2893 à

575 2899 798 3015 terre,
909 2899 1355 3015 ZACHARIE
1442 2899 1802 3015 deſtache
1839 2899 1938 3015 les
2000 2899 2260 3015 eſpees
2310 2899 2458 3015 ſans
2520 2899 2681 3015 qu’il

575 3017 681 3139 s’en
776 3017 1013 3139 puiſſe
1072 3017 1072 3139 à
1155 3017 1379 3139 peine
1439 3017 2007 3139 appercevoir,
2125 3017 2137 3139 &
2173 3017 2303 3139 luy
2362 3017 2409 3139 en
2504 3017 2670 3139 don-

565 3141 646 3236 ne
727 3141 773 3236 au
900 3141 1154 3236 meſme
1211 3141 1488 3236 inſtant
1546 3141 1927 3236 l’atteinte
1996 3141 2042 3236 au
2158 3141 2516 3236 deſſoubs
2596 3141 2666 3236 de

572 3260 609 3384 la
695 3260 978 3384 garde,
1088 3260 1138 3384 du
1236 3260 1359 3384 lieu
1470 3260 1531 3384 ou
1629 3260 1654 3384 il
1740 3260 1949 3384 eſtoit
2035 3260 2281 3384 planté
2355 3260 2589 3384 ferme
2662 3260 2675 3384 a

568 3383 845 3473 ferme.

726 3503 1181 3630 Toutesfois
1240 3503 1276 3630 il
1324 3503 1599 3630 pourra
1671 3503 1958 3630 donner
2018 3503 2077 3630 le
2173 3503 2663 3630 meſmecoup

568 3631 743 3755 avec
849 3631 1071 3755 moins
1153 3631 1212 3755 de
1306 3631 1633 3755 danger,
1715 3631 1751 3755 ſi
1844 3631 2289 3755 ALExandre
2371 3631 2418 3755 en
2523 3631 2664 3755 gra-

594 3752 807 3875 duant
867 3752 961 3875 ſon
1056 3752 1257 3875 eſpee
1316 3752 1316 3875 à
1376 3752 1494 3875 fait
1565 3752 1908 3875 quelque
1967 3752 2405 3875 ouverture
2488 3752 2678 3875 d’an-

590 3873 717 4001 gle,
831 3873 831 4001 &
908 3873 1060 4001 qu’il
1111 3873 1404 4001 prenne
1480 3873 1633 4001 bien
1696 3873 2091 4001 l’occaſion
2180 3873 2243 4001 de
2320 3873 2396 4001 s’y
2472 3873 2676 4001 four-

569 3996 675 4121 rer
769 3996 1087 4121 dedans,
1181 3996 1651 4121 moyennant
1710 3996 2298 4121 l’avancement
2381 3996 2428 4121 du
2498 3996 2675 4121 pied

594 4124 802 4211 droit.

1303 4281 1613 4455 Cercle
1834 4281 2077 4455 N.3.

573 4500 1010 4623 S’appercevant
1058 4500 1143 4623 par
1192 4500 1216 4623 le
1276 4500 1592 4623 Sentiment,
1640 4500 1725 4623 que
1761 4500 1798 4623 la
1846 4500 1980 4623 lame
2028 4500 2295 4623 aſſujettie
2331 4500 2392 4623 eſt
2501 4500 2671 4623 Morte;

684 4623 709 4747 il
770 4623 1028 4747 travaille
1102 4623 1250 4747 deſſus
1311 4623 1422 4747 ſelon
1483 4623 1828 4747 l’exigence,
1889 4623 1926 4747 en
2000 4623 2209 4747 bleſſant
2307 4623 2320 4747 &
2406 4623 2664 4747 marchant

703 4751 1006 4867 droitement
1050 4751 1129 4867 ſur
1174 4751 1230 4867 ſon
1297 4751 1566 4867 Contraire
1622 4751 1667 4867 au
1723 4751 1835 4867 long
1880 4751 1913 4867 de
1969 4751 2014 4867 la
2081 4751 2238 4867 meſme
2317 4751 2664 4867 Collaterale,

690 4874 690 4992 o
781 4874 807 4992 il
833 4874 897 4992 eſt
936 4874 1079 4992 eſtoit
1117 4874 1325 4992 planté.

1059 5055 1189 5179 Eſte
1283 5055 1684 5179 operation
1802 5055 2238 5179 demonſtre
2309 5055 2356 5179 la
2451 5055 2663 5179 vraye

1036 5180 1431 5300 pourſuite
1503 5180 1551 5300 du
1659 5180 1898 5300 Cercle
1946 5180 1982 5300 1.
2054 5180 2102 5300 où
2209 5180 2233 5300 A
2305 5180 2533 5300 LEXA
2628 5180 2664 5300 N-

1048 5298 1204 5425 DRE
1276 5298 1527 5425 tenoit
1586 5298 1862 5425 l’eſpee
1945 5298 2316 5425 contraire
2376 5298 2675 5425 aſſujet-

1032 5427 1117 5525 tie
1178 5427 1178 5525 à
1251 5427 1288 5525 la
1373 5427 1725 5525 Seconde
1798 5427 2200 5525 Inſtance,
2260 5427 2479 5525 icelle
2564 5427 2662 5525 de-

597 5550 931 5676 meurant
1050 5550 1289 5676 Morte.
1408 5550 1587 5676 Pour
1659 5550 1671 5676 y
1754 5550 2148 5676 proceder
2232 5550 2410 5676 donc
2458 5550 2637 5676 ſelon

561 5674 1007 5798 l’exigence
1079 5674 1139 5798 de
1187 5674 1645 5798 l’occaſion,
1681 5674 1717 5798 il
1778 5674 2115 5798 s’avance
2175 5674 2223 5798 le
2308 5674 2525 5798 corps
2597 5674 2645 5798 en

576 5797 903 5920 eſlevant
951 5797 999 5920 le
1060 5797 1229 5920 pied
1302 5797 1520 5920 droit,
1592 5797 1641 5920 du
1725 5797 1895 5920 quel
1967 5797 2185 5920 eſtant
2257 5797 2487 5920 arrivé
2536 5797 2548 5920 à
2608 5797 2657 5920 la

603 5922 840 6039 moitié
940 5922 1003 6039 de
1065 5922 1540 6039 l’Inſtance,
1628 5922 1653 6039 il
1740 5922 2090 6039 deſtache
2165 5922 2265 6039 les
2353 5922 2653 6039 eſpees,

566 6045 924 6168 plantant
999 6045 1628 6168 enſemblement
1690 6045 1740 6168 le
1789 6045 1962 6168 pied
2024 6045 2135 6168 ſur
2196 6045 2234 6168 la
2345 6045 2653 6168 Collate-

567 6163 706 6291 rale
770 6163 1213 6291 interieure
1264 6163 1821 6291 juſqu’aupres
1910 6163 1973 6291 de
2088 6163 2138 6291 Z,
2265 6163 2278 6291 &
2328 6163 2658 6291 bleſſant

567 6293 614 6413 au
730 6293 986 6413 meſme
1033 6293 1289 6413 temps
1358 6293 1486 6413 d’un
1556 6293 1719 6413 bras
1766 6293 1987 6413 roide
2045 6293 2149 6413 ſon
2266 6293 2650 6413 Contraire

564 6413 624 6540 au
719 6413 993 6540 viſage,
1065 6413 1244 6540 avec
1315 6413 2019 6540 proportionnelle
2090 6413 2495 6540 pourſuite
2579 6413 2627 6540 du

576 6537 737 6664 pied
800 6537 1135 6664 gauche,
1184 6537 1234 6664 ſe
1309 6537 1619 6664 mettant
1681 6537 1843 6664 ainſi
1905 6537 2190 6664 dedans
2240 6537 2501 6664 l’angle
2588 6537 2650 6664 de

565 6658 833 6784 l’eſpee
896 6658 1380 6784 inferieure:
1469 6658 1800 6784 laquelle
1877 6658 2042 6784 puis
2119 6658 2374 6784 qu’elle
2450 6658 2666 6784 eſtoit

594 6785 813 6913 morte
871 6785 952 6913 ne
1021 6785 1067 6913 ſe
1137 6785 1322 6913 peut
1414 6785 1760 6913 mouvoir
1818 6785 1830 6913 à
1899 6785 2153 6913 temps
2222 6785 2407 6913 pour
2477 6785 2650 6913 faire

561 6908 869 7014 aucune
937 6908 1234 7014 defenſe
1291 6908 1815 7014 convenable;
1884 6908 2032 7014 ains
2101 6908 2215 7014 elle
2283 6908 2648 7014 demeure

3549 1307 3860 1489 Cercle
4212 1307 4295 1489 4.

2841 1528 2993 1655 Ayant
3063 1528 3366 1655 apperceu,
3436 1528 3518 1655 que
3576 1528 3611 1655 la
3669 1528 3798 1655 lame
3844 1528 4124 1655 aſſujettie
4183 1528 4311 1655 tient
4369 1528 4404 1655 du
4498 1528 4824 1655 Sentiment;
4883 1528 4906 1655 il

2923 1656 3183 1779 travaille
3251 1656 3387 1779 deffus
3432 1656 3466 1779 en
3534 1656 3749 1779 entrant
3806 1656 3907 1779 avec
3964 1656 4021 1779 les
4100 1656 4213 1779 deux
4281 1656 4417 1779 pieds
4462 1656 4496 1779 un
4552 1656 4632 1779 peu
4711 1656 4711 1779 à
4779 1656 4903 1779 coſté

2922 1782 2993 1915 ſur
3040 1782 3064 1915 le
3147 1782 3453 1915 Diametre,
3572 1782 3572 1915 &
3619 1782 3690 1915 luy
3760 1782 3973 1915 mettant
4020 1782 4055 1915 ſa
4114 1782 4303 1915 poine
4351 1782 4433 1915 par
4492 1782 4764 1915 courtoiſie
4834 1782 4905 1915 de-

2923 1909 3041 1995 vant
3090 1909 3109 1995 le
3158 1909 3394 1995 viſaoe-

3282 2109 3420 2237 Eſte
3508 2109 3896 2237 operation
3984 2109 4222 2237 prend
4284 2109 4447 2237 auſſi
4510 2109 4610 2237 ſon
4685 2109 4911 2237 origi-

3257 2233 3333 2354 ne
3408 2233 3471 2354 de
3521 2233 4275 2354 l’aſſujettiſſement
4350 2233 4400 2354 de
4451 2233 4765 2354 l’eſpee,
4840 2233 4890 2354 en

3262 2360 3358 2481 cas
3418 2360 3681 2481 qu’elle
3752 2360 4015 2481 tienne
4087 2360 4135 2481 du
4218 2360 4708 2481 Sentiment,
4792 2360 4900 2481 qui

3270 2482 3355 2577 eſt
3415 2482 3463 2577 le
3512 2482 3802 2577 ſecond
3898 2482 4128 2577 Poids.
4273 2482 4901 2577 ALEXANDRE

2823 2603 3010 2730 donc
3104 2603 3699 2730 s’appercevant
3793 2603 3910 2730 par
3991 2603 4681 2730 l’attouchement
4797 2603 4903 2730 des

2822 2730 3102 2856 eſpees,
3163 2730 3298 2856 que
3347 2730 3395 2856 la
3444 2730 3639 2856 lame
3737 2730 4115 2856 Contraire
4177 2730 4189 2856 à
4274 2730 4323 2856 du
4433 2730 4897 2856 Sentiment;

2807 2851 2843 2976 il
2903 2851 3240 2976 s’avance
3324 2851 3372 2976 du
3456 2851 3625 2976 pied
3697 2851 3877 2976 droit
3938 2851 3998 2976 un
4094 2851 4214 2976 peu
4298 2851 4310 2976 à
4395 2851 4575 2976 coſté
4635 2851 4647 2976 à
4732 2851 4876 2976 main

2823 2976 3063 3101 droite
3123 2976 3304 3101 avec
3364 2976 3412 3101 le
3496 2976 3701 3101 corps
3761 2976 4050 3101 panché
4110 2976 4122 3101 à
4170 2976 4543 3101 l’envers;
4651 2976 4651 3101 &
4699 2976 4711 3101 à
4760 2976 4916 3101 l’in-

2811 3096 3000 3219 ſtant
3071 3096 3225 3219 qu’il
3285 3096 3758 3219 commence
3806 3096 3818 3219 à
3877 3096 4386 3219 tresbucher,
4446 3096 4481 3219 il
4552 3096 4896 3219 deſtache

2810 3220 2906 3344 les
2966 3220 3254 3344 eſpees.
3338 3220 3506 3344 dont
3566 3220 3734 3344 celle
3806 3220 3866 3344 de
3950 3220 4298 3344 deſſoubs
4358 3220 4406 3344 en
4478 3220 4682 3344 ſaute
4730 3220 4897 3344 ſuy-

2824 3342 2989 3464 vant
3052 3342 3331 3464 l’effort
3394 3342 3445 3464 du
3546 3342 3749 3464 Poids
3812 3342 4141 3464 juſqu’au
4230 3342 4458 3464 deſſus
4534 3342 4597 3464 de
4635 3342 4673 3464 la
4774 3342 4914 3464 Col-

2810 3465 3118 3587 laterale
3177 3465 3651 3587 Interieure,
3710 3465 3757 3587 où
3852 3465 4302 3587 ALExandre
4385 3465 4587 3587 eſtoit
4646 3465 4895 3587 planté

2809 3589 3480 3712 premierement.
3561 3589 3711 3712 mais
3757 3589 3769 3712 à
3827 3589 4127 3712 preſent
4185 3589 4231 3712 au
4335 3589 4590 3712 meſme
4636 3589 4902 3712 temps

2811 3709 2847 3837 il
2896 3709 3151 3837 plante
3199 3709 3260 3837 le
3308 3709 3478 3837 pied
3563 3709 3745 3837 droit
3793 3709 3975 3837 avec
4036 3709 4084 3837 le
4169 3709 4387 3837 corps
4448 3709 4751 3837 panché
4824 3709 4872 3837 en

2813 3834 3080 3961 arriere
3140 3834 3237 3961 ſur
3298 3834 3347 3961 le
3456 3834 3710 3961 Centre
3795 3834 3844 3961 du
3965 3834 4207 3961 Cercle
4268 3834 4377 3961 (en
4474 3834 4668 3961 ſorte
4753 3834 4899 3961 qu’il

2805 3954 2925 4081 luy
2996 3954 3080 4081 eſt
3140 3954 3307 4081 ſorti
3367 3954 3534 4081 hors
3606 3954 3665 4081 de
3725 3954 4143 4081 preſence)
4203 3954 4322 4081 luy
4418 3954 4729 4081 mettant
4800 3954 4908 4081 en-

2812 4076 3341 4199 ſemblement
3402 4076 3450 4199 la
3522 4076 3835 4199 poine
3919 4076 3980 4199 de
4040 4076 4317 4199 l’eſpee
4389 4076 4654 4199 devant
4702 4076 4750 4199 le
4823 4076 4907 4199 vi-

2813 4199 3020 4328 ſage,
3081 4199 3265 4328 avec
3326 4199 4035 4328 proportionnelle
4108 4199 4499 4328 pourſuite
4585 4199 4634 4328 du
4731 4199 4890 4328 pied

2831 4323 3107 4444 gauche
3167 4323 3503 4444 trainant
3551 4323 3864 4444 juſques
3936 4323 3948 4444 à
4008 4323 4152 4444 l’H.
4272 4323 4272 4444 &
4332 4323 4716 4444 courbant
4800 4323 4896 4444 ce-

2808 4446 3161 4577 pendant
3221 4446 3270 4577 le
3367 4446 3525 4577 bras
3610 4446 3792 4577 pour
3877 4446 4193 4577 arreſter
4278 4446 4315 4577 ſa
4412 4446 4716 4577 poine
4789 4446 4898 4577 par

2821 4568 3265 4692 courtoiſie;
3349 4568 3517 4692 ainſi
3577 4568 3697 4692 que
3745 4568 3853 4692 les
3901 4568 4189 4692 figures
4261 4568 4825 4692 demonſtrent.

2957 4697 3003 4818 En
3093 4697 3365 4818 toutes
3422 4697 3524 4818 les
3604 4697 3785 4818 deux
3853 4697 4318 4818 operations
4397 4697 4454 4818 de
4556 4697 4658 4818 ces
4760 4697 4896 4818 der-

2802 4817 2999 4918 niers
3104 4817 3442 4918 Cercles,
3523 4817 3558 4918 il
3628 4817 3779 4918 faut
3849 4817 4209 4918 obſerver
4279 4817 4349 4918 de
4419 4817 4896 4918 n’abandon-

2813 4939 2928 5069 ner
2974 4939 3239 5069 jamais
3297 4939 3562 5069 l’eſpee
3642 4939 4069 5069 contraire,
4115 4939 4345 5069 avant
4414 4939 4541 5069 que
4599 4939 4656 5069 le
4725 4939 4898 5069 pied

2822 5060 3006 5196 droit
3055 5060 3190 5196 ſoit
3239 5060 3472 5196 arrivé
3522 5060 3522 5196 à
3620 5060 3976 5196 my-voye
4049 5060 4111 5196 de
4160 5060 4589 5196 l’Inſtance,
4687 5060 4700 5196 &
4773 5060 4896 5196 que

2803 5185 2951 5302 lors
3008 5185 3053 5302 en
3121 5185 3178 5302 le
3223 5185 3575 5302 plantant
3632 5185 4279 5302 ſoudainement,
4347 5185 4392 5302 on
4506 5185 4744 5302 donne
4824 5185 4869 5302 au

2835 5308 3099 5432 meſme
3159 5308 3411 5432 temps
3471 5308 3903 5432 l’atteinte.
4023 5308 4071 5432 Et
4143 5308 4239 5432 s’il
4299 5308 4623 5432 advient
4719 5308 4899 5432 d’ad-

2822 5445 3136 5564 venture
3190 5445 3245 5564 au
3331 5445 4046 5564 commencement
4122 5445 4165 5564 en
4252 5445 4576 5564 eſlevant
4620 5445 4674 5564 le
4728 5445 4901 5564 pied

2829 5555 3005 5688 droit
3063 5555 3250 5688 pour
3309 5555 3730 5688 cheminer,
3788 5555 3917 5688 que
3964 5555 4022 5688 le
4081 5555 4408 5688 cõtraire
4455 5555 4887 5688 augmente

2821 5680 3162 5800 quelque
3222 5680 3344 5800 peu
3429 5680 3478 5800 le
3539 5680 3758 5800 poids
3843 5680 3904 5800 de
3953 5680 3990 5800 ſa
4050 5680 4282 5800 lame,
4330 5680 4513 5800 alors
4574 5680 4598 5800 il
4647 5680 4684 5800 la
4744 5680 4891 5800 fau-

2826 5803 2914 5932 dra
2991 5803 3618 5932 premierement
3695 5803 4124 5932 engourdir
4201 5803 4256 5932 ou
4344 5803 4652 5932 amortir
4718 5803 4894 5932 avec

2813 5927 2875 6056 un
2950 5927 3136 6056 petit
3198 5927 3756 6056 pouſſement,
3830 5927 4401 6056 preſuppoſant
4487 5927 4611 6056 que
4673 5927 4897 6056 l’aug-

2834 6053 3247 6175 mentation
3344 6053 3405 6175 du
3490 6053 3708 6175 poids
3793 6053 3853 6175 de
3914 6053 4254 6175 laquelle
4302 6053 4339 6175 il
4399 6053 4448 6175 ſe
4521 6053 4654 6175 ſera
4715 6053 4897 6175 ſervi

2809 6169 3039 6294 puiſſe
3112 6169 3282 6294 eſtre
3354 6169 3669 6294 dompté
3718 6169 3887 6294 avec
3960 6169 4432 6294 aſſeurance.
4602 6169 4735 6294 Mais
4808 6169 4893 6294 s’il

2805 6296 3281 6417 l’augmente
3374 6296 3420 6417 du
3501 6296 4151 6417 commencemẽt
4197 6296 4511 6417 juſques
4569 6296 4569 6417 à
4650 6296 4696 6417 en
4789 6296 4893 6417 ve-

2811 6421 2946 6544 nir,
2996 6421 3045 6544 au
3168 6421 3463 6544 Gaillard
3525 6421 3574 6544 ou
3648 6421 3808 6544 plus
3906 6421 4226 6544 Gaillard,
4263 6421 4300 6544 il
4349 6421 4608 6544 faudra
4669 6421 4891 6544 pour-

2806 6542 3042 6662 ſuivre
3087 6542 3548 6662 l’operation
3616 6542 4100 6662 autrement;
4178 6542 4493 6662 aſſavoir
4561 6542 4617 6662 en
4707 6542 4887 6662 vous

2809 6669 3201 6791 avançant
3258 6669 3431 6791 avec
3500 6669 3546 6791 le
3615 6669 3788 6791 pied
3869 6669 4053 6791 droit
4122 6669 4191 6791 un
4283 6669 4399 6791 pas
4468 6669 4698 6791 entier
4790 6669 4894 6791 de-

2822 6792 2976 6921 vers
3023 6792 3082 6921 le
3153 6792 3568 6921 contraire,
3639 6792 3899 6921 durant
3947 6792 4207 6921 lequel
4266 6792 4444 6921 vous
4491 6792 4610 6921 luy
4669 6792 4906 6921 laiſſe-

2807 6917 2928 7046 rez
3025 6917 3304 7046 monter
3365 6917 3438 7046 un
3535 6917 3644 7046 peu
3729 6917 3826 7046 les
3910 6917 4214 7046 eſpees,
4298 6917 4480 7046 avec
4553 6917 4893 7046 quelque

4689 7083 4862 7169 appa

2812 505 3227 617 immobile
3275 505 3337 617 au
3422 505 3654 617 deſſus
3739 505 3800 617 de
3861 505 3898 617 la
3996 505 4435 617 Collaterale
4521 505 4899 617 exterieu-

2818 630 2933 754 re,
3010 630 3061 754 où
3164 630 3279 754 elle
3343 630 3548 754 avoit
3625 630 3766 754 eſté
3830 630 4253 754 aſſujettie.
4381 630 4561 754 Voilà
4625 630 4676 754 le
4753 630 4907 754 ſens

2842 752 2944 871 des
3020 752 3338 871 figures.
