5520 7640
1369 3930 1683 4103 Cercle
1908 3930 2177 4103 N.5.

681 4147 738 4292 La
807 4147 921 4292 lame
990 4147 1265 4292 aſſujettie
1334 4147 1643 4292 demeurant
1735 4147 1907 4292 Vifve;
2010 4147 2297 4292 Alexandre
2365 4147 2618 4292 s’avance
2675 4147 2675 4292 à
2732 4147 2767 4292 la

806 4285 1061 4409 Troiieme
1108 4285 1375 4409 Inſtance,
1410 4285 1457 4409 en
1503 4285 1701 4409 faiſant
1735 4285 1770 4409 la
1840 4285 2212 4409 graduation,
2328 4285 2340 4409 &
2398 4285 2467 4409 luy
2549 4285 2769 4409 mettant

800 4413 1034 4533 derechef
1105 4413 1140 4533 la
1187 4413 1375 4533 poincte
1422 4413 1586 4533 contre
1633 4413 1668 4533 le
1704 4413 1974 4533 viſag.

1170 4568 1293 4717 Eſte
1391 4568 1785 4717 operation
1883 4568 2129 4717 prend
2215 4568 2768 4717 pareillement

1131 4717 1229 4843 ſon
1327 4717 1619 4843 origine
1704 4717 1765 4843 de
1851 4717 2021 4843 celle
2107 4717 2155 4843 du
2290 4717 2521 4843 Cercle
2582 4717 2619 4843 1.
2692 4717 2753 4843 ou

1157 4844 1620 4964 ALExandre
1689 4844 1701 4964 a
1770 4844 1932 4964 tenu
2014 4844 2291 4964 l’eſpee
2384 4844 2766 4964 contraire

1133 4962 1522 5082 aſſujettie
1582 4962 1582 5082 à
1643 4962 1679 5082 la
1764 4962 2116 5082 Seconde
2177 4962 2566 5082 Inſtance:
2614 4962 2784 5082 tou-

679 5088 963 5211 tesfois
1010 5088 1057 5211 le
1116 5088 1340 5211 poids
1399 5088 1447 5211 en
1541 5088 1541 5211 a
1624 5088 1753 5211 eſté
1824 5088 2237 5211 different:
2320 5088 2414 5211 car
2485 5088 2532 5211 au
2627 5088 2745 5211 lieu

690 5211 954 5336 qu’elle
1038 5211 1241 5336 eſtoit
1313 5211 1684 5336 paravant
1816 5211 2067 5336 Morte,
2151 5211 2199 5336 ou
2306 5211 2570 5336 qu’elle
2642 5211 2773 5336 n’a-

685 5336 835 5459 voit
904 5336 1100 5459 qu’un
1192 5336 1458 5459 ſimple
1539 5336 2012 5459 Sentiment,
2104 5336 2577 5459 maintenant
2658 5336 2773 5459 elle

680 5458 790 5584 uſe
876 5458 938 5584 de
1036 5458 1244 5584 Poids
1355 5458 1453 5584 Vif.
1551 5458 1674 5584 Sur
1735 5458 2005 5584 lequel
2079 5458 2288 5584 voicy
2386 5458 2779 5584 comment

719 5582 1282 5705 ALEXANDRE
1340 5582 1715 5705 travaille.
1774 5582 1821 5705 Il
1879 5582 2078 5705 entre
2125 5582 2231 5705 ſur
2278 5582 2324 5705 ſa
2383 5582 2617 5705 partie
2664 5582 2781 5705 ad-

689 5703 889 5831 verſe
952 5703 1364 5831 enſuivant
1427 5703 1464 5831 la
1527 5703 1727 5831 trace
1814 5703 1864 5831 du
2014 5703 2264 5831 Quarré
2339 5703 2651 5831 Inſcrit,
2776 5703 2789 5831 &

680 5827 1129 5956 parvenant
1178 5827 1178 5956 à
1263 5827 1627 5956 my-voye
1700 5827 1761 5956 de
1809 5827 1858 5956 la
1955 5827 2356 5956 Troiſieme
2441 5827 2793 5956 Inſtance

694 5949 744 6081 au
833 5949 1072 6081 deſſus
1147 5949 1210 6081 de
1261 5949 1299 6081 la
1362 5949 1626 6081 ſeion
1727 5949 1828 6081 des
1878 5949 2155 6081 lignes,
2205 5949 2243 6081 il
2319 5949 2369 6081 va
2457 5949 2785 6081 graduer

681 6075 856 6202 avec
903 6075 961 6202 le
1031 6075 1241 6202 corps
1311 6075 1498 6202 droit
1603 6075 1603 6202 &
1649 6075 1708 6202 le
1766 6075 1929 6202 bras
2011 6075 2384 6202 eſtendu,
2454 6075 2501 6202 en
2594 6075 2793 6202 ſorte

707 6197 887 6328 qu’en
971 6197 1367 6328 panchant
1439 6197 1487 6328 du
1571 6197 1787 6328 corps
1835 6197 1932 6328 ſur
1980 6197 2028 6328 le
2100 6197 2412 6328 devant,
2520 6197 2532 6328 &
2580 6197 2784 6328 plan-

686 6319 847 6449 tant
896 6319 946 6449 le
996 6319 1169 6449 pied
1231 6319 1467 6449 eſlevé
1541 6319 1591 6449 au
1690 6319 1951 6449 poin
2062 6319 2100 6449 N.
2162 6319 2199 6449 il
2261 6319 2645 6449 ſurprend
2720 6319 2782 6449 de

679 6445 715 6572 la
776 6445 1118 6572 branche
1167 6445 1607 6572 interieure
1680 6445 1741 6572 de
1790 6445 1839 6572 ſa
1912 6445 2156 6572 garde,
2278 6445 2278 6572 &
2339 6445 2449 6572 par
2522 6445 2779 6572 meſme

699 6569 881 6689 voye
930 6569 967 6689 il
1015 6569 1381 6689 aſſemble
1430 6569 1491 6689 le
1576 6569 1832 6689 Centre
1893 6569 1966 6689 de
2015 6569 2051 6689 ſa
2112 6569 2295 6689 lame
2356 6569 2490 6689 aux
2600 6569 2795 6689 Nom-

684 6684 855 6804 bres
946 6684 991 6804 4.
1060 6684 1117 6804 ou
1208 6684 1242 6804 5.
1310 6684 1378 6804 de
1424 6684 1469 6804 la
1526 6684 1719 6804 lame
1799 6684 2231 6804 contraire;
2311 6684 2356 6804 en
2458 6684 2777 6804 dreſſant

689 6812 863 6944 avec
909 6812 1141 6944 ladite
1211 6812 1652 6944 graduation
1710 6812 1757 6944 la
1803 6812 2070 6944 pointe
2140 6812 2779 6944 circulairement

703 6932 859 7065 vers
919 6932 979 7065 le
1063 6932 1244 7065 coſté
1328 6932 1508 7065 droit
1580 6932 1640 7065 de
1712 6932 1748 7065 la
1832 6932 2025 7065 teſte
2109 6932 2169 7065 de
2229 6932 2265 7065 ſa
2349 6932 2638 7065 partie;
2734 6932 2782 7065 le

677 536 1118 656 apparence
1188 536 1246 656 de
1304 536 1396 656 les
1454 536 1965 656 tranſporter,
2058 536 2208 656 mais
2266 536 2313 656 le
2371 536 2742 656 redomp-

671 658 919 778 terez,
1056 658 1056 778 &
1118 658 1602 778 aſſujettirez
1689 658 2061 778 derechef
2124 658 2124 778 à
2198 658 2533 778 l’inſtant
2620 658 2744 778 que

698 785 1022 908 mettrez
1080 785 1138 908 le
1207 785 1369 908 pied
1450 785 1496 908 en
1589 785 1809 908 terre,
1878 785 1936 908 en
2029 785 2202 908 vous
2248 785 2572 908 logeant
2642 785 2746 908 par

704 908 953 1030 meſme
1036 908 1285 1030 moyen
1356 908 1415 1030 au
1498 908 1771 1030 dedans
1842 908 1901 1030 de
1961 908 2055 1030 ſon
2127 908 2375 1030 angle.
2435 908 2482 1030 Et
2541 908 2743 1030 apres

675 1028 856 1152 vous
924 1028 1413 1152 travaillerez
1492 1028 1560 1152 de
1640 1028 1708 1152 ce
1754 1028 1878 1152 lieu
1958 1028 1992 1152 là
2060 1028 2333 1152 ſuyvan
2480 1028 2537 1152 ce
2617 1028 2742 1152 que

664 1144 763 1275 les
818 1144 1238 1275 occaſions,
1283 1144 1791 1275 requerront,
1868 1144 2166 1275 comme
2222 1144 2255 1275 il
2321 1144 2365 1275 en
2443 1144 2575 1275 ſera
2641 1144 2752 1275 de-

700 1274 1013 1399 monſtré
1073 1274 1446 1399 pluſieurs
1530 1274 1927 1399 exemples
1987 1274 1999 1399 à
2071 1274 2107 1399 la
2180 1274 2360 1399 ſuite
2456 1274 2565 1399 des
2637 1274 2757 1399 au-

670 1403 812 1509 tres
894 1403 1318 1509 Tableaux.

834 1517 1204 1645 Obſervez
1273 1517 1493 1645 encor
1562 1517 1609 1645 en
1690 1517 1944 1645 faiſant
2013 1517 2418 1645 l’exercice
2499 1517 2569 1645 de
2650 1517 2754 1645 ces

697 1640 995 1768 meſmes
1052 1640 1532 1768 operations,
1578 1640 1715 1768 que
1761 1640 1956 1768 pour
2024 1640 2287 1768 mettre
2333 1640 2367 1768 la
2425 1640 2745 1768 poine

684 1764 741 1886 de
787 1764 1060 1886 l’eſpee
1128 1764 1174 1886 en
1254 1764 1664 1886 courtoiſie
1732 1764 2005 1886 devant
2051 1764 2142 1886 les
2210 1764 2393 1886 yeux
2461 1764 2506 1886 du
2598 1764 2757 1886 con-

673 1886 888 2013 traire
945 1886 1116 2013 avec
1172 1886 1218 2013 le
1286 1886 1502 2013 corps
1570 1886 1786 2013 droit,
1911 1886 1922 2013 &
1967 1886 2013 2013 le
2070 1886 2240 2013 bras
2331 1886 2751 2013 mediocre-

701 2010 881 2135 ment
929 2010 1289 2135 eſtendu;
1361 2010 1481 2135 que
1541 2010 1637 2135 ſur
1685 2010 1733 2135 le
1817 2010 2021 2135 Poids
2141 2010 2285 2135 Mort
2333 2010 2369 2135 il
2417 2010 2501 2135 ne
2561 2010 2741 2135 vous

666 2132 817 2259 faut
875 2132 1201 2259 avancer
1259 2132 1457 2259 qu’un
1526 2132 1654 2259 pas
1701 2132 2073 2259 arreſtant
2119 2132 2236 2259 par
2282 2132 2340 2259 le
2410 2132 2596 2259 droit
2642 2132 2747 2259 ſur

668 2256 705 2379 la
806 2256 1245 2379 Collaerale
1308 2256 1784 2379 Interieure;
1872 2256 1872 2379 &
1923 2256 2023 2379 ſur
2061 2256 2111 2379 le
2186 2256 2399 2379 Poids
2462 2256 2525 2379 de
2588 2256 2751 2379 Sen-

666 2368 945 2499 timent
1006 2368 1042 2499 il
1103 2368 1260 2499 faut
1357 2368 1588 2499 mener
1636 2368 1685 2499 le
1770 2368 2024 2499 meſme
2097 2368 2267 2499 pied
2315 2368 2412 2499 ſur
2461 2368 2522 2499 le
2631 2368 2764 2499 Dia-

704 2503 915 2625 metre
964 2503 977 2625 à
1026 2503 1063 2625 la
1125 2503 1348 2625 lettre
1447 2503 1484 2625 H.
1644 2503 1781 2625 Mais
1830 2503 1917 2625 s’il
1966 2503 2189 2625 eſtoit
2251 2503 2584 2625 queſtion
2683 2503 2745 2625 de

661 2621 835 2733 tirer
881 2621 892 2733 à
950 2621 1077 2733 bon
1158 2621 1436 2733 eſcient
1540 2621 1540 2733 &
1597 2621 1724 2733 d’en
1782 2621 1967 2733 faire
2002 2621 2476 2733 l’execution
2568 2621 2614 2733 en
2684 2621 2753 2733 ri-

679 2748 941 2869 gueur;
1000 2748 1036 2869 il
1096 2748 1429 2869 faudroit
1489 2748 1870 2869 s’avancer
1953 2748 2227 2869 depuis
2286 2748 2322 2869 la
2394 2748 2751 2869 Seconde

670 2868 1022 2992 Inſtance
1092 2868 1139 2992 en
1233 2868 1514 2992 dedans
1573 2868 1714 2992 d’un
1796 2868 1913 2992 pas
1983 2868 2300 2992 double,
2370 2868 2417 2992 en
2511 2868 2746 2992 pliant

697 2990 946 3113 meſme
1017 2990 1065 3113 le
1147 2990 1467 3113 genouil
1538 2990 2012 3113 anterieur,
2154 2990 2166 3113 &
2225 2990 2640 3113 panchant
2699 2990 2759 3113 le

671 3112 890 3235 corps
959 3112 1225 3235 deſſus,
1306 3112 1306 3235 à
1375 3112 1421 3235 la
1502 3112 1814 3235 maniere
1883 3112 2264 3235 ordinaire
2333 3112 2437 3235 des
2495 3112 2749 3235 autres

676 3240 1200 3378 executions,
1329 3240 1329 3378 &
1410 3240 1713 3378 comme
1759 3240 1794 3378 il
1864 3240 1946 3378 eſt
2016 3240 2470 3378 repreſenté
2540 3240 2586 3378 en
2703 3240 2749 3378 ce

662 3360 970 3473 preſent
1056 3360 1351 3473 Tableau
1425 3360 1487 3473 au
1597 3360 1831 3473 Cercle
1905 3360 1954 3473 6.

2898 498 3222 644 bleſſant
3285 498 3472 644 avec
3534 498 3946 644 pourſuite
4009 498 4059 644 du
4134 498 4308 644 pied
4371 498 4658 644 gauche
4733 498 4733 644 à
4808 498 5007 644 plan-

2900 629 3001 768 ter
3101 629 3339 768 moitié
3402 629 3414 768 a
3515 629 3753 768 moitié
3828 629 3878 768 au
4004 629 4267 768 Quarré
4355 629 4844 768 Circomſcrit
4907 629 5007 768 ſur

2895 754 2930 889 la
2989 754 3214 889 lettre
3320 754 3356 889 R.
3415 754 3793 889 tournant
3864 754 4502 889 enſemblement
4550 754 4597 889 le
4656 754 4845 889 talon
4928 754 4975 889 du

2896 873 3063 1018 pied
3141 873 3321 1018 droit
3385 873 3437 1018 du
3566 873 3823 1018 Quarré
3875 873 4132 1018 Inſcrit
4184 873 4287 1018 ſur
4338 873 4377 1018 la
4480 873 5008 1018 Circonferen-

2912 999 2974 1138 ce
3062 999 3112 1138 du
3238 999 3539 1138 Cercle;
3639 999 3815 1138 ainſi
3890 999 4053 1138 qu’il
4128 999 4216 1138 eſt
4292 999 4743 1138 repreſenté
4818 999 4869 1138 en
4956 999 4994 1138 la

2897 1143 3173 1263 figure.

3085 1226 3134 1386 Or
3220 1226 3270 1386 en
3356 1226 3823 1386 pratiquant
3909 1226 4093 1386 ceſte
4180 1226 4634 1386 operation,
4696 1226 4880 1386 pour
4954 1226 4991 1386 la

2889 1372 3046 1509 bien
3130 1372 3468 1509 adjuſter
3541 1372 3577 1509 il
3637 1372 3794 1509 faut
3867 1372 4386 1509 exaement
4446 1372 4796 1509 prendre
4869 1372 5002 1509 gar-

2904 1495 3014 1635 de,
3099 1495 3538 1635 cependant
3624 1495 3758 1635 que
3794 1495 3856 1635 le
3917 1495 4087 1635 pied
4173 1495 4356 1635 droit
4441 1495 4844 1635 chemine,
5003 1495 5003 1635 &

2884 1622 3108 1760 avant
3220 1622 3377 1760 qu’il
3489 1622 3958 1760 commence
4025 1622 4037 1760 à
4115 1622 4596 1760 tresbucher
4686 1622 4864 1760 avec
4943 1622 4999 1760 le

2897 1746 3168 1882 corps,
3291 1746 3303 1882 &
3382 1746 3652 1882 devant
3731 1746 3855 1882 que
3934 1746 4114 1882 vous
4182 1746 4373 1882 ayez
4463 1746 4925 1882 commencé
4982 1746 4993 1882 à

2889 1869 3069 2008 faire
3129 1869 3165 2008 la
3249 1869 3777 2008 graduation,
3873 1869 3897 2008 ſi
3957 1869 4005 2008 le
4089 1869 4474 2008 contraire
4546 1869 4618 2008 ne
4702 1869 5002 2008 change

2888 1995 3004 2129 pas
3062 1995 3108 2129 le
3166 1995 3399 2129 poids
3445 1995 3550 2129 ſur
3608 1995 3886 2129 lequel
3956 1995 4142 2129 vous
4200 1995 4386 2129 avez
4455 1995 4932 2129 commencé
4990 1995 4990 2129 à

2888 2119 3313 2256 travailler.
3443 2119 3549 2256 Car
3597 2119 3691 2256 s’il
3738 2119 3809 2256 ne
3856 2119 3916 2256 le
3986 2119 4282 2256 change
4329 2119 4589 2256 point,
4672 2119 4849 2256 vous
4932 2119 4979 2256 en

2889 2242 3422 2379 pourſuivrez
3479 2242 3526 2379 la
3618 2242 4162 2379 continuation
4266 2242 4312 2379 en
4405 2242 4451 2379 la
4532 2242 4787 2379 forme
4879 2242 5007 2379 que

2891 2374 2990 2503 les
3039 2374 3322 2503 figures
3384 2374 3963 2503 repreſentent.

3091 2488 3228 2626 Mais
3314 2488 3401 2626 s’il
3475 2488 3686 2626 alloit
3760 2488 4169 2626 renforcer
4244 2488 4293 2626 ſa
4380 2488 4566 2626 lame
4640 2488 4987 2626 juſqu’au

2918 2618 3131 2742 Poids
3218 2618 3581 2742 Gaillard;
3657 2618 3832 2742 dont
3869 2618 3907 2742 il
3957 2618 4320 2742 pourroit
4382 2618 4595 2742 parer
4658 2618 5008 2742 l’eſtoca-

2916 2742 2976 2866 de
3036 2742 3084 2866 en
3156 2742 3698 2866 tranſportant
3758 2742 3866 2866 les
3926 2742 4227 2866 eſpees,
4287 2742 4324 2866 il
4396 2742 4408 2866 y
4480 2742 4829 2866 faudroit
4901 2742 5021 2866 ap-

2896 2865 3204 2998 pliquer
3256 2865 3718 2998 l’operation
3808 2865 3859 2998 du
3962 2865 4206 2998 Cercle
4284 2865 4335 2998 7.

3026 2988 3125 3119 S’il
3163 2988 3212 3119 la
3262 2988 3720 3119 renforçoit
3769 2988 3831 3119 un
3906 2988 4030 3119 peu
4141 2988 4364 3119 moins
4426 2988 4562 3119 que
4661 2988 5008 3119 Gaillard,

2880 3111 2915 3237 il
2986 3111 3057 3237 ne
3128 3111 3483 3237 faudroit
3542 3111 3672 3237 que
3743 3111 4146 3237 temperer
4217 3111 4465 3237 voſtre
4524 3111 5009 3237 ſuperiorité

2887 3240 3397 3355 alencontre,
3472 3240 3515 3355 en
3610 3240 3983 3355 graduant
4057 3240 4121 3355 un
4206 3240 4323 3355 peu
4430 3240 4547 3355 vos
4600 3240 5015 3355 nombres,

2955 3360 2955 3476 &
3036 3360 3083 3476 en
3153 3360 3618 3476 renforçant
3676 3360 3956 3476 l’effort
4037 3360 4095 3476 de
4165 3360 4409 3476 voſtre
4479 3360 4665 3476 lame
4735 3360 4805 3476 un
4898 3360 5015 3476 pe-

2901 3481 2974 3601 tit
3047 3481 3059 3601 à
3108 3481 3560 3601 l’advenant
3621 3481 3804 3601 pour
3902 3481 4280 3601 maiſtriſer
4329 3481 4366 3601 la
4427 3481 4720 3601 ſienne,
4830 3481 4830 3601 &
4891 3481 5013 3601 luy

2918 3607 3205 3728 donner
3282 3607 3514 3728 encor
3569 3607 3614 3728 la
3724 3607 3978 3728 meſme
4055 3607 4398 3728 atteinte
4486 3607 4619 3728 que
4707 3607 5016 3728 devant,

2916 3728 3321 3850 conſideré
3407 3728 3542 3850 que
3616 3728 3665 3850 le
3751 3728 4291 3850 changement
4365 3728 4525 3850 qu’il
4598 3728 4610 3850 y
4684 3728 5016 3850 apporte

2903 3851 3027 3973 luy
3089 3851 3175 3973 eſt
3225 3851 3447 3973 rendu
3509 3851 3830 3973 inutile.

3060 3972 3118 4094 Au
3211 3972 3593 4094 contraire
3663 3972 3744 4094 s’il
3802 3972 4149 4094 advient,
4219 3972 4439 4094 avant
4497 3972 4636 4094 que
4682 3972 4740 4094 le
4810 3972 5030 4094 corps

2913 4102 3091 4218 vous
3157 4102 3634 4218 commence
3679 4102 3690 4218 à
3745 4102 4233 4218 tresbucher
4278 4102 4467 4218 avec
4511 4102 4566 4218 le
4622 4102 4799 4218 pied
4866 4102 5021 4218 eſle-

2915 4227 3007 4341 vé,
3098 4227 3224 4341 que
3270 4227 3327 4341 le
3396 4227 3842 4341 Sentiment
3899 4227 4082 4341 vous
4163 4227 4288 4341 die,
4369 4227 4506 4341 que
4563 4227 4609 4341 la
4677 4227 4872 4341 lame
4952 4227 5021 4341 de

2939 4348 3298 4444 deſſoubs
3349 4348 3683 4444 affoiblit
3734 4348 3824 4444 ſon
3926 4348 4170 4444 Poids,
4221 4348 4375 4444 c’eſt
4439 4348 4657 4444 choſe
4708 4348 5029 4444 indubi-

2908 4473 3163 4589 table,
3279 4473 3535 4589 qu’elle
3616 4473 4092 4589 commence
4162 4473 4162 4589 à
4243 4473 4638 4589 travailler
4708 4473 4905 4589 pour
4975 4473 5021 4589 ſe

2933 4595 3247 4696 delivrer
3328 4595 3386 4696 de
3433 4595 3479 4696 la
3549 4595 3828 4696 voſtre,
3886 4595 3933 4696 en
4003 4595 4398 4696 intention
4479 4595 4549 4696 de
4607 4595 4793 4696 vous
4840 4595 5026 4696 bleſ-

2914 4721 3050 4839 ſer,
3113 4721 3287 4839 peut
3361 4721 3535 4839 eſtre
3610 4721 3660 4839 au
3747 4721 3933 4839 coſté
4008 4721 4194 4839 droit
4244 4721 4306 4839 au
4381 4721 4567 4839 long
4654 4721 4716 4839 de
4791 4721 5039 4839 voſtre

2913 4844 3106 4967 lame
3155 4844 3215 4967 au
3300 4844 3663 4967 deſſoubs
3711 4844 3747 4967 la
3820 4844 4074 4967 garde,
4122 4844 4304 4967 avec
4352 4844 4425 4967 un
4497 4844 4618 4967 pas
4679 4844 4824 4967 quil
4884 4844 5029 4967 doit

2914 4969 3089 5093 faire
3171 4969 3218 5093 en
3323 4969 3615 5093 entrant
3685 4969 3791 5093 ſur
3849 4969 4036 5093 vous
4106 4969 4153 5093 du
4235 4969 4398 5093 pied
4468 4969 4690 5093 droit.
4819 4969 5029 5093 Pour-

2924 5092 3071 5217 tant
3140 5092 3185 5217 en
3264 5092 3321 5217 ce
3389 5092 3526 5217 cas,
3583 5092 3764 5217 vous
3844 5092 4026 5217 vous
4094 5092 4457 5217 garderez
4537 5092 4594 5217 de
4673 5092 5025 5217 cõtinuer

2916 5217 2952 5341 la
3049 5217 3303 5341 meſme
3364 5217 3812 5341 demarche,
3848 5217 3993 5341 ains
4042 5217 4272 5341 avant
4344 5217 4465 5341 que
4514 5217 4792 5341 l’eſpee
4853 5217 5034 5341 aſſu-

2921 5341 3138 5461 jettie
3211 5341 3331 5461 aye
3392 5341 3947 5461 aucunement
3995 5341 4043 5461 le
4116 5341 4309 5461 loiſir
4381 5341 4442 5461 de
4502 5341 4563 5461 ſe
4635 5341 5033 5461 deſtacher

2949 5465 3010 5588 de
3047 5465 3096 5588 la
3158 5465 3441 5588 voſtre,
3503 5465 3552 5588 le
3601 5465 3786 5588 pied
3859 5465 4044 5588 droit
4130 5465 4364 5588 eſtant
4426 5465 5041 5588 preſentement

2937 5592 3171 5709 eſlevé
3220 5592 3270 5709 en
3343 5592 3479 5709 l’air
3528 5592 3528 5709 à
3614 5592 3971 5709 my-voye
4057 5592 4119 5709 de
4168 5592 4205 5709 la
4291 5592 4697 5709 Troiſieme
4746 5592 5042 5709 Inſtan-

2943 5702 3030 5826 ce,
3117 5702 3160 5826 en
3236 5702 3290 5826 le
3356 5702 3736 5826 tournant
3801 5702 3845 5826 en
3932 5702 4204 5826 dehors
4280 5702 4465 5826 vous
4530 5702 4584 5826 le
4649 5702 5030 5826 retirerez

2928 5826 3002 5965 un
3075 5826 3186 5965 peu
3259 5826 3259 5965 à
3333 5826 3615 5965 gauche
3689 5826 3738 5965 en
3824 5826 4229 5965 eſquivant
4278 5826 4327 5965 le
4389 5826 4585 5965 coſté
4671 5826 4904 5965 droit,
5027 5826 5039 5965 &

2922 5964 3276 6086 plantant
3335 5964 3961 6086 ſoudainement
4031 5964 4079 6086 le
4173 5964 4433 6086 meſme
4492 5964 4669 6086 pied
4739 5964 4751 6086 à
4810 5964 5046 6086 terre,

2925 6089 3105 6214 avec
3164 6089 3296 6214 une
3344 6089 3726 6214 ſoudaine
3786 6089 4192 6214 pourſuite
4264 6089 4312 6214 du
4384 6089 4563 6214 pied
4635 6089 4957 6214 gauche,
4993 6089 5041 6214 le

2941 6213 3159 6333 corps
3207 6213 3509 6333 panché
3558 6213 3667 6333 ſur
3715 6213 3776 6333 le
3860 6213 4187 6333 devant,
4259 6213 4308 6333 le
4368 6213 4525 6333 bras
4586 6213 4804 6333 roide
4925 6213 4937 6333 &
4997 6213 5033 6333 la

2930 6337 3201 6460 pointe
3287 6337 3349 6460 de
3398 6337 3669 6460 l’eſpee
3718 6337 4026 6460 aſſenée
4075 6337 4136 6460 au
4210 6337 4457 6460 viſage
4543 6337 4592 6460 du
4715 6337 5047 6460 Contrai-

2925 6464 3054 6583 re,
3112 6464 3159 6583 la
3229 6464 3428 6583 lame
3522 6464 4002 6583 deſcendant
4072 6464 5044 6583 proportionnellement

2937 6588 2995 6704 un
3086 6588 3201 6704 peu
3293 6588 3476 6704 avec
3522 6588 3568 6704 la
3648 6588 3900 6704 garde,
3969 6588 4015 6704 en
4107 6588 4473 6704 retenant
4542 6588 4955 6704 touſiours
5001 6588 5035 6704 la

2934 6713 3439 6834 ſuperiorité,
3501 6713 3550 6834 en
3612 6713 3809 6834 ſorte
3883 6713 4043 6834 qu’il
4092 6713 4166 6834 ne
4228 6713 4462 6834 puiſſe
4524 6713 4869 6834 toucher
4930 6713 5053 6834 par

2933 6834 2983 6956 le
3045 6834 3206 6956 bas,
3317 6834 3317 6956 &
3392 6834 3540 6956 qu’il
3614 6834 3664 6956 en
3751 6834 3887 6956 ſoit
3936 6834 4159 6956 bleſſé
4221 6834 4345 6956 luy
4432 6834 4692 6956 meſme
4754 6834 4803 6956 au
4890 6834 5051 6956 viſa-

2956 6953 3055 7103 ge,
3117 6953 3166 7103 ou
3253 6953 3302 7103 en
3377 6953 3414 7103 la
3476 6953 3711 7103 partie
3785 6953 4243 7103 ſuperieure
4317 6953 4379 7103 de
4416 6953 4465 7103 la
4515 6953 4898 7103 poitrine.

4929 7094 5055 7181 Mais
