5520 7640
1325 3977 1629 4144 Cercle
1868 3977 2128 4144 N7.

627 4215 920 4333 Alexandre
979 4215 1189 4333 s’eſtant
1248 4215 1518 4333 acheminé
1553 4215 1635 4333 ſur
1682 4215 1705 4333 le
1752 4215 1893 4333 poids
1963 4215 2021 4333 Vif
2080 4215 2115 4333 de
2162 4215 2197 4333 la
2256 4215 2467 4333 Seconde
2514 4215 2713 4333 Inſtan-

709 4339 744 4460 ce
802 4339 906 4460 vers
953 4339 988 4460 la
1046 4339 1336 4460 Troiſieme,
1406 4339 1522 4460 pour
1568 4339 1568 4460 y
1626 4339 1882 4460 effectuer
1940 4339 2079 4460 encor
2126 4339 2160 4460 la
2242 4339 2393 4460 meſme
2439 4339 2706 4460 eſtocade,

717 4464 857 4583 qu’au
951 4464 1102 4583 Cercle
1172 4464 1207 4583 5.
1265 4464 1289 4583 il
1335 4464 1697 4583 s’apperçoit,
1767 4464 1848 4583 que
1942 4464 2187 4583 Zacharie
2257 4464 2536 4583 augmente
2606 4464 2641 4583 le

717 4588 1013 4707 Sentiment
1070 4588 1104 4707 du
1161 4588 1298 4707 poids
1367 4588 1629 4707 Gaillard,
1674 4588 1788 4707 pour
1845 4588 1879 4707 ſe
1948 4588 2221 4707 defendre;
2301 4588 2392 4707 dont
2438 4588 2472 4707 il
2541 4588 2609 4707 met
2677 4588 2700 4707 le

701 4712 823 4832 pied
868 4712 990 4832 droit
1034 4712 1067 4832 en
1123 4712 1256 4832 terre
1312 4712 1312 4832 à
1367 4712 1400 4832 la
1445 4712 1600 4832 lettre
1734 4712 1767 4832 N.
1867 4712 2222 4832 pourſuivant
2266 4712 2377 4832 avec
2444 4712 2655 4832 l’autre

708 4835 913 4958 juſqu’à
974 4835 1155 4958 l’V.
1215 4835 1251 4958 en
1324 4835 1602 4958 avançant
1638 4835 1674 4958 le
1710 4835 1831 4958 coſté
1880 4835 2121 4958 gauche,
2230 4835 2230 4958 &
2278 4835 2351 4958 luy
2399 4835 2701 4958 preſentant

707 4964 741 5082 ſa
787 4964 983 5082 poincte
1063 4964 1155 5082 d’un
1213 4964 1328 5082 bras
1362 4964 1546 5082 courbé
1604 4964 1788 5082 devant
1834 4964 1857 5082 le
1903 4964 2167 5082 viſage.

1079 5145 1235 5264 Pres
1274 5145 1326 5264 le
1378 5145 1573 5264 juſte
1651 5145 2353 5264 aſſujettiſſement
2444 5145 2496 5264 de
2574 5145 2717 5264 l’eſ-

1202 5272 1284 5488 '
1366 5272 2722 5488 '

1070 5521 1219 5643 vers
1306 5521 1343 5643 la
1468 5521 1865 5643 Troiſieme
1965 5521 2312 5643 Inſtance
2412 5521 2598 5643 pour
2685 5521 2698 5643 y

601 5650 887 5750 donner
986 5650 1205 5750 encor
1271 5650 1315 5750 la
1414 5650 1677 5750 meſme
1743 5650 2138 5750 atteinte,
2248 5650 2556 5750 comme
2622 5650 2665 5750 au

623 5772 866 5895 Cercle
938 5772 975 5895 5.
1047 5772 1096 5895 au
1205 5772 1459 5895 meſme
1508 5772 1786 5895 inſtant
1883 5772 2040 5895 qu’il
2101 5772 2331 5895 arrive
2404 5772 2586 5895 avec
2646 5772 2695 5895 le

585 5897 764 6020 pied
867 5897 1046 6020 droit
1110 5897 1122 6020 à
1225 5897 1583 6020 my-voye
1685 5897 1749 6020 de
1825 5897 2286 6020 l’inſtance,
2452 5897 2452 6020 &
2541 5897 2695 6020 qu’il

595 6015 1076 6144 commence
1136 6015 1136 6144 à
1196 6015 1365 6144 faire
1437 6015 1473 6144 la
1557 6015 2062 6144 graduation,
2111 6015 2147 6144 il
2219 6015 2688 6144 s’apperçoit

581 6144 700 6270 par
760 6144 808 6270 le
867 6144 1344 6270 ſentiment,
1428 6144 1559 6270 que
1618 6144 1678 6270 le
1749 6144 2191 6270 Sentiment
2274 6144 2334 6270 de
2393 6144 2429 6270 la
2501 6144 2691 6270 lame

595 6267 988 6394 contraire
1048 6267 1537 6394 s’augmente
1620 6267 1668 6394 en
1763 6267 1978 6394 Poids
2085 6267 2443 6394 Gaillard,
2502 6267 2693 6394 pour

610 6390 1070 6518 deſtourner
1132 6390 1182 6518 le
1281 6390 1517 6518 coup,
1617 6390 1729 6518 qui
1778 6390 1903 6518 luy
1977 6390 2052 6518 eſt
2151 6390 2362 6518 dreſſé
2437 6390 2598 6518 vers
2636 6390 2685 6518 le

593 6515 884 6647 viſage.
1023 6515 1093 6647 Au
1197 6515 1906 6647 commencement
1999 6515 2406 6647 doncques
2487 6515 2545 6647 de
2626 6515 2684 6647 ce

597 6641 1170 6773 changement,
1256 6641 1878 6773 ALEXANDRE
1964 6641 2367 6773 empeſche
2415 6641 2684 6773 l’eſpee

600 6767 977 6887 contraire
1044 6767 1111 6887 de
1199 6767 1521 6887 monter,
1588 6767 1632 6887 en
1732 6767 2043 6887 mettant
2098 6767 2143 6887 le
2198 6767 2365 6887 pied
2442 6767 2487 6887 en
2553 6767 2698 6887 ter-

583 6894 644 7011 re
718 6894 718 7011 à
792 6894 829 7011 la
927 6894 1333 7011 Troiſieme
1394 6894 1812 7011 Inſtance,
1948 6894 1948 7011 &
2034 6894 2071 7011 en
2157 6894 2193 7011 la
2280 6894 2698 7011 domptant

583 7016 708 7148 par
759 7016 809 7148 la
896 7016 1360 7148 moderation
1460 7016 1523 7148 de
1586 7016 1686 7148 ſon
1761 7016 2037 7148 propre
2087 7016 2313 7148 poids
2363 7016 2363 7148 à
2413 7016 2701 7148 l’adve-

2841 538 3015 663 nant
3089 538 3151 663 de
3226 538 3425 663 celuy
3499 538 3561 663 de
3636 538 4034 663 deſſoubs;
4096 538 4618 663 pourſuivant
4680 538 4941 663 quand

2890 660 2903 784 &
2976 660 3223 784 quand
3284 660 3641 784 d’eſlever
3764 660 3764 784 &
3838 660 4171 784 avancer
4232 660 4282 784 le
4355 660 4528 784 pied
4602 660 4934 784 gauche;

2864 786 3121 913 durant
3170 786 3512 913 laquelle
3561 786 3842 913 aion,
3891 786 4197 913 ſentant
4270 786 4404 913 que
4441 786 4502 913 le
4600 786 4942 913 Contrai-

2837 915 2903 1036 re
2981 915 3358 1036 continue
3424 915 3812 1036 touſiours
3889 915 3934 1036 en
4022 915 4056 1036 la
4155 915 4410 1036 meſme
4466 915 4931 1036 augmenta-

2841 1034 2974 1157 tion
3071 1034 3131 1157 de
3216 1034 3422 1157 Poids
3494 1034 3651 1157 qu’il
3688 1034 3893 1157 avoit
3954 1034 4510 1157 commencée,
4559 1034 4595 1157 il
4643 1034 4946 1157 s’aſſeu-

2838 1161 2897 1289 re
2956 1161 3062 1289 ſur
3121 1161 3168 1289 le
3239 1161 3665 1289 ſentiment
3736 1161 3795 1289 de
3842 1161 4078 1289 laiſſer
4137 1161 4197 1289 un
4279 1161 4397 1289 peu
4516 1161 4799 1289 monter
4917 1161 4929 1289 &

2838 1287 3326 1408 tranſporter
3384 1287 3489 1408 les
3570 1287 3884 1408 eſpees,
3954 1287 4000 1408 en
4081 1287 4128 1408 ſe
4209 1287 4593 1408 courbant
4663 1287 4709 1408 le
4779 1287 4942 1408 bras

2840 1411 2910 1537 un
2980 1411 3097 1537 peu
3179 1411 3225 1537 en
3319 1411 3599 1537 dedans
3657 1411 3821 1537 vers
3856 1411 3914 1537 le
3961 1411 4183 1537 haut,
4288 1411 4288 1537 &
4346 1411 4802 1537 preſentant
4872 1411 4930 1537 de

2864 1533 3119 1662 meſme
3192 1533 3374 1662 voye
3423 1533 3483 1662 le
3544 1533 3738 1662 coſté
3799 1533 4090 1662 gauche
4151 1533 4260 1662 peu
4345 1533 4357 1662 à
4418 1533 4539 1662 peu
4624 1533 4939 1662 devant:

2892 1661 2904 1783 &
2966 1661 3300 1783 d’autant
3362 1661 3498 1783 que
3547 1661 3584 1783 la
3646 1661 3881 1783 partie
3931 1661 4240 1783 adverſe
4289 1661 4364 1783 ne
4413 1661 4611 1783 laiſſe
4673 1661 4797 1783 pas
4871 1661 4933 1783 de

2848 1788 3266 1908 continuer
3324 1788 3556 1908 encor
3602 1788 3614 1908 à
3672 1788 3788 1908 luy
3845 1788 4147 1908 vouloir
4205 1788 4681 1908 tranſporter
4797 1788 4797 1908 &
4855 1788 4936 1908 aſ-

2840 1911 3142 2034 ſujettir
3190 1911 3492 2034 l’eſpee,
3540 1911 3577 2034 il
3637 1911 3927 2034 courbe
3987 1911 4615 2034 ſoudainement
4664 1911 4712 2034 le
4773 1911 4930 2034 bras

2847 2035 2892 2138 en
3004 2035 3328 2138 dedans,
3395 2035 3575 2138 avec
3631 2035 3664 2138 la
3731 2035 4078 2138 branche
4157 2035 4605 2138 exterieure
4672 2035 4940 2138 haute,

2850 2160 2896 2283 en
2989 2160 3324 2283 donnant
3382 2160 3382 2283 à
3451 2160 3717 2283 l’eſpee
3786 2160 4168 2283 contraire
4237 2160 4492 2283 courſe
4549 2160 4792 2283 libre,
4873 2160 4919 2283 en

2839 2283 3030 2409 ſorte
3102 2283 3365 2409 qu’elle
3413 2283 3783 2409 retombe
3855 2283 4046 2409 d’elle
4142 2283 4405 2409 meſme
4464 2283 4632 2409 avec
4691 2283 4751 2409 le
4811 2283 4942 2409 foi-

2838 2405 2950 2525 ble
3012 2405 3075 2525 au
3149 2405 3286 2525 fort
3399 2405 3411 2525 &
3511 2405 3772 2525 Centre
3860 2405 3922 2525 de
3984 2405 4022 2525 la
4084 2405 4395 2525 ſienne;
4545 2405 4557 2525 &
4632 2405 4769 2525 que
4832 2405 4944 2525 par

2873 2533 3123 2660 meſme
3182 2533 3373 2660 voye
3420 2533 3456 2660 il
3504 2533 3623 2660 luy
3706 2533 3932 2660 dreſſe
4004 2533 4039 2660 ſa
4099 2533 4373 2660 pointe
4432 2533 4539 2660 par
4599 2533 4944 2660 courtoi-

2836 2658 2917 2781 ſie
2986 2658 3170 2781 droit
3217 2658 3217 2781 à
3263 2658 3309 2781 la
3378 2658 3585 2781 veuë,
3643 2658 3689 2781 en
3758 2658 4219 2781 ſurprenant
4265 2658 4312 2781 la
4369 2658 4554 2781 lame
4623 2658 4946 2781 contrai-

2838 2778 2895 2904 re
2952 2778 3066 2904 par
3146 2778 3396 2904 embas
3464 2778 3646 2904 avec
3692 2778 3737 2904 la
3805 2778 4158 2904 branche
4238 2778 4682 2904 exterieure
4773 2778 4829 2904 de
4898 2778 4943 2904 la

2840 2903 3129 3031 ſienne,
3164 2903 3222 3031 ſe
3268 2903 3650 3031 tournant
3719 2903 4170 3031 cependant
4216 2903 4401 3031 avec
4447 2903 4505 3031 le
4563 2903 4725 3031 pied
4783 2903 4956 3031 eſle-

2856 3033 2918 3156 vé
2980 3033 3030 3156 au
3117 3033 3403 3156 dedans
3477 3033 3539 3156 de
3577 3033 3887 3156 l’angle,
3974 3033 3987 3156 &
4037 3033 4086 3156 le
4148 3033 4496 3156 plantant
4558 3033 4558 3156 à
4621 3033 4658 3156 la
4720 3033 4944 3156 lettre

2861 3156 2911 3276 S.
2974 3156 3150 3276 avec
3201 3156 3251 3276 le
3314 3156 3629 3276 genouil
3666 3156 3855 3276 plié,
3968 3156 3981 3276 &
4044 3156 4094 3276 le
4170 3156 4384 3276 corps
4434 3156 4736 3276 panché
4812 3156 4950 3276 deſ-

2846 3278 3007 3406 ſus:
3119 3278 3305 3406 quoy
3392 3278 3554 3406 qu’il
3616 3278 3827 3406 n’aye
3889 3278 4051 3406 tenu
4150 3278 4287 3406 qu’à
4362 3278 4486 3406 luy
4573 3278 4685 3406 d’en
4772 3278 4946 3406 faire

2841 3402 3317 3529 l’execution
3405 3402 3518 3529 par
3593 3402 3969 3529 rigueur:
4056 3402 4232 3529 ainſi
4307 3402 4457 3529 qu’il
4532 3402 4620 3529 eſt
4683 3402 4808 3529 aiſé
4896 3402 4958 3529 de

2846 3530 3407 3651 recognoiſtre
3454 3530 3594 3651 aux
3653 3530 4086 3651 pourtraits
4156 3530 4261 3651 des
4331 3530 4659 3651 figures.

3043 3652 3254 3747 Notez
3348 3652 3395 3747 en
3478 3652 3771 3747 laiſſant
3877 3652 3936 3747 de
4006 3652 4253 3747 voſtre
4335 3652 4946 3747 conſentement

2852 3778 2923 3901 un
2994 3778 3112 3901 peu
3230 3778 3513 3901 monter
3572 3778 3678 3901 les
3761 3778 4044 3901 eſpees,
4103 3778 4139 3901 ſi
4198 3778 4681 3901 l’adverſaire
4752 3778 4953 3901 com-

2886 3904 3207 4028 mençoit
3284 3904 3682 4028 d’affoiblir
3733 3904 3823 4028 ſon
3900 3904 4157 4028 poids,
4234 3904 4426 4028 qu’au
4490 3904 4619 4028 lieu
4721 3904 4785 4028 de
4824 3904 4952 4028 luy

2849 4027 3236 4151 accorder
3295 4027 3365 4151 de
3412 4027 3506 4151 les
3553 4027 4081 4151 tranſporter,
4152 4027 4175 4151 il
4257 4027 4434 4151 vous
4492 4027 4833 4151 faudroit
4903 4027 4938 4151 la

2851 4149 3320 4273 redompter
3440 4149 3440 4273 &
3500 4149 3981 4273 reaſſujettir
4066 4149 4438 4273 derechef
4499 4149 4643 4273 une
4703 4149 4968 4273 autre-

2845 4274 3034 4403 fois,
3117 4274 3153 4403 en
3248 4274 3639 4403 avançant
3698 4274 3758 4403 le
3841 4274 4030 4403 coſté
4125 4274 4410 4403 gauche
4540 4274 4552 4403 &
4623 4274 4801 4403 vous
4860 4274 4967 4403 lo-

2865 4402 3082 4527 geant
3166 4402 3527 4527 derechef
3600 4402 3768 4527 avec
3841 4402 3901 4527 le
3973 4402 4142 4527 pied
4214 4402 4443 4527 eſlevé
4515 4402 4576 4527 au
4684 4402 4961 4527 dedans

2873 4525 2935 4643 de
2996 4525 3094 4643 ſon
3168 4525 3426 4643 angle.

3015 4651 3074 4779 Or
3133 4651 3311 4779 ainſi
3382 4651 3512 4779 que
3571 4651 3772 4779 nous
3843 4651 4139 4779 venons
4210 4651 4269 4779 de
4352 4651 4671 4779 deſcrire
4731 4651 4967 4779 l’ope-

2844 4773 3080 4902 ration
3162 4773 3703 4902 d’ALExandre
3762 4773 3950 4902 pour
4033 4773 4280 4902 mettre
4327 4773 4386 4902 le
4433 4773 4609 4902 pied
4668 4773 4950 4902 gauche

2850 4891 2863 5026 à
2915 4891 2953 5026 la
3005 4891 3237 5026 lettre
3302 4891 3354 5026 S.
3405 4891 3508 5026 ſur
3560 4891 3612 5026 le
3676 4891 3870 5026 coſté
3934 4891 3986 5026 du
4115 4891 4360 5026 Quarré
4412 4891 4735 5026 Inſcrit,
4799 4891 4967 5026 auſſi

2844 5016 2879 5147 il
2938 5016 2986 5147 ſe
3069 5016 3507 5147 preſentera
3602 5016 3708 5147 des
3791 5016 4194 5147 occaſions
4253 5016 4324 5147 de
4383 5016 4431 5147 le
4502 5016 4810 5147 planter
4881 5016 4928 5147 en

2875 5140 3127 5268 meſme
3202 5140 3530 5268 diſtance
3580 5140 3694 5268 ſur
3744 5140 3794 5268 le
3895 5140 4147 5268 Quarré
4248 5140 4727 5268 Circonſcrit;
4790 5140 4953 5268 aſſa-

2857 5269 3001 5394 voir
3085 5269 3122 5394 en
3230 5269 3338 5394 cas
3410 5269 3543 5394 que
3615 5269 3663 5394 le
3748 5269 3952 5394 Poids
4036 5269 4085 5394 du
4217 5269 4602 5394 Contraire
4674 5269 4795 5394 ſoit
4879 5269 4939 5394 un

2848 5389 3005 5523 bien
3077 5389 3198 5523 peu
3271 5389 3428 5523 plus
3476 5389 3754 5523 foible.
3838 5389 3935 5523 car
3983 5389 4177 5523 alors
4225 5389 4261 5523 il
4298 5389 4382 5523 ne
4430 5389 4575 5523 ſera
4636 5389 4745 5523 pas
4793 5389 4950 5523 ſeu-

2845 5515 3140 5645 lement
3177 5515 3521 5645 loiſible,
3595 5515 3742 5645 mais
3791 5515 3963 5645 auſſi
4012 5515 4467 5645 neceſſaire:
4590 5515 4602 5645 &
4639 5515 4688 5645 le
4762 5515 4934 5645 coup

2867 5637 3402 5770 d’eſtramaçon
3496 5637 3600 5770 qui
3659 5637 3775 5770 s’en
3868 5637 4008 5770 doit
4066 5637 4415 5770 enſuivre
4473 5637 4636 5770 avec
4683 5637 4951 5770 l’avan-

2856 5770 3161 5893 cement
3243 5770 3289 5893 du
3383 5770 3559 5893 pied
3641 5770 3875 5893 droit,
3946 5770 4086 5893 n’en
4180 5770 4309 5893 ſera
4403 5770 4532 5893 que
4614 5770 4942 5893 d’autant

2846 5889 3006 6001 plus
3055 5889 3313 6001 facile.
3400 5889 3855 6001 Toutesfois
3892 5889 3929 6001 il
3978 5889 4052 6001 ne
4101 5889 4261 6001 faut
4310 5889 4630 6001 affeer
4679 5889 4753 6001 ne
4802 5889 4925 6001 l’un

2846 6016 2927 6142 ne
2973 6016 3276 6142 l’autre,
3322 6016 3473 6142 ains
3520 6016 4031 6142 ſimplement
4078 6016 4461 6142 travailler
4520 6016 4706 6142 ſelon
4810 6016 4938 6142 que

2837 6138 2935 6239 les
3001 6138 3393 6239 occaſions
3459 6138 3851 6239 convient.

3580 6312 3903 6486 Cercle
4182 6312 4354 6486 .8.

2855 6517 3164 6642 Cependant
3210 6517 3633 6642 qu’Alexandre
3679 6517 3988 6642 s’achemine
4056 6517 4228 6642 devers
4274 6517 4308 6642 la
4365 6517 4628 6642 Troiſieme
4686 6517 4937 6642 Inſtance,

2961 6637 3076 6768 pour
3133 6637 3144 6768 y
3213 6637 3465 6768 effectuer
3499 6637 3705 6768 encores
3751 6637 3785 6768 le
3854 6637 4002 6768 meſme
4048 6637 4208 6768 coup;
4300 6637 4540 6768 Lacharie
4586 6637 4620 6768 le
4666 6637 4826 6768 pare,
4895 6637 4941 6768 en

2963 6769 3333 6888 augmentant
3376 6769 3409 6888 le
3485 6769 3768 6888 Sentiment
3844 6769 3909 6888 des
3953 6769 4116 6888 lames
4181 6769 4214 6888 en
4279 6769 4421 6888 poids
4486 6769 4943 6888 Plus-Gaillard,

2975 6891 3079 7019 dont
3124 6891 3159 7019 il
3205 6891 3262 7019 les
3296 6891 3606 7019 tranſporte
3652 6891 3686 7019 en
3767 6891 3973 7019 dedans.
4111 6891 4294 7019 Auquel
4352 6891 4547 7019 inſtant
4650 6891 4948 7019 Alexandre

2984 7015 3053 7136 met
3110 7015 3145 7136 le
3191 7015 3305 7136 pied
3374 7015 3489 7136 droit
3535 7015 3570 7136 en
3627 7015 3753 7136 terre
3811 7015 3811 7136 à
3868 7015 3903 7136 la
3960 7015 4109 7136 lettre
4236 7015 4270 7136 N.
4339 7015 4374 7136 ſe
4431 7015 4638 7136 haſtant
4707 7015 4890 7136 comme

4822 7179 4939 7270 pour

775 530 909 644 Mais
983 530 1080 644 s’il
1166 530 1716 644 commençoit
1801 530 1801 644 à
1887 530 2070 644 vous
2156 530 2327 644 faire
2412 530 2681 644 ceſdits

596 655 1207 778 changements,
1254 655 1312 778 au
1383 655 1641 778 temps
1712 655 1841 778 que
1888 655 1935 778 le
1993 655 2169 778 pied
2240 655 2428 778 droit
2498 655 2686 778 com-

612 783 857 908 mence
903 783 915 908 à
973 783 1113 908 tres
1148 783 1450 908 bucher
1520 783 1904 908 enſemble
1974 783 2148 908 avec
2218 783 2265 908 le
2346 783 2590 908 corps;
2660 783 2684 908 il

598 908 781 1025 vous
827 908 1183 1025 faudroit
1263 908 1619 1025 obſerver
1699 908 1745 1025 en
1848 908 1906 1025 ce
1974 908 2078 1025 cas
2158 908 2215 1025 de
2284 908 2330 1025 le
2387 908 2686 1025 planter

586 1031 998 1158 touſiours
1059 1031 1326 1158 autant
1399 1031 1556 1158 qu’il
1605 1031 1823 1158 ſeroit
1883 1031 2199 1158 poſſible
2259 1031 2308 1158 en
2381 1031 2696 1158 arriere,

642 1160 642 1279 &
723 1160 944 1279 quant
990 1160 1048 1279 au
1118 1160 1304 1279 reſte
1373 1160 1385 1279 y
1443 1160 1826 1279 proceder
1896 1160 2117 1279 encor
2186 1160 2233 1279 en
2302 1160 2337 1279 la
2430 1160 2686 1279 meſme

586 1286 782 1404 ſorte
852 1286 979 1404 que
1048 1286 1348 1404 devant:
1418 1286 1614 1404 voire
1706 1286 1949 1404 meſme
2018 1286 2365 1404 combien
2457 1286 2584 1404 que
2642 1286 2688 1404 le

593 1409 760 1531 pied
811 1409 952 1531 fuſt
1029 1409 1195 1531 venu
1285 1409 1323 1531 ſi
1387 1409 1605 1531 avant
1682 1409 1848 1531 qu’il
1899 1409 2040 1531 fuſt
2104 1409 2539 1531 impoſſible
2642 1409 2693 1531 de

582 1537 1110 1654 l’empeſcher
1184 1537 1245 1654 de
1294 1537 1613 1654 tomber
1662 1537 1675 1654 à
1736 1537 1933 1654 terre
1982 1537 2043 1654 au
2117 1537 2387 1654 poin
2485 1537 2522 1654 N.
2596 1537 2596 1654 à
2645 1537 2694 1654 la

629 1659 1032 1749 Troiſieme
1095 1659 1485 1749 Inſtance.

1305 1871 1623 2089 Cercle
1851 1871 2123 2089 N.6.

1080 2147 1165 2268 Eſt
1213 2147 1262 2268 la
1347 2147 1760 2268 pourſuite
1881 2147 1893 2268 &
1966 2147 2379 2268 execution
2488 2147 2537 2268 en
2634 2147 2707 2268 ri-

1069 2273 1288 2394 gueur
1392 2273 1450 2394 de
1531 2273 1992 2394 l’operation
2108 2273 2696 2394 dernierement

1045 2400 1591 2516 precedente,
1673 2400 1847 2516 faite
1917 2400 2034 2516 par
2138 2400 2708 2516 ALEXANDRE

1059 2523 1107 2640 en
1203 2523 1586 2640 graduant
1669 2523 1801 2640 d’un
1909 2523 2064 2640 bras
2136 2523 2351 2640 roide
2423 2523 2698 2640 l’eſpee

601 2649 1048 2766 contraire,
1140 2649 1186 2766 en
1278 2649 1473 2766 ſorte
1542 2649 1679 2766 que
1737 2649 1840 2766 les
1920 2649 2104 2766 deux
2173 2649 2436 2766 gardes
2517 2649 2712 2766 vien-

586 2773 771 2868 nent
836 2773 836 2868 à
924 2773 1545 2868 s’entredonner
1621 2773 1795 2868 avec
1861 2773 2144 2868 force,
2253 2773 2700 2868 cheminant

599 2896 765 3013 avec
817 2896 868 3013 le
932 2896 1099 3013 pied
1176 2896 1356 3013 droit
1394 2896 1690 3013 juſqu’à
1754 2896 1869 3013 l’S,
1959 2896 2062 3013 qui
2126 2896 2216 3013 eſt
2267 2896 2332 3013 au
2434 2896 2601 3013 deça
2653 2896 2704 3013 le

630 3024 1043 3140 Diametre,
1152 3024 1152 3140 &
1249 3024 1541 3140 menant
1589 3024 1698 3140 ſur
1759 3024 1808 3140 le
1881 3024 2184 3140 genouil
2281 3024 2585 3140 d’iceluy
2658 3024 2694 3140 la

602 3147 885 3267 charge
972 3147 1021 3267 du
1120 3147 1366 3267 corps,
1415 3147 1576 3267 ſans
1650 3147 1847 3267 nulle
1908 3147 2315 3267 pourſuite
2402 3147 2451 3267 du
2549 3147 2722 3267 pied

613 3272 935 3390 gauche;
997 3272 1331 3390 perçant
1405 3272 1565 3390 ainſi
1615 3272 1652 3390 la
1726 3272 1912 3390 teſte
1973 3272 1986 3390 à
2060 3272 2159 3390 ſon
2270 3272 2715 3390 Contraire;

612 3396 915 3514 comme
964 3396 1000 3514 il
1048 3396 1133 3514 eſt
1182 3396 1581 3514 pourtrait
1642 3396 1690 3514 en
1751 3396 1957 3514 leurs
2005 3396 2332 3514 figures.
