5520 7640
763 494 882 638 pour
929 494 953 638 le
1000 494 1201 638 chaſſer
1248 494 1355 638 avec
1402 494 1425 638 le
1473 494 1591 638 pied
1638 494 1851 638 gauche,
1887 494 1910 638 le
1958 494 2076 638 quel
2099 494 2135 638 il
2182 494 2253 638 met
2300 494 2336 638 en
2383 494 2525 638 terre
2560 494 2750 638 paral-

767 629 849 758 lele
895 629 907 758 à
977 629 1200 758 l’autre,
1259 629 1294 758 il
1329 629 1634 758 tranſporte
1692 629 1927 758 derechef
1985 629 2009 758 le
2067 629 2173 758 pied
2231 629 2349 758 droit
2396 629 2478 758 ſur
2513 629 2536 758 le
2630 629 2735 758 Dia-

785 760 929 888 metre
974 760 1439 888 perpendiculaire
1494 760 1539 888 au
1583 760 1749 888 poinct
1816 760 1849 888 L.
1905 760 2171 888 avançant
2215 760 2281 888 ſur
2326 760 2481 888 iceluy
2525 760 2558 888 le
2603 760 2736 888 corps

766 876 883 1012 avec
941 876 964 1012 le
1023 876 1139 1012 coſté
1221 876 1454 1012 gauche,
1570 876 1570 1012 &
1640 876 1955 1012 preſentant
2001 876 2397 1012 enſemblement
2479 876 2572 1012 d’un
2642 876 2747 1012 bras

763 1014 937 1137 courbé
984 1014 1018 1137 ſa
1065 1014 1250 1137 poincte
1296 1014 1343 1137 au
1401 1014 1574 1137 viſage
1632 1014 1656 1137 de
1702 1014 1760 1137 ſon
1841 1014 2188 1137 Contraire-

1119 1161 1255 1283 Eſte
1335 1161 1723 1283 operation
1802 1161 1814 1283 à
1859 1161 1916 1283 le
2008 1161 2270 1283 meſme
2349 1161 2748 1283 commen-

1098 1276 1408 1406 cement
1508 1276 1630 1406 que
1696 1276 1740 1406 la
1829 1276 2394 1406 precedente,
2505 1276 2748 1406 conti-

1090 1398 1329 1512 nuant
1376 1398 1543 1512 auſſi
1603 1398 1650 1512 en
1722 1398 1758 1512 la
1853 1398 2103 1512 meſme
2163 1398 2389 1512 ſorte,
2437 1398 2723 1512 juſqu’à

1086 1522 1238 1653 tant
1332 1522 1508 1653 qu’A
1566 1522 2023 1653 LEXANDRE
2070 1522 2128 1653 ſe
2222 1522 2339 1653 met
2386 1522 2398 1653 à
2456 1522 2620 1653 faire
2691 1522 2726 1653 la

659 1646 1153 1773 graduation,
1252 1646 1264 1773 &
1314 1646 1326 1773 à
1400 1646 1659 1773 dreſſer
1709 1646 1758 1773 ſa
1820 1646 2116 1773 pointe;
2166 1646 2351 1773 pour
2400 1646 2746 1773 laquelle

647 1770 857 1903 parer
951 1770 1429 1903 ZACHARIE,
1498 1770 1615 1903 qui
1673 1770 1673 1903 a
1732 1770 2070 1903 travaillé
2140 1770 2198 1903 au
2291 1770 2734 1903 precedent

676 1895 917 2024 Cercle
981 1895 1146 2024 avec
1223 1895 1273 2024 le
1350 1895 1566 2024 Poids
1655 1895 2011 2024 Gaillard:
2074 1895 2557 2024 l’augmente
2621 1895 2735 2024 icy

643 2017 704 2152 un
789 2017 1007 2152 degré
1056 2017 1213 2152 plus
1262 2017 1517 2152 avant.
1590 2017 1699 2152 Sur
1747 2017 2014 2152 lequel
2087 2017 2742 2152 ALEXANDRE

632 2143 978 2272 travaille
1047 2143 1417 2272 derechef
1474 2143 1532 2272 au
1613 2143 2317 2272 commencement
2375 2143 2560 2272 pour
2606 2143 2733 2272 luy

638 2271 832 2396 tenir
889 2271 923 2396 la
992 2271 1186 2396 lame
1266 2271 1312 2396 en
1426 2271 1712 2396 devoir,
1792 2271 1838 2396 en
1918 2271 1963 2396 la
2043 2271 2604 2396 contrepeſant
2718 2271 2729 2396 &

654 2390 1062 2522 domptant
1134 2390 1170 2522 en
1242 2390 1434 2522 ſorte
1506 2390 1758 2522 qu’elle
1819 2390 1891 2522 ne
1951 2390 2191 2522 puiſſe
2275 2390 2599 2522 monter;
2719 2390 2731 2522 &

650 2519 1095 2643 cependant
1156 2519 1193 2643 il
1255 2519 1515 2643 plante
1576 2519 1626 2643 le
1700 2519 1860 2643 pied
1935 2519 1935 2643 à
1996 2519 2046 2643 la
2157 2519 2565 2643 Troiſieme
2639 2519 2750 2643 In-

631 2645 876 2763 ſtance
937 2645 986 2763 au
1060 2645 1329 2763 poin
1427 2645 1464 2763 N.
1513 2645 1697 2763 avec
1746 2645 2150 2763 pourſuite
2223 2645 2272 2763 du
2346 2645 2517 2763 pied
2579 2645 2750 2763 gau-

640 2767 793 2885 che,
840 2767 1110 2885 lequel
1168 2767 1204 2885 il
1286 2767 1415 2885 met
1474 2767 1638 2885 tout
1697 2767 2319 2885 ſoudainement
2366 2767 2731 2885 parallele

628 2885 904 3008 aupres
977 2885 1037 3008 de
1085 2885 1398 3008 l’autre,
1518 2885 1530 3008 &
1614 2885 1975 3008 derechef
2035 2885 2071 3008 il
2144 2885 2372 3008 eſleve
2420 2885 2480 3008 le
2553 2885 2733 3008 droit

625 3012 682 3138 au
785 3012 1036 3138 meſme
1082 3012 1414 3138 inſtant,
1494 3012 1688 3138 quaſi
1757 3012 2066 3138 comme
2123 3012 2169 3138 en
2260 3012 2523 3138 faiſant
2592 3012 2729 3138 une

650 3133 1325 3266 demi-fleurette,
1406 3133 1592 3266 avec
1662 3133 2058 3266 extenſion
2162 3133 2209 3266 du
2313 3133 2569 3266 corps.
2732 3133 2732 3266 &

650 3259 990 3388 donnant
1075 3259 1414 3388 quelque
1475 3259 1911 3388 permiſſion
2008 3259 2068 3388 de
2165 3259 2456 3388 monter
2529 3259 2529 3388 à
2602 3259 2747 3388 l’eſ-

630 3395 754 3510 pee
845 3395 1299 3510 contraire:
1390 3395 1742 3510 laquelle
1821 3395 2287 3510 continuant
2378 3395 2423 3510 en
2503 3395 2730 3510 l’aug-

652 3515 1051 3629 mentation
1145 3515 1192 3629 du
1263 3515 1521 3629 poids,
1568 3515 1604 3629 il
1651 3515 1780 3629 luy
1851 3515 2156 3629 conſent
2227 3515 2297 3629 de
2344 3515 2744 3629 tranſpor-

619 3633 728 3760 ter
777 3633 899 3760 peu
973 3633 985 3760 à
1046 3633 1156 3760 peu
1229 3633 1327 3760 les
1400 3633 1681 3760 eſpees,
1717 3633 2144 3760 leſquelles
2193 3633 2230 3760 il
2279 3633 2413 3760 ſuit
2462 3633 2633 3760 avec
2682 3633 2730 3760 le

627 3758 840 3881 corps
923 3758 970 3881 en
1065 3758 1289 3881 allant
1348 3758 1360 3881 à
1407 3758 1868 3881 l’advenant
1939 3758 2093 3881 vers
2152 3758 2199 3881 le
2270 3758 2459 3881 coſté
2554 3758 2743 3881 droit

617 3883 796 4010 avec
856 3883 915 4010 le
999 3883 1178 4010 coſté
1261 3883 1547 4010 gauche
1631 3883 1691 4010 un
1774 3883 1893 4010 peu
1977 3883 2263 4010 avancé
2394 3883 2394 4010 &
2454 3883 2502 4010 le
2573 3883 2740 4010 bras

629 4006 921 4142 courbé
957 4006 1419 4142 lentement
1479 4006 1528 4142 en
1625 4006 1953 4142 dedans:
2074 4006 2074 4142 &
2147 4006 2159 4142 à
2208 4006 2536 4142 l’inſtant
2609 4006 2742 4142 que

616 4133 724 4261 les
807 4133 1058 4261 eſpees
1129 4133 1511 4261 viennent
1571 4133 1678 4261 ſur
1738 4133 1786 4261 le
1858 4133 2072 4261 point
2144 4133 2204 4261 de
2263 4133 2502 4261 paſſer
2562 4133 2741 4261 l’en-

634 4256 822 4382 droit
904 4256 951 4382 du
1045 4256 1373 4382 ſommet
1467 4256 1526 4382 de
1596 4256 1643 4382 ſa
1725 4256 1960 4382 teſte:
2100 4256 2746 4382 ALEXANDRE

628 4382 1001 4506 s’allonge
1061 4382 1110 4506 le
1182 4382 1339 4506 bras
1423 4382 1712 4506 courbé
1772 4382 1821 4506 en
1929 4382 2242 4506 dehors,
2290 4382 2399 4506 ſur
2459 4382 2748 4506 l’aſſeu-

628 4507 855 4634 rance
926 4507 986 4634 de
1034 4507 1069 4634 la
1153 4507 1690 4634 continuation
1773 4507 1833 4634 du
1904 4507 2155 4634 poids,
2191 4507 2524 4634 juſqu’au
2620 4507 2751 4634 deſ-

627 4629 735 4755 ſus
807 4629 855 4755 du
975 4629 1335 4755 Diametre
1395 4629 1803 4755 principal,
1851 4629 2079 4755 eſtant
2127 4629 2163 4755 la
2235 4629 2583 4755 branche
2643 4629 2751 4755 ex-

636 4754 978 4886 terieure
1048 4754 1107 4886 de
1154 4754 1201 4886 la
1284 4754 1495 4886 garde
1554 4754 1884 4886 tournée
1955 4754 2602 4886 diagonalement
2673 4754 2720 4886 en

634 4877 853 5006 haut;
922 4877 980 5006 le
1049 4877 1210 5006 tout
1280 4877 1476 5006 pour
1557 4877 1845 5006 donner
1914 4877 1926 5006 à
1995 4877 2272 5006 l’eſpee
2352 4877 2733 5006 contraire

652 5001 902 5128 courſe
973 5001 1212 5128 libre:
1271 5001 1605 5128 laquelle
1688 5001 1890 5128 vient
1938 5001 1938 5128 à
1998 5001 2045 5128 ſe
2105 5001 2379 5128 rendre
2438 5001 2617 5128 avec
2688 5001 2736 5128 le

641 5125 872 5255 foible
1005 5125 1308 5255 Nombre
1393 5125 1659 5255 contre
1696 5125 1744 5255 la
1817 5125 2035 5255 garde
2096 5125 2168 5255 de
2217 5125 2253 5255 la
2314 5125 2605 5255 ſienne,
2665 5125 2726 5255 au

649 5248 931 5380 dehors
1001 5248 1060 5380 de
1095 5248 1142 5380 la
1201 5248 1542 5380 branche
1613 5248 2106 5380 exterieure:
2177 5248 2224 5380 en
2318 5248 2518 5380 ſorte
2588 5248 2753 5380 qu’il

636 5371 758 5504 luy
832 5371 869 5504 en
967 5371 1187 5504 dreſſe
1236 5371 1273 5504 la
1334 5371 1604 5504 pointe
1677 5371 1947 5504 devant
1996 5371 2057 5504 le
2118 5371 2388 5504 viſage,
2437 5371 2486 5504 en
2559 5371 2755 5504 plan-

643 5497 799 5629 tant
859 5497 907 5629 le
967 5497 1135 5629 pied
1219 5497 1411 5629 droit
1471 5497 1579 5629 ſur
1615 5497 1675 5629 le
1771 5497 2144 5629 Diametre
2204 5497 2744 5629 perpendicu-

635 5623 807 5755 laire
868 5623 881 5755 à
942 5623 979 5755 la
1053 5623 1286 5755 lettre
1384 5623 1446 5755 L,
1569 5623 1581 5755 &
1642 5623 1679 5755 en
1777 5623 2207 5755 chargeant
2256 5623 2318 5755 le
2379 5623 2588 5755 corps
2637 5623 2748 5755 ſur

632 5747 678 5874 le
748 5747 1061 5874 genouil
1119 5747 1433 5874 d’iceluy
1491 5747 1619 5874 plié
1677 5747 1851 5874 avec
1909 5747 2443 5874 avancement
2513 5747 2560 5874 du
2641 5747 2745 5874 co-

641 5872 730 6002 ſté
806 5872 1162 6002 gauche,
1277 5872 1289 6002 &
1340 5872 1747 6002 pourſuite
1823 5872 1874 6002 du
1976 5872 2218 6002 meſme
2281 5872 2446 6002 pied
2510 5872 2523 6002 à
2586 5872 2764 6002 l’ad-

651 6001 961 6122 venant,
1044 6001 1378 6122 trainant
1425 6001 1747 6122 juſques
1806 6001 1806 6122 à
1854 6001 2009 6122 l’N.
2128 6001 2188 6122 Le
2259 6001 2438 6122 tout
2497 6001 2557 6122 ſe
2640 6001 2747 6122 de-

676 6125 986 6248 monſtre
1055 6125 1170 6248 par
1250 6125 1721 6248 courtoiſie,
1801 6125 1950 6248 ſans
2030 6125 2076 6248 en
2168 6125 2340 6248 faire
2409 6125 2753 6248 l’execu-

648 6245 782 6374 tion
891 6245 1000 6374 qui
1073 6245 1158 6374 eſt
1231 6245 1668 6374 toutesfois
1765 6245 1814 6374 en
1911 6245 1947 6374 ſa
2032 6245 2481 6374 puiſſance;
2591 6245 2761 6374 ainſi

669 6374 811 6517 quil
870 6374 917 6517 ſe
988 6374 1130 6517 voit
1189 6374 1650 6517 clairement
1709 6374 1756 6517 en
1827 6374 1862 6517 la
1921 6374 2559 6517 repreſentation
2642 6374 2760 6517 des

654 6501 991 6615 figures.

1395 6626 1705 6798 Cercle
1904 6626 2148 6798 N.9.

684 6830 976 6965 Alexandre
1021 6830 1313 6965 procedant
1357 6830 1492 6965 encor
1537 6830 1571 6965 en
1627 6830 1660 6965 la
1717 6830 1874 6965 meſme
1919 6830 2053 6965 façon
2120 6830 2154 6965 de
2199 6830 2233 6965 la
2289 6830 2502 6965 Seconde
2558 6830 2749 6965 Inſtan-

771 6960 806 7096 ce
864 6960 969 7096 vers
1015 6960 1050 7096 la
1120 6960 1423 7096 Troiſieme;
1516 6960 1772 7096 Zacharie
1842 6960 2098 7096 deſtourne
2144 6960 2168 7096 le
2226 6960 2342 7096 coup
2400 6960 2435 7096 en
2482 6960 2761 7096 tranſpor-

3009 461 3126 595 tant
3185 461 3244 595 les
3279 461 3443 595 lames
3490 461 3607 595 avec
3677 461 3806 595 Poids
3876 461 4333 595 Tres-Gaillard:
4404 461 4486 595 qui
4521 461 4638 595 fait
4720 461 5013 595 Alexandre

3019 601 3062 737 va
3106 601 3324 737 planter
3368 601 3389 737 le
3433 601 3553 737 pied
3607 601 3727 737 droit
3760 601 3836 737 ſur
3891 601 3913 737 le
3978 601 4185 737 Centre,
4229 601 4261 737 en
4316 601 4599 737 avançant
4697 601 4697 737 &
4741 601 5013 737 panchant

3013 725 3050 865 le
3087 725 3233 865 corps
3281 725 3476 865 deſſus,
3537 725 3793 865 trainant
3842 725 3866 865 le
3915 725 4037 865 pied
4098 725 4293 865 gauche
4366 725 4573 865 juſques
4646 725 4646 865 à
4707 725 4877 865 l’M.

3033 855 3248 988 mettant
3301 855 3710 988 enſemblement
3764 855 4000 988 (comme
4054 855 4280 988 devant)
4333 855 4376 988 ſa
4441 855 4634 988 poinle
4710 855 4892 988 devant
4957 855 5021 988 les

3006 998 3135 1113 yeux
3188 998 3221 1113 du
3296 998 3649 1113 Contraire.

3399 1164 3399 1294 N
3473 1164 3659 1294 ceſte
3746 1164 4142 1294 operation
4204 1164 4241 1294 il
4291 1164 4390 1294 n’y
4464 1164 4476 1294 a
4538 1164 4737 1294 nulle
4786 1164 5009 1294 autre

3352 1289 3784 1415 difference
3880 1289 4107 1415 d’avec
4179 1289 4275 1415 les
4383 1289 4574 1415 deux
4670 1289 5006 1415 derniers

3336 1415 3848 1548 precedẽtes,
3897 1415 4093 1548 ſinon
4178 1415 4312 1548 que
4361 1415 4728 1548 pendant
4789 1415 5009 1548 qu’A-

3346 1542 3830 1671 LEXANDRE
3930 1542 4017 1671 eſt
4104 1542 4153 1671 en
4253 1542 4488 1671 aion
4588 1542 5010 1671 d’allonger

2884 1668 3301 1798 l’eſtocade
3352 1668 3365 1798 à
3415 1668 3453 1798 la
3542 1668 3947 1798 Troiſieme
4010 1668 4403 1798 Inſtance;
4466 1668 4592 1798 que
4694 1668 5010 1798 ZAcHA-

2892 1794 3001 1924 RIE
3062 1794 3110 1924 la
3171 1794 3341 1924 pare
3401 1794 3450 1924 en
3535 1794 3813 1924 dedans
3874 1794 4056 1924 avec
4128 1794 4346 1924 Poids
4395 1794 5013 1924 tres-Gaillard,

2894 1919 2943 2049 où
3027 1919 3064 2049 il
3148 1919 3160 2049 y
3233 1919 3233 2049 a
3318 1919 3584 2049 autant
3632 1919 3790 2049 plus
3874 1919 4177 2049 d’effort
4249 1919 4431 2049 qu’au
4516 1919 5000 2049 precedent.

2901 2042 2959 2173 Là
3053 2042 3288 2173 deſſus
3371 2042 3547 2173 donc
3653 2042 4228 2173 ALEXANDRE
4287 2042 4346 2173 ſe
4416 2042 4816 2173 gouverne
4898 2042 5015 2173 en-

2890 2171 3057 2298 core
3105 2171 3440 2298 ſuyvant
3487 2171 3583 2298 les
3655 2171 4204 2298 obſervations
4276 2171 4323 2298 du
4443 2171 4682 2298 Cercle
4741 2171 5016 2298 prece-

2902 2298 3103 2418 dent,
3163 2298 3210 2418 en
3293 2298 3744 2418 cheminant
3815 2298 3993 2418 avec
4041 2298 4100 2418 le
4171 2298 4349 2418 pied
4432 2298 4622 2418 droit
4693 2298 4753 2418 au
4824 2298 5014 2418 long

2894 2425 2956 2546 du
3068 2425 3442 2546 Diametre
3491 2425 4201 2546 perpendiculaire
4251 2425 4587 2546 juſqu’au
4711 2425 5010 2546 Centre,

2936 2546 2948 2675 &
3025 2546 3037 2675 y
3113 2546 3418 2675 panche
3469 2546 3519 2675 le
3596 2546 3824 2675 corps
3887 2546 3887 2675 à
3976 2546 4167 2675 coſté
4255 2546 4496 2675 deſſus
4560 2546 4611 2675 le
4700 2546 5017 2675 genouil

2877 2670 3046 2800 plié,
3095 2670 3276 2800 avec
3325 2670 3736 2800 pourſuite
3809 2670 3857 2800 du
3942 2670 4123 2800 pied
4196 2670 4486 2800 gauche
4547 2670 4934 2800 revenant
4994 2670 4994 2800 à

2874 2792 2910 2895 la
2980 2792 3203 2895 lettre
3344 2792 3380 2895 M.
3509 2792 3521 2895 &
3580 2792 3967 2895 extenſion
4062 2792 4109 2895 du
4203 2792 4367 2895 bras
4438 2792 4626 2895 droit
4708 2792 5002 2895 courbé

2888 2923 2936 3043 en
3045 2923 3324 3043 dedans
3384 2923 3432 3043 au
3541 2923 3783 3043 deſſus
3844 2923 3892 3043 du
4013 2923 4388 3043 Diametre
4449 2923 5005 3043 perpendicu-

2879 3049 3083 3168 laire,
3121 3049 3414 3168 juſqu’à
3465 3049 3834 3168 l’endroit
3898 3049 3962 3168 de
4000 3049 4051 3168 la
4153 3049 4650 3168 Collaterale,
4713 3049 5019 3168 moyen-

2874 3170 3057 3298 nant
3094 3170 3459 3298 laquelle,
3496 3170 3764 3298 l’eſpee
3837 3170 4215 3298 contraire
4288 3170 4373 3298 eſt
4422 3170 4690 3298 portée
4763 3170 4836 3298 de
4885 3170 4982 3298 ſon

2875 3298 3156 3416 propre
3249 3298 3764 3416 mouvement
3823 3298 3998 3416 avec
4045 3298 4104 3416 le
4162 3298 4396 3416 foible
4455 3298 4513 3416 au
4584 3298 4736 3416 fort
4818 3298 4888 3416 de
4958 3298 4993 3416 la

2878 3415 3193 3550 ſienne,
3315 3415 3375 3550 de
3460 3415 3800 3550 laquelle
3872 3415 3909 3550 il
3982 3415 4103 3550 luy
4200 3415 4248 3550 en
4382 3415 4503 3550 met
4588 3415 4624 3550 en
4745 3415 5000 3550 meſme

2875 3552 3141 3669 temps
3188 3552 3222 3669 la
3280 3552 3558 3669 pointe
3638 3552 3916 3669 devant
3985 3552 4078 3669 les
4159 3552 4402 3669 yeux;
4483 3552 4795 3669 comme
4853 3552 4887 3669 il
4957 3552 5003 3669 ſe

2890 3671 3036 3788 voit
3097 3671 3145 3788 en
3218 3671 3255 3788 la
3316 3671 3596 3788 figure.

3574 4194 3886 4365 Cercle
4131 4194 4420 4365 N.10.

2914 4429 3216 4550 Alexandre
3262 4429 3424 4550 eſtant
3482 4429 3714 4550 derechef
3772 4429 3784 4550 à
3853 4429 4155 4550 my-chemin
4236 4429 4259 4550 de
4317 4429 4352 4550 la
4433 4429 4700 4550 Troiſieme
4746 4429 5001 4550 Inſtance,

3052 4556 3052 4679 &
3122 4556 3122 4679 y
3170 4556 3370 4679 faiſant
3417 4556 3453 4679 la
3511 4556 3842 4679 graduation
3912 4556 4030 4679 pour
4077 4556 4254 4679 donner
4313 4556 4643 4679 l’eſtocade;
4714 4556 4761 4679 ſa
4832 4556 5009 4679 partie

2999 4680 3288 4803 augmente
3346 4680 3369 4803 le
3415 4680 3554 4803 poids
3658 4680 3658 4803 &
3715 4680 3889 4803 hauſſe
3946 4680 4004 4803 les
4050 4680 4212 4803 lames
4270 4680 4385 4803 pour
4443 4680 4513 4803 les
4559 4680 4905 4803 tranſporter
4975 4680 5009 4803 en

3022 4807 3249 4928 dedans;
3317 4807 3420 4928 dont
3476 4807 3522 4928 au
3601 4807 3749 4928 meſme
3794 4807 3965 4928 temps
4021 4807 4044 4928 il
4090 4807 4112 4928 le
4169 4807 4396 4928 redomte
4498 4807 4498 4928 &
4555 4807 4907 4928 raſſujettit,
4964 4807 5010 4928 en

3001 4932 3070 5049 luy
3127 4932 3493 5049 deſgraduant
3539 4932 3574 5049 la
3608 4932 3768 5049 lame,
3917 4932 4101 5049 poſant
4146 4932 4169 5049 le
4227 4932 4341 5049 pied
4410 4932 4536 5049 droit
4582 4932 4627 5049 en
4685 4932 4822 5049 terre
4891 4932 4902 5049 à
4971 4932 5005 5049 la

3029 5054 3291 5181 Troiſieme
3339 5054 3613 5181 Inſtance,
3672 5054 3839 5181 lettre
3934 5054 3970 5181 N.
4029 5054 4137 5181 avec
4196 5054 4220 5181 le
4280 5054 4422 5181 corps
4494 5054 4696 5181 panché
4756 5054 4899 5181 deſſus

3007 5181 3116 5304 logé
3164 5181 3358 5304 dedans
3394 5181 3599 5304 l’angle
3660 5181 3732 5304 des
3769 5181 3962 5304 eſpees,
4083 5181 4083 5304 &
4131 5181 4168 5304 le
4216 5181 4325 5304 pied
4397 5181 4591 5304 gauche
4651 5181 5014 5304 pourſuivant

3000 5305 3396 5427 promptement
3492 5305 3503 5427 &
3556 5305 3813 5427 revenant
3856 5305 3899 5427 un
3963 5305 4038 5427 peu
4123 5305 4295 5427 debors
4337 5305 4370 5427 le
4434 5305 4594 5427 Cercle
4648 5305 4915 5427 alendroit
4980 5305 5012 5427 de

3012 5429 3051 5558 la
3090 5429 3220 5558 ligne
3336 5429 3349 5558 R
3479 5429 3518 5558 N.
3660 5429 3738 5558 Qui
3777 5429 3842 5558 eſt
3880 5429 3958 5558 une
3997 5429 4269 5558 operation
4347 5429 4425 5558 qui
4464 5429 4489 5558 ſe
4567 5429 4684 5558 peut
4723 5429 5021 5558 pratiquer

3013 5560 3086 5668 ſur
3147 5560 3207 5668 les
3268 5560 3389 5668 trois
3450 5560 3765 5668 precedents
3837 5560 3995 5668 Poids,
4092 5560 4359 5668 Gaillard,
4431 5560 4892 5668 Plus-Gaillard,
5013 5560 5013 5668 &

3027 5677 3489 5768 Tres-Gaillard.

3376 5847 3389 5968 A
3451 5847 3811 5968 preſente
3873 5847 4270 5968 operation
4344 5847 4592 5968 prend
4667 5847 4840 5968 auſſi
4902 5847 5002 5968 ſon

3354 5976 4077 6073 commencement
4167 5976 4223 6073 du
4348 5976 4596 6073 Cercle
4664 5976 4698 6073 1.
4788 5976 4833 6073 où
4946 5976 5014 6073 A-

3354 6105 3824 6222 LEXANDRE
3902 6105 3913 6222 a
4003 6105 4171 6222 tenu
4249 6105 4529 6222 l’eſpee
4618 6105 5010 6222 contraire

3348 6222 3796 6350 aſſujettie,
3860 6222 4448 6350 preſuppoſant
4538 6222 4793 6350 qu’elle
4870 6222 5024 6350 uſe,

2956 6349 2956 6445 &
3016 6349 3392 6445 continue
3452 6349 3452 6445 à
3513 6349 3658 6445 uſer
3731 6349 3779 6445 du
3876 6349 4094 6445 Poids
4179 6349 4288 6445 Vif.
4385 6349 4566 6445 Dont
4627 6349 4663 6445 il
4736 6349 4748 6445 a
4821 6349 5027 6445 com-

2929 6476 3171 6570 mencé
3225 6476 3236 6570 a
3313 6476 3708 6570 cheminer
3785 6476 4552 6570 conſecutivement
4629 6476 4903 6570 devers
4958 6476 5002 6570 la

2933 6597 3342 6726 Troiſieme
3403 6597 3824 6726 Inſtance;
3945 6597 3957 6726 &
4017 6597 4065 6726 en
4149 6597 4390 6726 eſtant
4462 6597 4631 6726 venu
4703 6597 4703 6726 à
4764 6597 4812 6726 la
4896 6597 5028 6726 my-

2910 6724 3140 6851 voye,
3189 6724 3213 6851 il
3286 6724 3334 6851 ſe
3419 6724 3540 6851 met
3613 6724 3976 6851 derechef
4037 6724 4207 6851 ainſi
4267 6724 4401 6851 que
4473 6724 4752 6851 devant
4800 6724 4812 6851 à
4885 6724 5018 6851 gra-

2921 6850 3090 6974 duer
3147 6850 3214 6974 un
3293 6850 3406 6974 peu
3474 6850 3519 6974 la
3575 6850 3767 6974 lame
3823 6850 4218 6974 contraire
4274 6850 4454 6974 avec
4499 6850 4556 6974 le
4612 6850 4838 6974 corps
4905 6850 5018 6974 au-

2914 6975 3349 7098 cunement
3420 6975 3714 7098 panché
3761 6975 3867 7098 ſur
3938 6975 3985 7098 le
4079 6975 4385 7098 devant,
4455 6975 4643 7098 pour
4726 6975 5020 7098 donner

4797 7138 5010 7199 encor
