5520 7640
619 496 850 623 encor
902 496 1300 623 l’atteinte
1364 496 1416 623 du
1544 496 1879 623 Cercle5.
2046 496 2174 623 Mais
2239 496 2277 623 il
2354 496 2702 623 cognoiſt

614 622 725 745 par
787 622 848 745 le
922 622 1341 745 ſentiment
1427 622 1551 745 que
1625 622 1674 745 le
1748 622 1957 745 Poids
2031 622 2093 745 de
2154 622 2203 745 la
2265 622 2450 745 lame
2536 622 2696 745 con-

613 744 881 876 traire,
954 744 1186 876 ayant
1259 744 1381 876 eſté
1454 744 1905 876 ſeulement
2003 744 2125 876 Vif,
2210 744 2698 876 s’augmente

598 877 956 1003 juſqu’en
1051 877 1182 1003 l’un
1301 877 1409 1003 des
1492 877 1671 1003 trois
1766 877 2363 1003 dernierement
2434 877 2696 1003 prece-

632 999 876 1109 dents,
915 999 1223 1109 aſſavoir
1326 999 1660 1109 Gaillard,
1724 999 2302 1109 Plus-Gaillard,
2353 999 2404 1109 ou
2520 999 2700 1109 Tres-

663 1125 1002 1252 Gaillard:
1067 1125 1184 1252 Sur
1237 1125 1576 1252 leſquels
1628 1125 1745 1252 ont
1810 1125 1941 1252 eſté
1993 1125 2215 1252 faites
2267 1125 2319 1252 és
2410 1125 2697 1252 Cercles

627 1252 664 1373 7.
763 1252 801 1373 8.
937 1252 937 1373 &
1037 1252 1074 1373 9.
1136 1252 1397 1373 autant
1497 1252 1559 1373 de
1646 1252 2094 1373 differentes
2181 1252 2628 1373 operations
2691 1252 2703 1373 à

622 1377 921 1503 chaſcun
1005 1377 1052 1503 la
1124 1377 1423 1503 ſienne:
1494 1377 1925 1503 leſquelles
1996 1377 2355 1503 peuvent
2438 1377 2713 1503 cepen-

613 1502 786 1625 dant
832 1502 1097 1625 toutes
1166 1502 1339 1625 eſtre
1385 1502 1846 1625 prevenues
1892 1502 2007 1625 par
2076 1502 2249 1625 celle
2318 1502 2444 1625 que
2502 1502 2698 1625 nous

632 1625 1013 1751 mettrons
1048 1625 1167 1751 icy
1227 1625 1858 1751 preſentement.
1929 1625 2084 1751 C’eſt
2132 1625 2441 1751 aſſavoir
2489 1625 2501 1751 à
2596 1625 2703 1751 me-

604 1749 774 1877 ſure
834 1749 967 1877 que
1064 1749 1524 1877 ZACHARIE
1572 1749 1657 1877 ira
1706 1749 2238 1877 augmentant
2287 1749 2698 1877 ſonPoids;

629 1873 1340 1997 qu’ALEXANDRE
1388 1873 1918 1997 augmentera
1978 1873 2147 1997 auſſi
2207 1873 2207 1997 à
2255 1873 2701 1997 l’advenant

604 1995 653 2098 le
713 1995 883 2098 ſien,
920 1995 1101 2098 avec
1186 1995 1647 2098 moderation
1781 1995 1793 2098 &
1853 1995 2254 2098 diſcretion
2351 1995 2411 2098 de
2472 1995 2702 2098 laiſſer

633 2121 927 2245 monter
974 2121 1044 2245 un
1115 2121 1303 2245 petit
1350 2121 1456 2245 les
1515 2121 1809 2245 eſpees,
1856 2121 2044 2245 avec
2115 2121 2562 2245 graduation
2644 2121 2703 2245 de

603 2243 651 2368 la
735 2243 1120 2368 contraire
1228 2243 1240 2368 &
1300 2243 1902 2368 deſgraduation
2010 2243 2070 2368 de
2130 2243 2166 2368 la
2239 2243 2479 2368 ſienne
2551 2243 2720 2368 pro-

618 2368 782 2492 pre,
876 2368 1217 2492 donnant
1287 2368 1581 2492 comme
1651 2368 2098 2492 apparence
2192 2368 2250 2492 de
2309 2368 2403 2492 les
2474 2368 2709 2492 laiſſer

614 2493 1134 2615 tranſporter,
1219 2493 1231 2615 &
1316 2493 1618 2615 mettant
1690 2493 2126 2615 cependant
2174 2493 2235 2615 le
2283 2493 2452 2615 pied
2525 2493 2706 2615 droit

620 2615 669 2738 en
743 2615 941 2738 terre
1015 2615 1015 2738 à
1077 2615 1126 2738 la
1225 2615 1632 2738 Troiſieme
1718 2615 2076 2738 Inſtance
2138 2615 2200 2738 au
2286 2615 2545 2738 poin
2669 2615 2706 2738 N.

635 2737 695 2860 Et
779 2737 1116 2860 d’autant
1176 2737 1369 2860 qu’en
1465 2737 1526 2860 ce
1586 2737 1851 2860 faiſant
1923 2737 2019 2860 ſon
2103 2737 2320 2860 corps
2368 2737 2705 2860 s’avance

611 2859 785 2985 avec
843 2859 1425 2985 abaiſſement,
1506 2859 1553 2985 au
1681 2859 1936 2985 meſme
2018 2859 2274 2985 temps
2343 2859 2378 2985 il
2471 2859 2704 2985 regai-

623 2984 834 3106 gnera
928 2984 1291 3106 derechef
1384 2984 1865 3106 moyennant
1923 2984 1958 3106 la
2064 2984 2696 3106 deſgraduation,

595 3103 703 3227 les
751 3103 1137 3227 nombres
1209 3103 1269 3227 où
1330 3103 1366 3227 il
1414 3103 1667 3227 tenoit
1727 3103 2390 3227 preallablement
2438 3103 2703 3227 l’eſpee

616 3227 1009 3343 contraire
1095 3227 1144 3343 en
1218 3227 1708 3343 ſubjeion,
1782 3227 2346 3343 s’affermiſſant
2408 3227 2469 3343 le
2530 3227 2714 3343 haut

624 3349 672 3471 du
745 3349 914 3471 bras
962 3349 1010 3471 au
1095 3349 1288 3471 coſté
1373 3349 1578 3471 droit,
1614 3349 1807 3471 pour
1868 3349 1916 3471 en
1988 3349 2387 3471 renforcer
2435 3349 2701 3471 l’eſpee

620 3472 950 3597 d’autant
1024 3472 1513 3597 d’avantage,
1623 3472 1623 3597 &
1672 3472 1868 3597 pour
1905 3472 2296 3597 l’aſſeurer
2357 3472 2553 3597 cõtre
2614 3472 2712 3597 les

608 3596 1362 3698 tresbuchements,
1476 3596 1476 3698 &
1545 3596 1933 3698 enſemble
2013 3596 2058 3698 en
2150 3596 2504 3698 ramener
2561 3596 2698 3698 l’eſ-

614 3717 746 3841 pee
830 3717 1216 3841 contraire
1300 3717 1456 3841 vers
1505 3717 1553 3841 le
1601 3717 1721 3841 bas
1770 3717 2107 3841 ſuyvant
2155 3717 2191 3841 la
2263 3717 2576 3841 juſteſſe
2648 3717 2709 3841 de

600 3839 1393 3962 l’aſſujettiſſement;
1442 3839 1625 3962 avec
1673 3839 2051 3962 ſoudaine
2112 3839 2515 3962 pourſuite
2588 3839 2710 3962 cir-

619 3965 891 4087 culaire
965 3965 1015 4087 du
1089 3965 1262 4087 pied
1336 3965 1658 4087 gauche,
1695 3965 1954 4087 iceluy
2016 3965 2362 4087 plantant
2437 3965 2709 4087 dehors

604 4085 652 4206 le
749 4085 990 4206 Cercle
1063 4085 1075 4206 à
1135 4085 1594 4206 proportion
1679 4085 1739 4206 de
1788 4085 2053 4206 l’autre
2162 4085 2162 4206 &
2222 4085 2694 4206 reſpondant

611 4210 710 4331 ſur
759 4210 797 4331 la
859 4210 1057 4331 ligne
1168 4210 1168 4331 X
1292 4210 1342 4331 N:
1478 4210 1490 4331 &
1552 4210 1936 4331 enſemble
1986 4210 2444 4331 preſentant
2481 4210 2531 4331 le
2605 4210 2704 4331 co-

600 4332 689 4456 ſté
764 4332 1041 4456 gauche
1117 4332 1419 4456 devant,
1470 4332 1734 4456 lequel
1797 4332 1835 4456 il
1886 4332 2062 4456 loge
2112 4332 2276 4456 (par
2314 4332 2364 4456 le
2453 4332 2692 4456 moyen

614 4454 675 4581 du
760 4454 1246 4581 panchemẽt
1307 4454 1367 4581 de
1416 4454 1464 4581 la
1513 4454 1756 4581 partie
1804 4454 2266 4581 ſuperieure
2339 4454 2387 4581 du
2472 4454 2679 4581 corps

609 4579 862 4704 repoſé
926 4579 1027 4704 ſur
1078 4579 1142 4704 le
1192 4579 1370 4704 pied
1446 4579 1687 4704 droit)
1751 4579 1802 4704 au
1916 4579 2195 4704 dedans
2258 4579 2322 4704 de
2385 4579 2652 4704 l’angle

610 4703 768 4827 qu’il
841 4703 999 4827 s’eſt
1059 4703 1338 4827 ouvert
1399 4703 1496 4827 ſur
1544 4703 1823 4827 l’eſpee
1896 4703 2309 4827 contraire.

742 4828 848 4944 Les
919 4828 1391 4944 executions
1462 4828 1569 4944 qui
1616 4828 1675 4944 ſe
1722 4828 2112 4944 pourront
2159 4828 2337 4944 faire
2396 4828 2455 4944 en
2514 4828 2703 4944 ſuite

620 4954 677 5072 de
746 4954 930 5072 ceſte
999 4954 1390 5072 operation
1459 4954 1505 5072 ſe
1563 4954 1873 5072 verront
1931 4954 2356 5072 autrepart.

767 5068 817 5192 Or
891 5068 1226 5192 combien
1313 5068 1449 5192 que
1487 5068 1536 5192 la
1586 5068 1933 5192 ſituation
2033 5068 2082 5192 du
2157 5068 2330 5192 pied
2417 5068 2702 5192 gauche

623 5193 1201 5316 d’ALExandre,
1237 5193 1520 5316 ſemble
1606 5193 2024 5316 contrarier
2086 5193 2135 5316 en
2197 5193 2233 5316 la
2295 5193 2529 5316 figure
2590 5193 2602 5316 à
2652 5193 2688 5316 la

612 5321 1075 5442 deſcription
1167 5321 1295 5442 que
1341 5321 1538 5442 nous
1607 5321 1654 5442 en
1735 5321 2036 5442 venons
2105 5321 2175 5442 de
2221 5321 2441 5442 faire;
2511 5321 2522 5442 à
2580 5321 2708 5442 rai-

601 5442 700 5568 ſon
787 5442 948 5568 qu’il
997 5442 1009 5568 y
1059 5442 1344 5568 ſemble
1406 5442 1814 5568 demeurer
1864 5442 1864 5568 à
1913 5442 1963 5568 la
2025 5442 2384 5568 Seconde
2433 5442 2706 5568 Inſtan-

612 5569 672 5691 ce
744 5569 805 5691 au
901 5569 1166 5691 poin
1286 5569 1347 5691 G.
1443 5569 1889 5691 toutesfois
1949 5569 1985 5691 il
2033 5569 2190 5691 faut
2274 5569 2708 5691 entendre,

623 5693 773 5816 qu’il
835 5693 847 5816 a
934 5693 1058 5816 eſté
1108 5693 1294 5816 laiſſé
1344 5693 1381 5816 là
1443 5693 1630 5816 pour
1717 5693 1965 5816 mettre
2015 5693 2015 5816 à
2090 5693 2562 5816 deſcouvert
2611 5693 2711 5816 les

610 5815 1068 5936 operations
1128 5815 1188 5936 du
1260 5815 1453 5936 bras,
1525 5815 1586 5936 de
1634 5815 1682 5936 la
1766 5815 1911 5936 main
2044 5815 2056 5936 &
2128 5815 2176 5936 de
2224 5815 2272 5936 la
2357 5815 2574 5936 garde
2634 5815 2706 5936 de

596 5945 906 6063 l’eſpee,
992 5945 1042 6063 ce
1116 5945 1228 6063 qui
1277 5945 1513 6063 n’euſt
1587 5945 1711 6063 eſté
1760 5945 2231 6063 praticable,
2281 5945 2330 6063 en
2417 5945 2504 6063 cas
2578 5945 2702 6063 que

602 6069 650 6159 le
722 6069 842 6159 dos
902 6069 962 6159 de
1034 6069 1070 6159 la
1130 6069 1382 6159 figure
1430 6069 1562 6159 fuſt
1610 6069 1897 6159 tourné
1957 6069 2269 6159 devant.

1340 6606 1655 6781 Cercle
1880 6606 2150 6781 N.11.

631 6814 794 6946 Eſtant
841 6814 1040 6946 encores
1110 6814 1215 6946 venu
1297 6814 1297 6946 à
1378 6814 1670 6946 my-chemin
1752 6814 1787 6946 de
1846 6814 1881 6946 la
1939 6814 2208 6946 Troiſieme
2254 6814 2511 6946 Inſtance,
2593 6814 2710 6946 gra-

726 6940 884 7046 duant
975 6940 975 7046 &
1021 6940 1282 7046 tournant
1327 6940 1361 7046 la
1406 6940 1599 7046 pointe
1656 6940 1690 7046 de
1724 6940 1770 7046 ſa
1815 6940 1940 7046 lame
1997 6940 2178 7046 devers
2212 6940 2235 7046 le
2280 6940 2451 7046 viſage
2507 6940 2541 7046 de
2621 6940 2700 7046 Za-

2966 505 3170 633 charie;
3204 505 3362 633 iceluy
3408 505 3487 633 s’en
3555 505 3737 633 defend
3793 505 3884 633 par
3941 505 4383 633 l’accroiſſement
4451 505 4485 633 du
4542 505 4836 633 Sentiment
4882 505 4927 633 en

2972 631 3104 759 poids
3170 631 3303 759 Fort,
3347 631 3380 759 en
3435 631 3822 759 tranſportant
3855 631 3921 759 les
3965 631 4131 759 eſpees
4175 631 4208 759 en
4274 631 4484 759 dedans;
4539 631 4638 759 donc
4715 631 4936 759 Alexan-

2983 759 3047 883 dre
3111 759 3324 883 mettant
3377 759 3409 883 au
3495 759 3655 883 meſme
3697 759 3857 883 temps
3900 759 3932 883 le
3974 759 4081 883 pied
4124 759 4156 883 en
4230 759 4358 883 terre
4411 759 4422 883 à
4465 759 4497 883 la
4539 759 4699 883 lettre
4816 759 4859 883 N.
4902 759 4934 883 il

2986 879 3211 1006 deſtache
3256 879 3312 1006 les
3357 879 3525 1006 eſpees
3559 879 3592 1006 en
3671 879 3862 1006 menaut
3907 879 3940 1006 la
3974 879 4131 1006 ſienne
4187 879 4221 1006 en
4277 879 4434 1006 haut;
4558 879 4558 1006 &
4603 879 4648 1006 en
4726 879 4861 1006 donne
4917 879 4928 1006 à

2964 1010 3030 1131 ſon
3118 1010 3381 1131 Contraire
3425 1010 3469 1131 un
3534 1010 3644 1131 coup
3721 1010 4083 1131 d’eſtramaçon
4159 1010 4203 1131 au
4269 1010 4477 1131 viſage,
4543 1010 4576 1131 en
4664 1010 4927 1131 marchant

2978 1133 3084 1259 avec
3130 1133 3154 1259 le
3213 1133 3330 1259 pied
3389 1133 3576 1259 gauche
3623 1133 3893 1259 viſtement
3952 1133 3987 1259 en
4058 1133 4210 1259 avant
4257 1133 4457 1259 iuſqu’à
4574 1133 4621 1259 V.
4668 1133 4785 1259 avec
4844 1133 4879 1259 le

2966 1253 3107 1373 corps
3148 1253 3501 1373 aucunement
3541 1253 3732 1373 panché
3783 1253 3823 1373 en
3904 1253 4106 1373 devant.

3353 1431 3506 1564 Oicy
3564 1431 3788 1564 encor
3835 1431 3976 1564 une
4023 1431 4235 1564 autre
4294 1431 4741 1564 operation,
4823 1431 4929 1564 qui

3445 1566 3729 1808 r'o'ede
3811 1566 4990 1808 p'eiWeWdW'WeWee''ù

3306 1811 3367 1925 re
3440 1811 3830 1925 aſſujettie
3952 1811 3964 1925 &
4037 1811 4330 1925 comme
4403 1811 4427 1925 il
4500 1811 4646 1925 s’eſt
4707 1811 4927 1925 ache-

2873 1935 3043 2035 miné
3116 1935 3176 2035 de
3237 1935 3273 2035 la
3346 1935 3697 2035 Seconde
3758 1935 4109 2035 Inſtance
4170 1935 4328 2035 vers
4364 1935 4400 2035 la
4497 1935 4921 2035 Troiſieme,

2867 2060 2914 2177 en
2996 2060 3219 2177 eſtant
3278 2060 3454 2177 venu
3524 2060 3701 2177 avec
3748 2060 3795 2177 le
3853 2060 4030 2177 pied
4100 2060 4276 2177 droit
4335 2060 4335 2177 à
4429 2060 4934 2177 my-chemin,

2849 2184 2885 2308 il
2934 2184 2946 2308 y
3006 2184 3006 2308 a
3067 2184 3188 2308 fait
3249 2184 3539 2308 comme
3612 2184 3745 2308 une
3793 2184 4035 2308 petite
4108 2184 4362 2308 pauſe,
4483 2184 4483 2308 &
4568 2184 4810 2308 quand
4919 2184 4931 2308 &

2866 2304 3146 2429 quand,
3204 2304 3239 2429 il
3321 2304 3333 2429 y
3391 2304 3403 2429 a
3496 2304 3951 2429 commencé
4021 2304 4032 2429 à
4126 2304 4441 2429 graduer
4511 2304 4779 2429 toutes
4837 2304 4931 2429 les

2870 2423 3053 2551 deux
3127 2423 3408 2551 eſpees,
3493 2423 3897 2551 eſtendant
3970 2423 4019 2551 le
4105 2423 4312 2551 corps
4422 2423 4435 2551 &
4520 2423 4838 2551 dreſſant
4887 2423 4924 2551 ſa

2847 2550 3158 2674 poine
3258 2550 3519 2674 devers
3581 2550 3631 2674 le
3706 2550 3942 2674 viſage
4029 2550 4092 2674 de
4154 2550 4191 2674 ſa
4278 2550 4515 2674 partie
4577 2550 4938 2674 adverſe.

2869 2673 3145 2799 Lequel
3205 2673 3397 2799 pour
3481 2673 3925 2799 deſtourner
3985 2673 4045 2799 le
4117 2673 4345 2799 coup,
4393 2673 4813 2799 augmente
4873 2673 4933 2799 le

2843 2802 3272 2915 ſentiment
3342 2802 3400 2915 de
3446 2802 3493 2915 ſa
3539 2802 3737 2915 lame
3806 2802 3853 2915 en
3946 2802 4155 2915 Poids
4224 2802 4422 2915 Fort;
4503 2802 4561 2915 au
4666 2802 4816 2915 moy
4863 2802 4921 2915 en

2866 2925 3142 3045 duquel
3188 2925 3222 3045 il
3280 2925 3498 3045 eſleve
3601 2925 3613 3045 &
3659 2925 4107 3045 tranſporte
4141 2925 4245 3045 les
4291 2925 4521 3045 lames
4578 2925 4751 3045 avec
4796 2925 4934 3045 une

2844 3048 3222 3160 ſoudaine
3291 3048 3532 3160 force,
3612 3048 3784 3160 dont
3841 3048 3887 3160 la
3944 3048 4185 3160 ſienne
4242 3048 4323 3160 ne
4368 3048 4552 3160 peut
4609 3048 4930 3160 s’engar-

2873 3169 2969 3284 der
3042 3169 3102 3284 de
3162 3169 3668 3284 tresbucher.
3776 3169 3933 3284 C’eſt
3993 3169 4427 3284 pourquoy
4511 3169 4933 3284 ALEXAN-

2869 3289 3019 3410 DRE
3077 3289 3204 3410 luy
3274 3289 3516 3410 donne
3597 3289 3851 3410 courſe
3909 3289 4094 3410 libre
4151 3289 4301 3410 ſans
4348 3289 4798 3410 reſiſtence,
4867 3289 4914 3410 en

2857 3413 3159 3529 entrant
3240 3413 3646 3529 viſtement
3715 3413 3889 3529 avec
3959 3413 4005 3529 le
4075 3413 4237 3529 pied
4307 3413 4493 3529 droit
4551 3413 4562 3529 à
4609 3413 4655 3529 la
4748 3413 4933 3529 Troi-

2848 3535 3072 3650 ſieme
3131 3535 3543 3650 Inſtance,
3661 3535 3673 3650 &
3744 3535 4356 3650 ſoudainement
4415 3535 4934 3650 pourſuivant

2851 3657 3025 3776 avec
3072 3657 3130 3776 le
3189 3657 3352 3776 pied
3422 3657 3748 3776 gauche,
3806 3657 3853 3776 en
3922 3657 4353 3776 l’avançant
4412 3657 4586 3776 avec
4633 3657 4691 3776 le
4750 3657 4936 3776 coſté

2862 3780 3186 3900 gauche,
3306 3780 3306 3900 &
3366 3780 3522 3900 auſſi
3570 3780 3642 3900 un
3714 3780 3834 3900 peu
3894 3780 3954 3900 le
4002 3780 4158 3900 bras
4230 3780 4410 3900 droit
4470 3780 4638 3900 avec
4686 3780 4722 3900 la
4805 3780 4937 3900 gar-

2874 3904 2966 4022 de,
3035 3904 3081 4022 en
3162 3904 3450 4022 jettant
3508 3904 3565 4022 au
3680 3904 3934 4022 meſme
3991 3904 4245 4022 temps
4279 3904 4291 4022 à
4348 3904 4556 4022 l’aide
4648 3904 4705 4022 du
4786 3904 4936 4022 ſeul

2850 4027 3174 4144 poignet
3246 4027 3306 4144 de
3354 4027 3402 4144 la
3486 4027 3678 4144 main,
3714 4027 3750 4144 ſa
3810 4027 4122 4144 poine
4206 4027 4242 4144 en
4314 4027 4590 4144 arriere
4662 4027 4722 4144 de
4806 4027 4938 4144 deſ-

2849 4149 3074 4267 ſoubs
3121 4149 3392 4267 l’eſpee
3463 4149 3840 4267 contraire
3899 4149 3946 4267 en
4040 4149 4312 4267 deſſus,
4418 4149 4418 4267 &
4477 4149 4583 4267 par
4642 4149 4689 4267 la
4772 4149 4937 4267 con-

2845 4275 3226 4389 tinuation
3324 4275 3378 4389 du
3498 4275 3749 4389 meſme
3847 4275 4402 4389 mouvement,
4467 4275 4826 4389 plantant
4881 4275 4935 4389 le

2852 4399 3024 4514 pied
3086 4399 3369 4514 gauche
3430 4399 3529 4514 ſur
3578 4399 3615 4514 la
3713 4399 4328 4514 Circonference
4377 4399 4439 4514 au
4500 4399 4771 4514 poin
4894 4399 4931 4514 V,

2846 4520 2881 4637 il
2940 4520 3186 4637 donne
3233 4520 3233 4637 à
3292 4520 3386 4637 ſon
3491 4520 3878 4637 Contraire
3937 4520 3995 4637 un
4089 4520 4265 4637 coup
4347 4520 4945 4637 d’eſtramaçon,

2849 4643 3068 4759 allant
3129 4643 3238 4759 par
3299 4643 3542 4759 deſſus
3590 4643 3627 4759 la
3675 4643 3870 4759 lame
3979 4643 3991 4759 &
4040 4643 4088 4759 le
4137 4643 4307 4759 bras
4355 4643 4404 4759 au
4489 4643 4683 4759 coſté
4756 4643 4939 4759 droit

2863 4768 2924 4887 de
2973 4768 3010 4887 la
3083 4768 3303 4887 teſte,
3352 4768 3535 4887 avec
3584 4768 3987 4887 pourſuite
4061 4768 4122 4887 du
4195 4768 4366 4887 pied
4427 4768 4757 4887 gauche,
4843 4768 4953 4887 qui

2846 4892 2974 5006 ſuit
3080 4892 3091 5006 &
3138 4892 3383 5006 traine
3430 4892 3652 5006 apres
3699 4892 3956 5006 l’autre
4026 4892 4131 5006 ſur
4189 4892 4283 5006 les
4365 4892 4668 5006 orteils;
4750 4892 4937 5006 com-

2876 5013 2951 5135 me
3001 5013 3039 5135 il
3102 5013 3177 5135 eſt
3227 5013 3615 5135 pourtrait
3691 5013 3741 5135 en
3803 5013 3841 5135 la
3903 5013 4179 5135 figure.

3525 5193 3842 5361 Cercle
4046 5193 4385 5361 N.12.

2864 5420 3181 5536 Continuant
3237 5420 3464 5536 derechef
3509 5420 3543 5536 en
3589 5420 3623 5536 la
3702 5420 3849 5536 meſme
3894 5420 4053 5536 ſorte,
4098 5420 4291 5536 juſqu’à
4336 5420 4449 5536 tant
4506 5420 4619 5536 qu’il
4664 5420 4936 5536 commence

2973 5549 2973 5663 à
3029 5549 3252 5663 avancer
3296 5549 3318 5663 le
3374 5549 3485 5663 pied
3541 5549 3763 5663 gauche,
3830 5549 3875 5663 au
3919 5549 4042 5663 lieu,
4097 5549 4131 5663 de
4186 5549 4353 5663 donner
4398 5549 4431 5663 le
4465 5549 4620 5663 ſuſdit
4665 5549 4776 5663 coup
4843 5549 4932 5663 d’e-

2966 5672 3256 5786 ſtramaçon
3312 5672 3390 5786 (à
3458 5672 3592 5786 cauſe
3636 5672 3726 5786 que
3782 5672 3961 5786 l’eſpee
4028 5672 4285 5786 contraire
4330 5672 4386 5786 eſt
4430 5672 4464 5786 en
4520 5672 4665 5786 action
4732 5672 4766 5786 de
4810 5672 4945 5786 tres-

2971 5794 3153 5909 bucher
3196 5794 3239 5909 un
3292 5794 3367 5909 peu
3410 5794 3517 5909 plus
3549 5794 3689 5909 bas)
3742 5794 3764 5909 il
3806 5794 4010 5909 conduit
4074 5794 4117 5909 ſa
4171 5794 4364 5909 poincle
4406 5794 4835 5909 circulairement
4889 5794 4921 5909 en

2970 5916 3142 6036 haut,
3199 5916 3601 6036 s’affermiſſant
3647 5916 3681 6036 la
3762 5916 3865 6036 main
4026 5916 4060 6036 la
4106 5916 4267 6036 garde
4312 5916 4485 6036 contre
4542 5916 4576 6036 la
4622 5916 4840 6036 poitrine
4886 5916 4932 6036 au

2974 6037 3086 6162 coſté
3161 6037 3299 6162 droit,
3399 6037 3399 6162 &
3449 6037 3661 6162 bleſſant
3724 6037 3761 6162 ſa
3811 6037 3973 6162 partie
4036 6037 4061 6162 de
4111 6037 4298 6162 poincte
4348 6037 4611 6162 auviſage
4661 6037 4736 6162 par
4798 6037 4935 6162 deſſus

2963 6171 2994 6287 le
3035 6171 3137 6287 bras
3189 6171 3291 6287 avec
3332 6171 3363 6287 le
3404 6171 3548 6287 corps
3599 6171 3794 6287 panché
3835 6171 3866 6287 en
3928 6171 4112 6287 avant.

3335 6306 3468 6436 Eſte
3541 6306 3940 6436 operation
4037 6306 4206 6436 n’eſt
4291 6306 4412 6436 pas
4496 6306 4932 6436 ſeulement

3311 6429 3787 6545 accordante
3842 6429 4008 6545 avec
4053 6429 4097 6545 la
4152 6429 4684 6545 precedente,
4739 6429 4783 6545 en
4872 6429 4927 6545 ce

3317 6554 3630 6684 qu’elles
3697 6554 4077 6684 prennent
4145 6554 4413 6684 toutes
4503 6554 4682 6684 deux
4726 6554 4928 6684 leurs

3316 6673 4065 6795 commencements
4136 6673 4196 6795 de
4243 6673 4933 6795 l’aſſujettiſſemẽt

2870 6804 2987 6930 des
3045 6804 3338 6930 eſpees,
3432 6804 3584 6930 mais
3655 6804 3818 6930 auſſi
3912 6804 4217 6930 meſmes
4287 6804 4334 6930 en
4416 6804 4931 6930 l’augmenta-

2854 6926 2988 7067 tion
3097 6926 3158 7067 de
3207 6926 3462 7067 poids,
3523 6926 3632 7067 qui
3681 6926 3984 7067 revient
4045 6926 4094 7067 en
4179 6926 4361 7067 l’une
4495 6926 4495 7067 &
4568 6926 4616 7067 en
4677 6926 4932 7067 l’autre

4582 7058 4919 7169 juſqu’au
