5520 7640
640 527 967 667 juſqu’au
1059 527 1256 667 fort.
1373 527 1413 667 Il
1478 527 1583 667 n’y
1649 527 1649 667 a
1740 527 1871 667 que
1963 527 2159 667 ceſte
2251 527 2709 667 difference,

658 642 840 793 qu’en
924 642 973 793 la
1045 642 1541 793 precedente
1650 642 2182 793 ALEXANDRE
2254 642 2605 793 plantant
2665 642 2726 793 le

648 766 820 916 pied
893 766 1077 916 droit
1199 766 1212 916 &
1285 766 1616 916 eſlevant
1689 766 1738 916 en
1836 766 2057 916 avant
2118 766 2167 916 le
2241 766 2559 916 gauche,
2621 766 2645 916 il
2706 766 2719 916 a

656 908 1009 1027 deſtaché
1054 908 1111 1027 au
1202 908 1464 1027 meſme
1509 908 1771 1027 temps
1816 908 1919 1027 les
1964 908 2237 1027 lames,
2283 908 2328 1027 en
2431 908 2726 1027 menant

637 1015 673 1164 la
735 1015 1004 1164 pointe
1077 1015 1138 1164 de
1199 1015 1236 1164 la
1309 1015 1566 1164 ſienne
1640 1015 1701 1164 de
1799 1015 2153 1164 deſſoubs
2227 1015 2276 1164 en
2374 1015 2606 1164 deſſus
2667 1015 2716 1164 la

631 1137 819 1270 lame
890 1137 1268 1270 contraire
1315 1137 1953 1270 tresbuſchante:
1988 1137 2330 1270 laquelle
2401 1137 2720 1270 deſcend

648 1265 1252 1415 preſentement
1311 1265 1760 1415 d’avantage
1820 1265 2009 1415 qu’au
2115 1265 2352 1415 Cercle
2399 1265 2470 1415 11.
2553 1265 2719 1415 dont

669 1394 1243 1533 ALEXANDRE
1289 1394 1335 1533 ſe
1392 1394 1667 1533 tourne
1736 1394 1782 1533 en
1862 1394 2046 1533 ceſte
2115 1394 2505 1533 operation
2574 1394 2734 1533 pre-

635 1513 841 1653 ſente
890 1513 926 1653 la
1011 1513 1157 1653 main
1230 1513 1411 1653 avec
1460 1513 1496 1653 la
1569 1513 1788 1653 garde
1860 1513 1921 1653 de
1957 1513 2236 1653 l’eſpee
2285 1513 2321 1653 la
2382 1513 2722 1653 branche

636 1639 1077 1775 interieure
1149 1639 1196 1775 en
1280 1639 1494 1775 haut,
1614 1639 1614 1775 &
1673 1639 2055 1775 l’affermit
2102 1639 2210 1775 (en
2317 1639 2615 1775 menant
2675 1639 2722 1775 le

648 1759 840 1897 coſté
912 1759 1200 1897 gauche
1260 1759 1320 1897 du
1404 1759 1608 1897 corps
1680 1759 1993 1897 devant)
2041 1759 2305 1897 contre
2353 1759 2449 1897 ſon
2533 1759 2725 1897 coſté

664 1885 876 2019 droit,
926 1885 1001 2019 un
1064 1885 1189 2019 peu
1276 1885 1438 2019 plus
1488 1885 1613 2019 bas
1676 1885 1838 2019 qu’il
1888 1885 2063 2019 n’eſt
2100 1885 2213 2019 icy
2275 1885 2725 2019 repreſenté

636 2012 695 2152 au
765 2012 1258 2152 pourtrai,
1340 2012 1387 2152 en
1469 2012 1927 2152 preſentant
1986 2012 2619 2152 enſemblement
2678 2012 2713 2152 la

648 2144 915 2265 pointe
963 2144 1073 2265 par
1145 2144 1376 2265 deſſus
1436 2144 1715 2265 l’eſpee
1824 2144 1824 2265 &
1873 2144 1921 2265 le
1970 2144 2139 2265 bras
2200 2144 2576 2265 contraire
2649 2144 2709 2265 au

651 2265 836 2391 coſté
910 2265 1094 2391 droit
1168 2265 1229 2391 de
1279 2265 1315 2391 la
1377 2265 1561 2391 teſte
1635 2265 1697 2391 de
1746 2265 1795 2391 ſa
1857 2265 2090 2391 partie
2152 2265 2496 2391 adverſe,
2545 2265 2730 2391 avec

640 2387 690 2515 le
765 2387 927 2515 pied
990 2387 1277 2515 gauche
1340 2387 1527 2515 pour
1577 2387 1864 2515 planter
1914 2387 1977 2515 au
2052 2387 2314 2515 poin
2439 2387 2439 2515 V
2514 2387 2614 2515 ſur
2676 2387 2726 2515 le

697 2510 950 2638 Quarré
1064 2510 1544 2638 Circonſcrit,
1595 2510 1645 2638 le
1709 2510 1923 2638 corps
1974 2510 2379 2638 panchant
2442 2510 2505 2638 de
2593 2510 2745 2638 meſ-

680 2634 756 2759 me
845 2634 1074 2759 deſſus
1124 2634 1175 2759 le
1239 2634 1556 2759 geuouil
1632 2634 1950 2759 d’iceluy
2000 2634 2165 2759 plié.
2280 2634 2343 2759 Le
2407 2634 2572 2759 tout
2648 2634 2737 2759 eſt

646 2762 992 2881 pratiqué
1063 2762 1183 2881 par
1266 2762 1731 2881 courtoiſie;
1814 2762 2112 2881 comme
2184 2762 2220 2881 il
2279 2762 2542 2881 appert
2601 2762 2732 2881 aux

641 2885 962 3005 figures.

1345 3012 1657 3227 Cercle
1969 3012 2169 3227 's.

654 3293 953 3413 Cependant
1009 3293 1131 3413 qu’il
1175 3293 1419 3413 s’avance
1463 3293 1574 3413 avec
1607 3293 1640 3413 le
1685 3293 1796 3413 pied
1851 3293 1962 3413 droit
2039 3293 2217 3413 devers
2261 3293 2294 3413 la
2361 3293 2627 3413 Troiſieme
2671 3293 2738 3413 In-

749 3417 942 3531 ſtance,
999 3417 1272 3531 graduant
1363 3417 1363 3531 &
1431 3417 1648 3531 dreſſant
1716 3417 1750 3531 ſa
1807 3417 2000 3531 poincte
2057 3417 2160 3531 avec
2205 3417 2239 3531 le
2285 3417 2387 3531 bras
2444 3417 2604 3531 ferme
2683 3417 2751 3531 de-

763 3535 870 3652 vers
906 3535 930 3652 le
978 3535 1156 3652 viſage
1216 3535 1252 3652 de
1288 3535 1359 3652 ſon
1431 3535 1729 3652 Contraire;
1800 3535 1800 3652 à
1860 3535 2098 3652 l’inſtant
2146 3535 2229 3652 que
2277 3535 2301 3652 le
2349 3535 2468 3652 pied
2504 3535 2742 3652 s’abaiſſe

758 3662 758 3776 à
803 3662 837 3776 la
882 3662 1040 3776 lettre
1141 3662 1175 3776 N.
1231 3662 1265 3776 ſa
1310 3662 1490 3776 partie
1535 3662 1817 3776 augmente
1885 3662 1907 3776 le
1986 3662 2279 3776 Sentiment
2324 3662 2358 3776 en
2437 3662 2572 3776 poids
2651 3662 2752 3776 Plus

747 3771 876 3918 fort,
970 3771 970 3918 &
1029 3771 1088 3918 luy
1135 3771 1440 3918 tranſporte
1487 3771 1722 3918 l’eſpee;
1793 3771 1887 3918 dont
1934 3771 1981 3918 au
2051 3771 2216 3918 meſme
2263 3771 2427 3918 temps
2462 3771 2498 3918 il
2533 3771 2568 3918 la
2639 3771 2744 3918 mene

768 3911 801 4027 de
845 3911 911 4027 bas
966 3911 1010 4027 en
1055 3911 1187 4027 haut
1231 3911 1275 4027 en
1319 3911 1540 4027 entrant
1595 3911 1628 4027 du
1672 3911 1783 4027 pied
1838 3911 2037 4027 gauche
2191 3911 2213 4027 le
2268 3911 2522 4027 plantant
2566 3911 2754 4027 paral-

752 4036 867 4153 lele,
901 4036 1085 4153 comme
1131 4036 1165 4153 en
1211 4036 1464 4153 chaſſant
1510 4036 1705 4153 l’autre
1751 4036 1797 4153 un
1855 4036 1924 4153 peu
1993 4036 2176 4153 dehors
2211 4036 2245 4153 le
2314 4036 2475 4153 Cercle
2521 4036 2521 4153 à
2590 4036 2751 4153 l’W,

811 4144 811 4284 &
855 4144 1097 4284 enſemble
1152 4144 1371 4284 donnant
1415 4144 1459 4284 un
1514 4144 1624 4284 coup
1701 4144 2085 4284 d’eſtramaçon
2151 4144 2151 4284 à
2217 4144 2282 4284 ſon
2348 4144 2623 4284 Contraire
2689 4144 2733 4284 au

764 4271 877 4426 coſté
944 4271 1057 4426 droit
1124 4271 1147 4426 de
1203 4271 1226 4426 la
1282 4271 1428 4426 teſte,
1473 4271 1586 4426 avec
1631 4271 1653 4426 le
1698 4271 1833 4426 corps
1879 4271 2160 4426 panchéen
2205 4271 2396 4426 avant.

1131 4461 1266 4601 Eſte
1352 4461 1413 4601 cy
1486 4461 1841 4601 procede
1927 4461 2160 4601 encor
2246 4461 2380 4601 d’un
2503 4461 2760 4601 meſme

1103 4592 1761 4731 commencemẽt
1864 4592 1875 4731 &
1932 4592 2136 4731 d’une
2204 4592 2522 4731 pareille
2590 4592 2749 4731 con-

1104 4716 1481 4853 tinuation
1563 4716 1869 4853 comme
1904 4716 1951 4853 la
2010 4716 2551 4853 precedente:
2598 4716 2763 4853 aſſa-

1115 4852 1253 4968 voir
1356 4852 2162 4968 qu’ALEXANDRE
2243 4852 2254 4968 à
2324 4852 2750 4968 premiere-

686 4971 867 5092 ment
928 4971 1097 5092 tenu
1182 4971 1460 5092 l’eſpee
1532 4971 1919 5092 contraire
1991 4971 2378 5092 aſſujettie
2438 4971 2451 5092 à
2523 4971 2559 5092 la
2656 4971 2753 5092 Se-

665 5081 908 5215 conde
981 5081 1396 5215 Inſtance:
1481 5081 1603 5215 d’où
1688 5081 1725 5215 il
1786 5081 1944 5215 s’eſt
2017 5081 2419 5215 acheminé
2493 5081 2761 5215 devers

651 5222 688 5342 la
786 5222 1228 5342 Troiſieme,
1351 5222 1351 5342 &
1413 5222 1646 5342 eſtant
1707 5222 1879 5342 venu
1965 5222 2150 5342 avec
2211 5222 2260 5342 le
2309 5222 2481 5342 pied
2567 5222 2752 5342 droit

680 5345 976 5447 environ
1056 5345 1102 5447 le
1204 5345 1477 5447 milieu,
1523 5345 1557 5447 il
1614 5345 1625 5447 a
1717 5345 2172 5447 commencé
2252 5345 2650 5447 d’avancer
2707 5345 2753 5447 la

678 5471 1122 5592 graduation
1209 5471 1258 5592 de
1320 5471 1418 5592 ſon
1492 5471 1702 5592 eſpee
1776 5471 1900 5592 d’un
1974 5471 2134 5592 bras
2196 5471 2430 5592 roide,
2480 5471 2603 5592 par
2653 5471 2764 5592 les

687 5596 984 5712 meſmes
1115 5596 1484 5712 Nombres
1556 5596 1615 5712 où
1699 5596 1972 5712 l’eſpee
2068 5596 2448 5712 contraire
2544 5596 2758 5712 eſtoit

662 5720 1086 5845 aſſujettie:
1159 5720 1329 5845 dont
1426 5720 1862 5845 ZACHARIE
1923 5720 1923 5845 a
1996 5720 2456 5845 commencé
2529 5720 2759 5845 d’aug-

694 5843 964 5968 menter
1013 5843 1111 5968 ſon
1185 5843 1443 5968 poids.
1517 5843 1578 5968 Le
1652 5843 1824 5968 quel
1897 5843 2536 5968 ALEXANDRE
2585 5843 2598 5968 à
2647 5843 2757 5968 pa-

666 5970 1113 6094 reillement
1171 5970 1489 6094 dompté
1536 5970 1594 6094 au
1677 5970 2323 6094 cõmencement,
2370 5970 2487 6094 par
2534 5970 2769 6094 l’aug-

688 6093 1086 6209 mentation
1177 6093 1245 6209 de
1290 6093 1393 6209 ſon
1472 6093 2029 6209 contre-poids
2086 6093 2086 6209 à
2142 6093 2631 6209 l’advenant,
2688 6093 2733 6209 en

665 6216 856 6340 ſorte
916 6216 1083 6340 qu’il
1143 6216 1143 6340 a
1239 6216 1645 6340 empeſché
1705 6216 1800 6340 les
1860 6216 2111 6340 eſpees
2183 6216 2242 6340 de
2326 6216 2613 6340 monter
2696 6216 2744 6340 en

668 6341 874 6465 haut;
983 6341 995 6465 &
1043 6341 1213 6465 ainſi
1273 6341 1745 6465 continuant
1794 6341 1830 6465 la
1903 6341 2399 6465 graduation,
2436 6341 2472 6465 il
2520 6341 2520 6465 a
2593 6341 2775 6465 dreſ-

665 6465 713 6589 ſé
761 6465 797 6589 ſa
869 6465 1122 6589 pointe
1207 6465 1845 6589 circulairement
1917 6465 2182 6589 contre
2242 6465 2290 6589 le
2374 6465 2603 6589 viſage
2699 6465 2760 6589 de

669 6587 719 6713 ſa
781 6587 1017 6713 partie
1067 6587 1441 6713 adverſe,
1528 6587 1578 6713 en
1640 6587 1914 6713 poſant
1964 6587 2014 6713 le
2063 6587 2238 6713 pied
2300 6587 2313 6713 à
2387 6587 2574 6713 terre
2636 6587 2649 6713 à
2711 6587 2761 6713 la

712 6710 1096 6840 Troiſieme
1162 6710 1506 6840 Inſtance
1559 6710 1625 6840 au
1691 6710 1955 6840 poin
2074 6710 2101 6840 N.
2207 6710 2273 6840 De
2339 6710 2537 6840 quoy
2656 6710 2656 6840 Z
2722 6710 2762 6840 a-

694 6838 1058 6963 CHARIE
1140 6838 1210 6963 eſt
1293 6838 1680 6963 contraint
1762 6838 1821 6963 de
1880 6838 2091 6963 parer
2221 6838 2221 6963 &
2279 6838 2761 6963 tranſporter

671 6950 765 7091 les
824 6950 1061 7091 lames
1143 6950 1191 7091 en
1297 6950 1569 7091 dedans
1651 6950 1699 7091 en
1781 6950 2325 7091 augmentant
2384 6950 2431 7091 le
2538 6950 2774 7091 Senti-

2893 466 3110 611 ment,
3174 466 3212 611 en
3327 466 3544 611 Poids
3621 466 3761 611 Plus
3812 466 3991 611 fort.
4106 466 4170 611 Là
4259 466 4502 611 deſſus
4604 466 5012 611 ALEXAN-

2893 585 3030 729 DRE
3105 585 3142 729 en
3229 585 3267 729 la
3367 585 3815 729 deſtachant
3878 585 4052 729 tout
4115 585 4127 729 à
4202 585 4563 729 l’inſtant,
4663 585 4676 729 &
4738 585 4775 729 la
4850 585 5000 729 laiſ-

2864 714 3018 865 ſant
3066 714 3588 865 tresbucher,
3683 714 3885 865 mene
3933 714 3968 865 la
4028 714 4289 865 ſienne
4360 714 4420 865 de
4479 714 4610 865 bas
4669 714 4716 865 en
4788 714 5001 865 haut,

2865 841 3050 1002 avec
3100 841 3248 1002 une
3309 841 3692 1002 ſoudaine
3766 841 4186 1002 pourſuite
4260 841 4321 1002 du
4408 841 4580 1002 pied
4679 841 5000 1002 gauche,

2867 971 2918 1132 le
2981 971 3333 1132 plantant
3384 971 3547 1132 tout
3610 971 3975 1132 joignant
4026 971 4328 1132 l’autre,
4391 971 4668 1132 lequel
4743 971 4995 1132 quand

2927 1095 2939 1258 &
2999 1095 3249 1258 quand
3297 1095 3333 1258 il
3369 1095 3536 1258 leve
3644 1095 3655 1258 &
3703 1095 4014 1258 avance,
4073 1095 4288 1258 cõme
4396 1095 4396 1258 n
4468 1095 4718 1258 forme
4790 1095 4993 1258 d’une

2892 1221 3586 1385 demy-fleurette,
3697 1221 3710 1385 &
3772 1221 4044 1385 durant
4106 1221 4354 1385 icelle,
4403 1221 4440 1385 il
4502 1221 4762 1385 donne
4812 1221 4812 1385 à
4874 1221 4973 1385 ſon

2905 1347 3302 1507 Contraire
3374 1347 3446 1507 un
3543 1347 3723 1507 coup
3820 1347 4385 1507 d’eſtramaçon
4506 1347 4867 1507 diagonal
4927 1347 4975 1507 au

2882 1475 3080 1633 coſté
3142 1475 3328 1633 droit
3390 1475 3453 1633 de
3502 1475 3539 1633 la
3601 1475 3825 1633 teſte,
3887 1475 4060 1633 avec
4110 1475 4172 1633 le
4234 1475 4457 1633 corps
4507 1475 4693 1633 preſt
4755 1475 4767 1633 à
4829 1475 5015 1633 pan-

2881 1600 3039 1757 cher
3088 1600 3197 1757 ſur
3246 1600 3295 1757 le
3368 1600 3673 1757 devant,
3733 1600 3916 1757 pour
3977 1600 4282 1757 planter
4330 1600 4379 1757 le
4428 1600 4598 1757 pied
4672 1600 4854 1757 droit
4915 1600 4976 1757 un

2874 1726 2990 1884 peu
3067 1726 3247 1884 hors
3312 1726 3363 1884 du
3479 1726 3749 1884 Cercle,
3827 1726 3865 1884 en
3955 1726 4123 1884 deçà
4187 1726 4239 1884 le
4303 1726 4561 1884 poin
4689 1726 4728 1884 V.
4805 1726 5011 1884 com-

2903 1871 2978 2012 me
3028 1871 3066 2012 il
3116 1871 3167 2012 ſe
3230 1871 3368 2012 voit
3431 1871 3481 2012 en
3557 1871 3594 2012 la
3657 1871 3946 2012 figure.

3586 2085 3910 2246 Cercle
4127 2085 4408 2246 N4.

2885 2273 3117 2441 S’eſtant
3153 2273 3288 2441 paſſé
3336 2273 3544 2441 encores
3580 2273 3690 2441 tout
3727 2273 3764 2441 le
3825 2273 3983 2441 meſme
4020 2273 4484 2441 juſqu’autemps
4520 2273 4606 2441 que
4655 2273 4679 2441 le
4728 2273 4838 2441 pied
4899 2273 5009 2441 droit

3011 2403 3408 2559 d’Alexandre
3458 2403 3694 2559 s’abaiſſe
3744 2403 3756 2559 à
3818 2403 3855 2559 la
3905 2403 4054 2559 lettre
4191 2403 4240 2559 N:
4377 2403 4625 2559 Zacharie
4675 2403 4749 2559 luy
4799 2403 4923 2559 pare
4985 2403 5010 2559 le

2993 2532 3141 2681 coup,
3186 2532 3231 2681 en
3288 2532 3673 2681 tranſportant
3718 2532 3786 2681 les
3820 2532 4002 2681 eſpees
4047 2532 4160 2681 avec
4206 2532 4341 2681 poids
4409 2532 4715 2681 Tres-fort:
4795 2532 4885 2681 dont
4976 2532 5021 2681 A-

2992 2654 3259 2811 lexandre
3336 2654 3581 2811 s’avance
3647 2654 3758 2811 avec
3825 2654 3847 2811 le
3914 2654 4036 2811 pied
4102 2654 4291 2811 gauche
4369 2654 4524 2811 deſſus
4591 2654 4713 2811 luy,
4813 2654 5013 2811 menant

3000 2778 3186 2933 l’eſpee
3248 2778 3286 2933 de
3348 2778 3572 2933 deſſoubs
3622 2778 3833 2933 l’autre
3883 2778 3920 2933 au
3995 2778 4156 2933 deſſus
4206 2778 4231 2933 de
4281 2778 4318 2933 ſa
4368 2778 4517 2933 teſte,
4616 2778 4629 2933 &
4666 2778 4704 2933 en
4753 2778 5014 2933 plantant

2991 2897 3028 3061 le
3076 2897 3185 3061 pied
3222 2897 3234 3061 à
3307 2897 3464 3061 l’V.
3537 2897 3646 3061 avec
3695 2897 3719 3061 le
3767 2897 3913 3061 corps
3961 2897 4156 3061 panché
4216 2897 4253 3061 de
4313 2897 4495 3061 meſme,
4544 2897 4568 3061 il
4604 2897 4750 3061 bleſſe
4798 2897 4823 3061 le
4907 2897 5017 3061 Con-

2994 3031 3161 3184 traire
3245 3031 3349 3184 d’un
3391 3031 3506 3184 coup
3569 3031 3600 3184 de
3652 3031 3830 3184 revers
3872 3031 3914 3184 au
3987 3031 4206 3184 derriere
4269 3031 4300 3184 de
4342 3031 4373 3184 la
4426 3031 4635 3184 teſte.

3384 3203 3519 3358 Eſte
3580 3203 3983 3358 operation
4056 3203 4056 3358 a
4117 3203 4691 3358 pareillement
4740 3203 4789 3358 le
4874 3203 5021 3358 meſ-

3378 3349 3456 3467 me
3534 3349 4305 3467 commencement,
4395 3349 4518 3467 que
4585 3349 4685 3467 les
4752 3349 5032 3467 prece-

3374 3472 3689 3591 dentes,
3811 3472 3823 3591 &
3883 3472 3920 3591 la
4041 3472 4295 3591 meſme
4368 3472 4841 3591 pourſuite.
4962 3472 5034 3591 A-

3352 3586 3913 3724 LEXANDRE
3972 3586 4199 3724 allant
4283 3586 4342 3724 de
4402 3586 4450 3724 la
4557 3586 5022 3724 Deuxſieme

2894 3723 3244 3838 Inſtance
3305 3723 3474 3838 vers
3510 3723 3547 3838 la
3643 3723 4114 3838 Troiſieme,
4247 3723 4247 3838 &
4296 3723 4356 3838 au
4453 3723 4719 3838 meſme
4767 3723 5033 3838 temps

2902 3846 3062 3974 qu’il
3136 3846 3185 3974 ſe
3271 3846 3394 3974 met
3467 3846 3467 3974 à
3541 3846 3713 3974 faire
3787 3846 4254 3974 lentement
4290 3846 4340 3974 la
4401 3846 4917 3974 graduation,
4978 3846 5028 3974 le

2931 3969 3327 4096 Contraire
3391 3969 3518 4096 luy
3608 3969 4055 4096 augmente
4131 3969 4183 4096 le
4259 3969 4527 4096 poids.
4668 3969 4949 4096 Lequel
5000 3969 5038 4096 il

2909 4097 3223 4221 dompte
3301 4097 3419 4221 par
3471 4097 3524 4221 la
3589 4097 3903 4221 juſteſſe
3981 4097 4034 4221 du
4138 4097 4622 4221 contrepois
4701 4097 4858 4221 qu’il
4910 4097 5028 4221 luy

2915 4222 3226 4345 oppoſe,
3337 4222 3350 4345 &
3400 4222 3524 4345 par
3561 4222 4008 4345 l’avantage
4070 4222 4132 4345 de
4182 4222 4219 4345 la
4281 4222 4790 4345 ſuperiorité,
4852 4222 5026 4345 dont

2896 4345 2932 4476 il
3006 4345 3336 4476 engarde
3397 4345 3507 4476 les
3556 4345 3801 4476 lames
3886 4345 3948 4476 de
4045 4345 4339 4476 monter
4412 4345 4571 4476 plus
4633 4345 4877 4476 haut,
5012 4345 5024 4476 &

2905 4471 3284 4595 continue
3329 4471 3374 4595 la
3463 4471 3910 4595 graduation
4010 4471 4658 4595 encommencée
4725 4471 4904 4595 avec
4971 4471 5026 4595 le

2898 4600 3064 4721 bras
3115 4600 3332 4721 roide
3446 4600 3446 4721 &
3510 4600 3867 4721 eſtendu,
3943 4600 4326 4721 dirigeant
4364 4600 4415 4721 ſa
4466 4600 4747 4721 pointe
4810 4600 5040 4721 circu-

2894 4726 3319 4842 lairement
3378 4726 3531 4842 vers
3578 4726 3637 4842 le
3720 4726 3814 4842 col
3897 4726 3968 4842 de
4015 4726 4109 4842 ſon
4227 4726 4652 4842 Contraire,
4711 4726 4746 4842 en
4829 4726 5029 4842 plan-

2909 4850 3069 4970 tant
3143 4850 3155 4970 à
3279 4850 3538 4970 meſme
3612 4850 3871 4970 temps
3945 4850 3994 4970 le
4080 4850 4253 4970 pied
4327 4850 4512 4970 droit
4598 4850 4611 4970 à
4685 4850 4722 4970 la
4796 4850 5030 4970 lettre

2962 4975 2999 5098 N.
3087 4975 3100 5098 &
3150 4975 3676 5098 pourſuivant
3739 4975 4140 5098 d’avancer
4191 4975 4241 5098 le
4316 4975 4642 5098 gauche.
4705 4975 4767 5098 Le
4842 4975 5018 5098 coup

2914 5101 3149 5223 eſtant
3199 5101 3422 5223 porté
3484 5101 3534 5223 en
3620 5101 3806 5223 ceſte
3856 5101 4091 5223 ſorte,
4178 5101 4612 5223 ZAcHARIE
4661 5101 4748 5223 n’a
4810 5101 5033 5223 point

2921 5222 3198 5347 d’autre
3258 5222 3583 5347 remede
3631 5222 3824 5347 pour
3872 5222 3920 5347 le
3980 5222 4221 5347 parer,
4281 5222 4414 5347 que
4486 5222 5040 5347 d’augmenter

2900 5351 2952 5470 le
3028 5351 3476 5470 Sentiment
3527 5351 3859 5470 juſqu’au
3987 5351 4192 5470 Poids
4294 5351 4703 5470 Tres-fort,
4780 5351 4946 5470 dont
4997 5351 5036 5470 il

2928 5476 3350 5599 deſtourne
3471 5476 3483 5599 &
3556 5476 4002 5599 tranſporte
4075 5476 4171 5599 les
4244 5476 4485 5599 lames
4558 5476 4606 5599 en
4714 5476 5040 5599 dedans.

2936 5603 2997 5724 Ce
3071 5603 3194 5724 que
3255 5603 3562 5724 ſentant
3648 5603 4238 5724 ALEXANDRE,
4324 5603 4447 5724 qui
4508 5603 4521 5724 a
4594 5603 4717 5724 par
4779 5603 4852 5724 cy
4938 5603 5037 5724 de-

2911 5727 3068 5845 vant
3140 5727 3502 5845 deſtaché
3550 5727 3659 5845 les
3719 5727 4009 5845 eſpees,
4069 5727 4118 5845 en
4238 5727 4588 5845 donnant
4649 5727 4661 5845 à
4733 5727 4781 5845 la
4878 5727 5035 5845 con-

2903 5854 3126 5968 traire
3208 5854 3466 5968 courſe
3548 5854 3806 5968 libre,
3911 5854 4533 5968 preſentement
4638 5854 4908 5968 durant
4990 5854 5037 5968 le

2905 5979 3353 6101 tranſport,
3416 5979 3453 6101 il
3515 5979 3615 6101 les
3690 5979 3889 6101 tient
3964 5979 4450 6101 accoupleés
4512 5979 4811 6101 juſqu’à
4886 5979 5036 6101 tant

2919 6095 3237 6229 qu’elles
3275 6095 3555 6229 ſoyent
3605 6095 3796 6229 aſſez
3885 6095 4406 6229 deſcenduës,
4457 6095 4686 6229 avant
4762 6095 4915 6229 qu’il
4991 6095 5029 6229 la

2905 6228 3097 6338 laiſſe
3145 6228 3397 6338 ſauter
3517 6228 3517 6338 &
3578 6228 4058 6338 tresbucher
4106 6228 4118 6338 à
4178 6228 4287 6338 val
4347 6228 4407 6338 de
4467 6228 4731 6338 route,
4791 6228 4839 6338 en
4936 6228 5044 6338 me-

2904 6357 3080 6462 nant
3150 6357 3186 6462 la
3268 6357 3526 6462 ſienne
3620 6357 4276 6462 circulairement
4370 6357 4429 6462 de
4511 6357 4640 6462 bas
4722 6357 4769 6462 en
4863 6357 5039 6462 haut

2908 6479 3030 6610 par
3116 6479 3348 6610 deſſus
3409 6479 3457 6610 ſa
3530 6479 3750 6610 teſte,
3884 6479 3884 6610 &
3945 6479 3994 6610 en
4091 6479 4445 6610 donnant
4494 6479 4616 6610 par
4677 6479 4726 6610 la
4811 6479 5043 6610 conti-

2908 6607 3226 6701 nuation
3328 6607 3385 6701 du
3510 6607 3759 6701 meſme
3873 6607 4395 6701 mouvement
4463 6607 4474 6701 à
4542 6607 4587 6701 la
4678 6607 4871 6701 teſte
4962 6607 5019 6701 du

2944 6731 3333 6855 Contraire
3392 6731 3511 6855 par
3593 6731 3924 6855 derriere
3995 6731 4065 6855 un
4160 6731 4349 6855 coup
4431 6731 4490 6855 de
4561 6731 4833 6855 revers
4915 6731 5045 6855 dia-

2925 6857 3148 6979 gonal
3198 6857 3372 6979 avec
3421 6857 3471 6979 le
3533 6857 3694 6979 bras
3756 6857 4128 6979 eſtendu,
4166 6857 4215 6979 le
4277 6857 4439 6979 pied
4513 6857 4798 6979 gauche
4860 6857 5059 6979 tom-

2924 6981 3102 7109 bant
3157 6981 3253 7109 ſur
3308 6981 3363 7109 le
3472 6981 3733 7109 Quarré
3815 6981 4281 7109 Circonſcrit
4336 6981 4391 7109 au
4487 6981 4761 7109 poin
4885 6981 4926 7109 V,
5049 6981 5063 7109 &

5007 7100 5050 7200 le
