5520 7640
551 455 599 574 le
671 455 862 574 droit
910 455 957 574 ſe
1017 455 1399 574 tournant
1447 455 2402 574 proportionnellement
2450 455 2462 574 à
2510 455 2677 574 l’ad-

563 585 889 703 venant;
937 585 1106 703 ainſi
1166 585 1299 703 que
1347 585 1914 703 repreſentent
1950 585 2059 703 les
2107 585 2421 703 figures.

714 710 762 827 En
846 710 1122 827 toutes
1182 710 1277 827 les
1349 710 1817 827 operations
1889 710 1948 827 de
2032 710 2080 827 ce
2176 710 2476 827 Tableau
2572 710 2679 827 de-

566 835 727 953 puis
796 835 842 953 le
957 835 1188 953 Cercle
1268 835 1349 953 11.
1429 835 1476 953 en
1579 835 1844 953 avant,
1948 835 1994 953 ou
2109 835 2662 953 ALEXANDRE

571 958 726 1051 c’eſt
798 958 1204 1051 acheminé
1288 958 1359 1051 de
1419 958 1455 1051 la
1550 958 1896 1051 Seconde
1956 958 2314 1051 Inſtance
2398 958 2553 1051 vers
2613 958 2661 1051 la

593 1087 1008 1206 Troiſieme
1069 1087 1252 1206 pour
1337 1087 1349 1206 y
1435 1087 1715 1206 donner
1788 1087 1800 1206 à
1849 1087 1959 1206 ſon
2081 1087 2459 1206 Contraire
2532 1087 2666 1206 l’at-

570 1209 811 1332 teinte
871 1209 931 1332 au
1003 1209 1280 1332 viſage:
1328 1209 1388 1332 le
1448 1209 1629 1332 coup
1689 1209 1701 1332 à
1761 1209 2159 1332 touſiours
2219 1209 2351 1332 eſté
2411 1209 2676 1332 preve-

563 1330 636 1461 nu
770 1330 770 1461 &
831 1330 1002 1461 paré
1075 1330 1135 1461 de
1233 1330 1708 1461 ZACHARIE,
1793 1330 1841 1461 en
1927 1330 2280 1461 hauſſant
2389 1330 2389 1461 &
2438 1330 2669 1461 tranſ-

563 1461 889 1588 portant
946 1461 1227 1588 l’eſpee
1306 1461 1688 1588 contraire
1778 1461 1823 1588 en
1935 1461 2284 1588 dedans,
2374 1461 2667 1588 comme

565 1588 749 1713 avec
798 1588 1189 1713 intention
1275 1588 1336 1713 de
1385 1588 1850 1713 l’aſſujettir,
1924 1588 2034 1713 qui
2095 1588 2181 1713 eſt
2230 1588 2377 1713 ſans
2438 1588 2683 1713 doub-

575 1713 635 1833 te
695 1713 743 1833 le
815 1713 983 1833 plus
1067 1713 1571 1833 convenable
1619 1713 1631 1833 à
1679 1713 1727 1833 ſa
1799 1713 2136 1833 defenſe.
2220 1713 2676 1833 Toutesfois

565 1838 602 1955 il
663 1838 712 1955 ſe
786 1838 1056 1955 pourra
1130 1838 1302 1955 auſſi
1375 1838 1743 1955 defendre
1829 1838 1878 1955 en
1964 1838 2173 1955 autre
2222 1838 2455 1955 ſorte,
2517 1838 2689 1955 aſſa-

575 1964 728 2084 voir
798 1964 845 2084 en
939 1964 1467 2084 augmentant
1526 1964 1584 2084 le
1643 1964 1866 2084 poids
1983 1964 1995 2084 &
2066 1964 2359 2084 menant
2418 1964 2523 2084 les
2606 1964 2676 2084 eſ-

571 2089 755 2204 pees
836 2089 1319 2204 droitement
1388 2089 1434 2204 en
1503 2089 1721 2204 haut,
1767 2089 1928 2204 ſans
1974 2089 2365 2204 intention
2457 2089 2515 2204 de
2572 2089 2676 2204 les

577 2214 1106 2334 tranſporter.
1227 2214 1576 2334 Laquelle
1624 2214 1865 2334 aion
1937 2214 1973 2334 il
2045 2214 2418 2334 convient
2490 2214 2695 2334 dere-

585 2336 756 2458 chef
841 2336 1451 2458 qu’ALExandre
1561 2336 1878 2458 dompte
1988 2336 2025 2458 en
2134 2336 2232 2458 ſon
2342 2336 2684 2458 premier

586 2465 1310 2583 commencement
1354 2465 1475 2583 par
1519 2465 1563 2583 la
1651 2465 2111 2583 moderation
2221 2465 2276 2583 du
2375 2465 2682 2583 contre-

587 2587 846 2708 poids,
885 2587 1001 2708 afin
1092 2587 1143 2708 de
1208 2587 1674 2708 pourſuivre
1726 2587 1765 2708 ſa
1829 2587 2127 2708 pointe.
2256 2587 2373 2708 Que
2424 2587 2463 2708 ſi
2515 2587 2683 2708 l’ad-

581 2714 901 2834 verſaire
970 2714 1337 2834 continue
1394 2714 1588 2834 alors
1669 2714 2207 2834 d’augmenter
2276 2714 2367 2834 ſon
2459 2714 2676 2834 poids

591 2837 820 2957 encor
880 2837 1337 2957 d’avantage
1386 2837 1578 2957 pour
1626 2837 1843 2957 parer
1891 2837 1940 2957 le
2000 2837 2192 2957 coup
2265 2837 2373 2957 qui
2409 2837 2530 2957 luy
2602 2837 2686 2957 eſt

593 2960 808 3082 dreſſé
879 2960 1034 3082 vers
1082 2960 1130 3082 le
1201 2960 1476 3082 viſage,
1524 2960 1571 3082 en
1643 2960 1989 3082 hauſſant
2037 2960 2144 3082 les
2204 2960 2454 3082 eſpees
2502 2960 2681 3082 avec

599 3087 1038 3201 Sentiment
1087 3087 1270 3201 fort,
1343 3087 1745 3201 Plus-fort,
1806 3087 1867 3201 ou
1965 3087 2367 3201 Tres-fort;
2416 3087 2684 3201 lequel

568 3210 605 3328 il
667 3210 741 3328 ne
803 3210 1026 3328 ſeroit
1100 3210 1508 3328 deſormais
1569 3210 1730 3328 plus
1780 3210 2089 3328 poſſible
2163 3210 2224 3328 de
2299 3210 2694 3328 dompter,

577 3332 647 3452 ne
718 3332 788 3452 de
847 3332 1046 3452 tenir
1093 3332 1363 3452 l’eſpee
1433 3332 1808 3452 contraire
1879 3332 1926 3452 en
2020 3332 2313 3452 devoir:
2371 3332 2407 3452 il
2453 3332 2489 3452 la
2536 3332 2688 3452 laiſ-

577 3455 710 3579 ſera
807 3455 1231 3579 eſchapper
1291 3455 1340 3579 en
1424 3455 1606 3579 haut
1679 3455 1727 3579 au
1824 3455 2066 3579 deſſus
2151 3455 2199 3579 de
2260 3455 2296 3579 ſa
2357 3455 2538 3579 teſte
2623 3455 2671 3579 en

576 3579 796 3697 angle
876 3579 1153 3697 obtus,
1223 3579 1280 3697 en
1396 3579 1684 3697 menant
1754 3579 1788 3697 la
1869 3579 2135 3697 pointe
2227 3579 2285 3697 de
2342 3579 2377 3697 la
2435 3579 2689 3697 ſienne

596 3703 936 3820 deſſous,
983 3703 1159 3820 avec
1206 3703 1734 3820 avancement
1804 3703 1851 3820 du
1945 3703 2191 3820 corps,
2273 3703 2426 3820 qu’il
2484 3703 2696 3820 loge-

1592 4011 1863 4229 Outes
1972 4011 2098 4229 ces
2225 4011 2748 4229 exemples
2893 4011 3652 4229 demonſtrent
3778 4011 4410 4229 clairement
4519 4011 4591 4229 le
4718 4011 4952 4229 tres-

1495 4206 1716 4373 grand
1785 4206 2005 4373 uſage
2101 4206 2143 4373 du
2253 4206 2749 4373 Sentiment,
2818 4206 2928 4373 qui
2983 4206 3066 4373 eſt
3135 4206 3576 4373 toutesfois
3645 4206 3700 4373 en
3782 4206 3810 4373 ſi
3879 4206 4127 4373 petite
4182 4206 4444 4373 eſtime
4526 4206 4788 4373 envers
4843 4206 4940 4373 les

1546 4343 1852 4488 Maiſtres
1936 4343 1991 4488 de
2075 4343 2270 4488 ceſte
2354 4343 2813 4488 Profeſſion.
2980 4343 3106 4488 Mais
3175 4343 3287 4488 veu
3398 4343 3523 4488 que
3579 4343 3621 4488 la
3704 4343 3927 4488 verité
4011 4343 4066 4488 en
4164 4343 4248 4488 eſt
4317 4343 4345 4488 ſi
4429 4343 4818 4488 evidente,
4860 4343 4944 4488 ils

1469 4482 1643 4641 ſont
1710 4482 2154 4641 contraints
2234 4482 2490 4641 malgré
2557 4482 2758 4641 qu’ils
2812 4482 2866 4641 en
2933 4482 3202 4641 ayent,
3282 4482 3403 4641 d’en
3484 4482 4048 4641 recognoiſtre
4088 4482 4182 4641 les
4236 4482 4505 4641 forces.
4599 4482 4706 4641 Car
4760 4482 4935 4641 tout

1464 4620 1645 4786 auſſi
1723 4620 1878 4786 toſt
1955 4620 2162 4786 qu’on
2240 4620 2330 4786 les
2395 4620 2731 4786 attaque
2796 4620 2835 4786 la
2912 4620 3158 4786 lame,
3235 4620 3300 4786 ils
3377 4620 3494 4786 s’en
3597 4620 3920 4786 ſentent
3985 4620 4644 4786 incommodez,
4787 4620 4787 4786 &
4851 4620 4942 4786 ta-

1468 4757 1746 4920 ſchent
1784 4757 1797 4920 à
1847 4757 1885 4920 la
1973 4757 2277 4920 delivrer
2340 4757 2454 4920 par
2517 4757 2732 4920 touts
2820 4757 3162 4920 moyens,
3225 4757 3351 4920 ſoit
3427 4757 3465 4920 en
3541 4757 3945 4920 reculant,
3983 4757 4122 4920 ſoit
4185 4757 4236 4920 en
4324 4757 4615 4920 cavant,
4666 4757 4792 4920 ſoit
4855 4757 4906 4920 en

589 4891 819 5060 uiant
900 4891 954 5060 de
1035 4891 1347 5060 feintes,
1428 4891 1482 5060 ou
1604 4891 1928 5060 meſmes
2009 4891 2063 5060 de
2145 4891 2307 5060 plus
2361 4891 2686 5060 lourdes
2753 4891 3091 5060 aions,
3173 4891 3443 5060 durant
3511 4891 3930 5060 leſquelles
3998 4891 4025 5060 il
4092 4891 4187 5060 eſt
4241 4891 4660 5060 neceſſaire
4742 4891 4944 5060 qu’ils

602 5034 944 5228 perdent
1023 5034 1431 5228 touſiours
1497 5034 1787 5228 autant
1879 5034 1931 5228 de
2010 5034 2300 5228 temps,
2366 5034 2656 5228 duquel
2708 5034 2787 5228 ils
2853 5034 2893 5228 ſe
2972 5034 3485 5228 pourroyent
3551 5034 3933 5228 prevaloir
3972 5034 3985 5228 à
4051 5034 4209 5228 leur
4275 5034 4762 5228 advantage,
4815 5034 4947 5228 s’ils

600 5174 1110 5360 n’aimoyent
1165 5174 1289 5360 pas
1371 5174 1440 5360 de
1509 5174 1826 5360 careſſer
1895 5174 2225 5360 pluſtoſt
2294 5174 2446 5360 leur
2501 5174 2983 5360 ignorance,
3052 5174 3176 5360 que
3258 5174 3768 5360 d’apprendre
3823 5174 3823 5360 à
3919 5174 4154 5360 mieux
4209 5174 4429 5360 faire.
4553 5174 4581 5360 A
4649 5174 4828 5360 tout
4897 5174 4939 5360 le

629 5311 894 5500 moins,
946 5311 1105 5500 puis
1184 5311 1383 5500 qu’ils
1449 5311 1502 5500 ſe
1568 5311 1885 5500 ſentent
1938 5311 2546 5500 incommodez
2612 5311 2718 5500 par
2784 5311 3484 5500 l’accouplement
3564 5311 3669 5500 des
3709 5311 3986 5500 lames,
4026 5311 4092 5500 ils
4172 5311 4621 5500 devroyent
4674 5311 4938 5500 penſer

595 5451 715 5633 s’ils
796 5451 849 5633 en
929 5451 1357 5633 reçoivent
1437 5451 1784 5633 quelque
1837 5451 2465 5633 incommodité
2545 5451 2599 5633 de
2666 5451 2826 5633 leur
2879 5451 3066 5633 part,
3146 5451 3454 5633 qu’auſſi
3507 5451 4001 5633 l’adverſaire
4055 5451 4188 5633 n’en
4282 5451 4362 5633 eſt
4429 5451 4549 5633 pas
4589 5451 4816 5633 libre,
4936 5451 4950 5633 &

606 5587 765 5785 puis
845 5587 978 5785 que
1044 5587 1137 5785 les
1190 5587 1880 5785 incommoditez
1946 5587 2119 5785 ſont
2185 5587 2344 5785 plus
2424 5587 2756 5785 grandes
2809 5587 2902 5785 les
2968 5587 3154 5785 unes
3233 5587 3366 5785 que
3419 5587 3512 5785 les
3578 5587 3884 5785 autres,
3963 5587 4149 5785 auſſi
4229 5587 4521 5785 qu’elles
4587 5587 4932 5785 peuvent

606 5725 782 5916 eſtre
858 5725 1399 5916 augmentées
1462 5725 1512 5916 en
1588 5725 2129 5916 pourſuivant
2192 5725 2280 5916 les
2368 5725 2682 5916 meſmes
2758 5725 3576 5916 commencements,
3676 5725 3676 5916 &
3764 5725 3890 5916 que
3966 5725 4117 5916 elles
4180 5725 4532 5916 peuvent
4608 5725 4784 5916 eſtre
4847 5725 4947 5916 re-

631 5856 913 6058 mediés
977 5856 1093 6058 par
1157 5856 1349 6058 leurs
1439 5856 1913 6058 contraires.
2003 5856 2080 6058 Ils
2169 5856 2605 6058 devroyent
2682 5856 2964 6058 adviſer
3041 5856 3041 6058 à
3131 5856 3528 6058 diminuer
3592 5856 3784 6058 leurs
3836 5856 4169 6058 propres
4220 5856 4925 6058 incommodites,

656 5992 656 6197 &
709 5992 709 6197 à
774 5992 1274 6197 augmenter
1353 5992 1524 6197 celle
1616 5992 1682 6197 de
1722 5992 1932 6197 leurs
1972 5992 2445 6197 adverſaires
2498 5992 2616 6197 par
2682 5992 2721 6197 la
2827 5992 3300 6197 moderation
3406 5992 3458 6197 du
3550 5992 4011 6197 Sentiment
4103 5992 4406 6197 meſme,
4445 5992 4603 6197 ſans
4656 5992 4932 6197 perdre

603 6131 1146 6326 incontinent
1212 6131 1543 6326 courage
1623 6131 1941 6326 comme
2007 6131 2047 6326 en
2126 6131 2259 6326 une
2338 6131 2563 6326 choſe
2643 6131 3120 6326 deſeſperée,
3186 6131 3186 6326 à
3252 6131 3596 6326 laquelle
3649 6131 3689 6326 il
3742 6131 3861 6326 n’y
3928 6131 3928 6326 a
4007 6131 4219 6326 point
4312 6131 4365 6326 de
4431 6131 4815 6326 remede,
4868 6131 4948 6326 ſi-

599 6267 742 6470 non
833 6267 950 6470 d’en
1041 6267 1471 6470 eſchapper
1523 6267 1523 6470 à
1601 6267 1809 6470 touts
1900 6267 2278 6470 marchez.
2434 6267 2486 6470 Ce
2577 6267 2695 6470 qui
2747 6267 2838 6470 eſt
2903 6267 3072 6470 tout
3137 6267 3202 6470 au
3293 6267 3723 6470 contraire.
3827 6267 3918 6470 car
3983 6267 4504 6470 l’experience
4569 6267 4699 6470 non
4791 6267 4947 6470 ſeu-

602 6408 916 6620 lement
969 6408 1165 6620 nous
1231 6408 1728 6620 demonſtre,
1794 6408 1925 6620 que
1977 6408 2698 6620 l’attouchement
2750 6408 2842 6620 eſt
2920 6408 2986 6620 de
3038 6408 3549 6620 tres-grande
3588 6408 4112 6620 importance
4165 6408 4361 6620 pour
4401 6408 4453 6620 le
4505 6408 4938 6620 jugement

667 6543 667 6759 &
709 6543 751 6759 la
834 6543 1403 6759 cognoiſſance
1472 6543 1583 6759 des
1639 6543 1930 6759 choſes,
2014 6543 2166 6759 mais
2236 6543 2347 6759 qui
2388 6543 2555 6759 plus
2610 6543 2694 6759 eſt
2735 6543 2791 6759 le
2860 6543 3235 6759 commun
3304 6543 3637 6759 langage
3693 6543 3873 6759 nous
3929 6543 4331 6759 apprend,
4387 6543 4553 6759 qu’il
4609 6543 4692 6759 ne
4761 6543 4942 6759 peut

628 6685 890 6888 vavoir
943 6685 1401 6888 aſſeurance
1453 6685 1624 6888 plus
1702 6685 2043 6888 certaine
2108 6685 2226 6888 que
2305 6685 2462 6888 celle
2528 6685 2724 6888 qu’on
2803 6685 3104 6888 touche
3156 6685 3156 6888 à
3209 6685 3248 6888 la
3340 6685 3549 6888 main.
3667 6685 3838 6888 Nous
3890 6685 4191 6888 voyons
4257 6685 4388 6888 que
4427 6685 4519 6888 les
4584 6685 4951 6888 aveugles

625 6824 1134 7046 cognoiſſent
1189 6824 1244 7046 au
1326 6824 1478 7046 ſeul
1533 6824 1986 7046 ſentiment
2028 6824 2124 7046 les
2193 6824 2660 7046 differences
2729 6824 2784 7046 de
2839 6824 2880 7046 la
2976 6824 3403 7046 monnoye,
3471 6824 3609 7046 qu’à
3664 6824 3870 7046 l’aide
3939 6824 4255 7046 d’iceluy
4310 6824 4379 7046 ils
4434 6824 4819 7046 trouvent
4860 6824 4956 7046 les

4785 6964 4937 7065 che-

2797 466 2852 594 ra
2940 466 3194 594 durant
3261 466 3316 594 ce
3415 466 3670 594 meſme
3747 466 4255 594 mouvement
4310 466 4366 594 au
4465 466 4752 594 dedans
4819 466 4896 594 de

2804 591 3067 716 l’angle
3154 591 3455 716 deſſous
3517 591 3780 716 l’eſpee
3892 591 4330 716 Contraire,
4405 591 4543 716 ſoit
4605 591 4780 716 avec
4843 591 4881 716 la

2816 715 3227 839 demarche
3314 715 3363 839 du
3438 715 3600 839 pied
3674 715 3886 839 droit,
3973 715 4023 839 ou
4122 715 4184 839 du
4246 715 4421 839 pied
4483 715 4818 839 gauche,
4881 715 4893 839 à

2827 843 3094 967 meſure
3179 843 3301 967 que
3349 843 3738 967 l’occaſion
3811 843 3860 967 le
3920 843 4261 967 permet;
4346 843 4358 967 &
4419 843 4552 967 qu’à
4637 843 4893 967 meſme

2807 963 3065 1092 temps
3104 963 3143 1092 il
3194 963 3659 1092 s’affermiſſe
3711 963 3763 1092 le
3814 963 4008 1092 bras,
4111 963 4111 1092 &
4150 963 4202 1092 la
4279 963 4486 1092 garde
4550 963 4602 1092 au
4705 963 4899 1092 coſté

2814 1093 2996 1209 droit
3064 1093 3121 1209 du
3200 1093 3450 1209 corps,
3484 1093 3666 1209 avec
3712 1093 3746 1209 la
3803 1093 4144 1209 branche
4200 1093 4644 1209 interieure
4689 1093 4905 1209 tour-

2808 1214 2930 1338 ner
3003 1214 3051 1338 en
3136 1214 3367 1338 haut;
3428 1214 3780 1338 pouſſant
3853 1214 4120 1338 l’eſpee
4193 1214 4253 1338 au
4350 1214 4545 1338 coſté
4630 1214 4812 1338 droit
4885 1214 4897 1338 a

2806 1342 3101 1458 travers
3158 1342 3204 1458 la
3260 1342 3646 1458 poirine
3737 1342 3794 1458 de
3862 1342 3964 1458 ſon
4066 1342 4475 1458 contraire,
4554 1342 4895 1458 donnant

2809 1467 2855 1581 au
2946 1467 3243 1581 deſſous
3311 1467 3368 1581 du
3436 1467 3596 1581 bras
3664 1467 3835 1581 avec
3892 1467 4143 1581 pleine
4200 1467 4405 1581 force
4519 1467 4519 1581 &
4576 1467 4895 1581 avance-

2836 1593 3022 1709 ment
3104 1593 3162 1709 de
3244 1593 3500 1709 corps,
3593 1593 3651 1709 ce
3744 1593 3849 1709 qui
3930 1593 4059 1709 ſera
4152 1593 4606 1709 repreſenté
4711 1593 4780 1709 cy
4850 1593 4908 1709 a-

2816 1714 2972 1849 pres
3032 1714 3080 1849 en
3151 1714 3450 1849 aucuns
3534 1714 3917 1849 Tableaux
3989 1714 4049 1849 de
4096 1714 4575 1849 ſemblables
4647 1714 4910 1849 opera-

2812 1854 3038 1956 tions.

2991 1958 3116 2092 Que
3178 1958 3278 2092 s’il
3340 1958 3727 2092 advenoit
3802 1958 3927 2092 que
4039 1958 4489 2092 ZACHARIE
4551 1958 4726 2092 pare
4788 1958 4913 2092 l’e-

2812 2080 3135 2207 ſtocade
3222 2080 3334 2207 qui
3371 2080 3496 2207 luy
3558 2080 3645 2207 eſt
3707 2080 3980 2207 dreſſée
4042 2080 4303 2207 devers
4353 2080 4403 2207 le
4489 2080 4763 2207 viſage,
4837 2080 4887 2207 en

2813 2200 3173 2329 hauſſant
3221 2200 3725 2329 ſimplement
3761 2200 3869 2329 les
3929 2200 4217 2329 eſpees,
4265 2200 4445 2329 avec
4541 2200 4757 2329 moins
4841 2200 4901 2329 de

2841 2322 3053 2459 Poids
3115 2322 3239 2459 que
3289 2322 3488 2459 nous
3538 2322 3612 2459 ne
3687 2322 3923 2459 venõs
3998 2322 4060 2459 de
4097 2322 4483 2459 ſpecifier,
4582 2322 4582 2459 &
4657 2322 4819 2459 qu’il
4856 2322 4906 2459 ſe

2833 2443 3275 2579 contentaſt
3326 2443 3414 2579 d’y
3477 2443 3882 2579 appliquer
3932 2443 4375 2579 ſeulement
4425 2443 4476 2579 le
4577 2443 4905 2579 Gaillard,

2849 2568 3454 2683 Plus-Gaillard,
3546 2568 3598 2683 ou
3717 2568 4347 2683 Tres-Gaillard,
4400 2568 4413 2683 à
4479 2568 4912 2683 l’Exemple

2848 2696 2948 2817 les
3047 2696 3333 2817 Cercles
3395 2696 3445 2817 7.
3532 2696 3569 2817 8.
3693 2696 3706 2817 &
3805 2696 3842 2817 9.
3917 2696 4091 2817 dont
4128 2696 4166 2817 il
4215 2696 4725 2817 adviendroit
4787 2696 4911 2817 que

2822 2818 2857 2950 ſa
2939 2818 3125 2950 lame
3206 2818 3276 2950 ne
3358 2818 3474 2950 s’en
3556 2818 3905 2950 fuyeroit
3987 2818 4115 2950 pas
4185 2818 4371 2950 aſſez
4453 2818 4907 2950 viſtement;

2864 2946 3012 3064 lors
3074 2946 3111 3064 il
3161 2946 3210 3064 la
3272 2946 3618 3064 faudroit
3705 2946 4076 3064 derechef
4150 2946 4620 3064 deſgraduer
4731 2946 4743 3064 &
4817 2946 4916 3064 re-

2855 3040 3119 3195 mettre
3182 3040 3232 3195 en
3295 3040 3773 3195 ſubjeion;
3836 3040 4125 3195 comné
4176 3040 4213 3195 il
4276 3040 4276 3195 a
4352 3040 4477 3195 eſté
4540 3040 4653 3195 fait
4767 3040 4779 3195 &
4830 3040 4918 3195 re-

2892 3189 3186 3327 reſenté
3235 3189 3296 3327 au
3406 3189 3638 3327 Cercle
3699 3189 3809 3327 10.
3858 3189 3968 3327 ſur
4029 3189 4127 3327 les
4212 3189 4518 3327 meſmes
4591 3189 4823 3327 Poids.
