5520 7640
656 473 1018 678 chemins
1072 473 1260 678 pour
1313 473 1582 678 arriver
1635 473 1743 678 par
1796 473 1971 678 tout
2038 473 2092 678 où
2159 473 2239 678 ils
2279 473 2829 678 pretendent;
2923 473 2923 678 &
2977 473 2990 678 à
3044 473 3460 678 l’exemple
3541 473 3930 678 deſquels,
3997 473 4265 678 quand
4305 473 4506 678 nous
4560 473 4761 678 nous
4815 473 5030 678 trou-

657 614 834 790 vons
888 614 943 790 en
1025 614 1460 790 obſcurité,
1501 614 1705 790 nous
1773 614 2059 790 faiſons
2127 614 2181 790 de
2277 614 2576 790 meſme:
2671 614 2671 790 &
2726 614 2889 790 puis
2957 614 3148 790 qu’en
3229 614 3365 790 ceſt
3461 614 3814 790 Exercice
3896 614 4005 790 des
4087 614 4359 790 Armes
4400 614 4440 790 il
4495 614 4576 790 eſt
4658 614 4998 790 queſtion

669 756 722 918 de
802 756 1175 918 diſcerner
1215 756 1268 918 le
1321 756 1468 918 fort
1575 756 1588 918 &
1628 756 1668 918 le
1734 756 1974 918 foible
2041 756 2147 918 des
2241 756 2813 918 mouvements
2867 756 2933 918 du
3053 756 3479 918 Contraire,
3533 756 3639 918 par
3719 756 3879 918 quel
3959 756 4225 918 moyen
4305 756 4625 918 veulent
4678 756 4758 918 ils
4825 756 5011 918 donc

669 897 873 1094 qu’on
941 897 1036 1094 les
1077 897 1308 1094 puiſſe
1390 897 1962 1094 comprendre,
2016 897 2207 1094 ſinon
2288 897 2397 1094 par
2465 897 2520 1094 le
2588 897 3037 1094 ſentiment
3159 897 3159 1094 &
3214 897 3336 1094 par
3391 897 4112 1094 l’attouchement
4194 897 4303 1094 des
4384 897 4670 1094 eſpees,
4779 897 4793 1094 &
4861 897 5010 1094 puis

661 1034 791 1230 que
834 1034 892 1230 le
964 1034 1109 1230 fort
1224 1034 1224 1230 &
1282 1034 1340 1230 le
1398 1034 1672 1230 foible,
1730 1034 1889 1230 ſont
1946 1034 1990 1230 le
2062 1034 2336 1230 propre
2423 1034 2683 1230 obje
2770 1034 2827 1230 du
2900 1034 3391 1230 ſentiment:
3463 1034 3521 1230 en
3607 1034 3809 1230 ſorte
3896 1034 4055 1230 qu’il
4127 1034 4214 1230 eſt
4286 1034 4705 1230 neceſſaire
4806 1034 4864 1230 de
4936 1034 5023 1230 les

641 1191 962 1368 ignorer
1015 1191 1082 1368 ou
1176 1191 1229 1368 de
1283 1191 1376 1368 les
1429 1191 1817 1368 entendre
1870 1191 1991 1368 par
2057 1191 2244 1368 ceſte
2298 1191 2485 1368 voye
2538 1191 2765 1368 ſeule.
2886 1191 2979 1368 Par
3046 1191 3206 1368 quel
3300 1191 3540 1368 moyen
3647 1191 3968 1368 veulent
4034 1191 4101 1368 ils
4195 1191 4395 1368 qu’on
4502 1191 5010 1368 comprenne

637 1325 724 1480 les
811 1325 1596 1480 commencements
1658 1325 1770 1480 des
1845 1325 2156 1480 meſmes
2243 1325 2804 1480 mouvements
2878 1325 2928 1480 du
3040 1325 3476 1480 Contraire,
3538 1325 3725 1480 pour
3787 1325 4173 1480 travailler
4223 1325 4223 1480 à
4298 1325 4560 1480 temps
4609 1325 5008 1480 alencon-

648 1462 767 1642 tre,
833 1462 1031 1642 ſinon
1123 1462 1242 1642 par
1295 1462 2074 1642 l’attouchement,
2127 1462 2418 1642 auquel
2484 1462 2576 1642 les
2629 1462 3435 1642 commencements
3501 1462 3540 1642 ſe
3620 1462 4161 1642 deſcouvrent
4214 1462 4333 1642 par
4386 1462 4544 1642 leur
4623 1462 5020 1642 foibleſſe,

635 1607 1040 1779 touſiours
1121 1607 1188 1779 un
1296 1607 1512 1779 demy
1593 1607 1850 1779 temps
1917 1607 2255 1779 pluſtoſt
2336 1607 2525 1779 qu’ils
2592 1607 2660 1779 ne
2741 1607 2781 1779 ſe
2862 1607 3213 1779 peuvent
3267 1607 3807 1779 appercevoir
3848 1607 3861 1779 à
3915 1607 3956 1779 la
4037 1607 4253 1779 veuë.
4374 1607 4442 1779 Et
4509 1607 5009 1779 finalement

642 1750 1079 1919 comment
1156 1750 1464 1919 veulent
1528 1750 1631 1919 ils,
1720 1750 1926 1919 qu’on
1990 1750 2336 1919 travaille
2388 1750 2555 1919 avec
2606 1750 3068 1919 aſſeurance
3132 1750 3645 1919 alencontre,
3710 1750 3748 1919 ſi
3812 1750 3876 1919 on
3953 1750 4043 1919 n’a
4107 1750 4223 1919 pas
4287 1750 5019 1919 l’attouchement

646 1888 760 2055 par
802 1888 1071 2055 lequel
1142 1888 1199 2055 on
1312 1888 1709 2055 cognoiſſe
1765 1888 1935 2055 avec
2020 1888 2261 2055 quelle
2332 1888 2573 2055 force,
2672 1888 2686 2055 &
2757 1888 2813 2055 de
2884 1888 3040 2055 quel
3111 1888 3309 2055 coſté
3380 1888 3861 2055 l’adverſaire
3918 1888 4314 2055 travaille.
4428 1888 4527 2055 Par
4598 1888 5023 2055 leſquelles

649 2028 1323 2189 conſiderations,
1351 2028 1394 2189 il
1450 2028 1492 2189 ſe
1576 2028 1717 2189 voit
1801 2028 1928 2189 que
1998 2028 2138 2189 c’eſt
2209 2028 2209 2189 à
2265 2028 2546 2189 fauſſes
2602 2028 3038 2189 enſeignes,
3094 2028 3291 2189 qu’ils
3347 2028 3727 2189 tiennent
3783 2028 3979 2189 pour
4050 2028 4696 2189 dommageable
4766 2028 4823 2189 ce
4907 2028 5019 2189 qui

640 2171 719 2329 eſt
785 2171 837 2329 en
916 2171 1141 2329 effe
1193 2171 1233 2329 ſi
1325 2171 1523 2329 Vtile.
1628 2171 1734 2329 Car
1800 2171 1905 2329 dés
1971 2171 2103 2329 que
2156 2171 2354 2329 nous
2406 2171 2644 2329 avons
2683 2171 3408 2329 l’attouchement
3474 2171 3580 2329 des
3619 2171 3896 2329 lames,
3949 2171 4160 2329 nous
4213 2171 4595 2329 pouvons
4648 2171 4819 2329 faire
4885 2171 5017 2329 nos

621 2312 1082 2467 approches
1174 2312 1398 2467 deſſus
1451 2312 1938 2467 l’adverſaire
2004 2312 2175 2467 avec
2254 2312 2754 2467 aſſeurance,
2807 2312 2965 2467 puis
3057 2312 3175 2467 que
3241 2312 3438 2467 nous
3504 2312 3860 2467 ſommes
3939 2312 4281 2467 certains
4360 2312 4426 2467 de
4478 2312 4781 2467 ſçavoir
4834 2312 5005 2467 tou-

629 2460 872 2609 ſiours
913 2460 913 2609 à
980 2460 1237 2609 temps
1305 2460 1386 2609 les
1467 2460 1832 2609 deſſeings
1899 2460 2102 2609 qu’ils
2156 2460 2440 2609 voudra
2507 2460 2724 2609 faire,
2764 2460 3115 2609 leſquels
3156 2460 3183 2609 il
3237 2460 3305 2609 ne
3372 2460 3656 2609 pourra
3710 2460 3886 2609 tant
3926 2460 4399 2609 ſeulement
4467 2460 5007 2609 commencer

638 2596 777 2745 que
818 2596 1025 2745 nous
1081 2596 1150 2745 ne
1205 2596 1495 2745 ſoyons
1564 2596 1730 2745 deſia
1799 2596 2173 2745 preparez
2228 2596 2739 2745 alencontre.
2836 2596 3306 2745 Advantage
3361 2596 3403 2745 ſi
3444 2596 3817 2745 notable,
3914 2596 3928 2745 &
3969 2596 4011 2745 ſi
4080 2596 4329 2745 digne,
4398 2596 4536 2745 que
4605 2596 4757 2745 c’eſt
4840 2596 5006 2745 cho-

620 2736 674 2885 ſe
727 2736 1209 2885 admirable,
1262 2736 1703 2885 comment
1743 2736 2198 2885 l’Exercice
2278 2736 2385 2885 des
2465 2736 2733 2885 Armes
2786 2736 2799 2885 a
2880 2736 3027 2885 eſté
3080 2736 3107 2885 ſi
3147 2736 3722 2885 longuement
3789 2736 3829 2885 en
3922 2736 4203 2885 vogue,
4257 2736 4417 2885 ſans
4484 2736 4617 2885 que
4671 2736 4764 2885 les
4885 2736 5018 2885 Mai-

624 2876 806 3024 ſtres
848 2876 973 3024 s’en
1043 2876 1336 3024 ſoyent
1392 2876 1867 3024 apperceus,
1909 2876 2160 3024 eſtant
2216 2876 2439 3024 choſe
2495 2876 2523 3024 ſi
2607 2876 2844 3024 claire,
2872 2876 2914 3024 ſi
2970 2876 3263 3024 ample,
3360 2876 3360 3024 &
3416 2876 3444 3024 ſi
3500 2876 3961 3024 neceſſaire,
4017 2876 4198 3024 qu’au
4310 2876 4561 3024 defaut
4645 2876 4701 3024 de
4756 2876 5008 3024 l’avoir

618 3017 1073 3163 pratiquée,
1127 3017 1193 3163 ils
1247 3017 1287 3163 ſe
1421 3017 1648 3163 oyent
1702 3017 1702 3163 à
1769 3017 1983 3163 touts
2076 3017 2504 3163 moments,
2584 3017 2905 3163 comme
2972 3017 3280 3163 reduits
3320 3017 3333 3163 à
3387 3017 3628 3163 l’eſgal
3708 3017 3761 3163 de
3828 3017 4016 3163 ceux
4082 3017 4203 3163 qui
4243 3017 4524 3163 jamais
4577 3017 4791 3163 n’ont
4898 3017 5019 3163 ma-

619 3157 731 3305 nié
801 3157 885 3305 les
955 3157 1235 3305 armes.
1347 3157 1417 3305 Et
1487 3157 1683 3305 pour
1739 3157 2243 3305 l’ignorance
2313 3157 2369 3305 de
2425 3157 2802 3305 laquelle,
2844 3157 2914 3305 ils
2970 3157 3348 3305 tiennent
3404 3157 3502 3305 les
3558 3157 4020 3305 approches
4062 3157 4104 3305 ſi
4174 3157 4733 3305 dangereuſes,
4817 3157 5027 3305 qu’ils

624 3294 663 3442 en
765 3294 932 3442 ſont
1009 3294 1458 3442 contraints
1548 3294 1599 3442 de
1663 3294 1714 3442 ſe
1791 3294 2009 3442 ſervir
2060 3294 2599 3442 inutilement
2689 3294 2753 3442 de
2804 3294 2855 3442 la
2958 3294 3112 3442 main
3201 3294 3535 3442 gauche,
3599 3294 3663 3442 ou
3766 3294 4137 3442 d’Armes
4227 3294 4599 3442 doubles,
4689 3294 5009 3442 comme

614 3431 642 3583 ſi
698 3431 977 3583 l’eſpee
1033 3431 1326 3583 neſtoit
1382 3431 1549 3583 auſſi
1605 3431 1758 3583 bien
1828 3431 2247 3583 ſuffiſante
2302 3431 2302 3583 à
2386 3431 2763 3583 defendre
2805 3431 2847 3583 la
2916 3431 3321 3583 perſonne
3405 3431 3516 3583 qui
3572 3431 3628 3583 en
3726 3431 3865 3583 uſe,
3921 3431 4242 3583 comme
4326 3431 4437 3583 elle
4521 3431 4605 3583 eſt
4688 3431 5009 3583 capable

599 3562 599 3667 à
676 3562 1021 3667 offencer
1072 3562 1110 3667 le
1225 3562 1621 3667 Contraire
