5520 7640
1114 1464 2546 1626 DECLARATION
2781 1464 3056 1626 DES
3331 1464 4566 1626 OPERATIONS

1916 1674 2028 1757 DV
2209 1674 2321 1757 TA
2419 1674 2837 1757 BLEAV
3047 1674 3633 1757 DIXIEME.

1494 1868 1556 2102 Il
1618 1868 1742 2102 eſt
1804 1868 2176 2102 apparu
2279 1868 2424 2102 par
2507 1868 2589 2102 le
2714 1868 3127 2102 Tableau
3230 1868 3871 2102 precedent,
3975 1868 4140 2102 que
4223 1868 4285 2102 le
4388 1868 5009 2102 Sentiment

1461 2069 1545 2228 eſt
1615 2069 1672 2228 de
1728 2069 2051 2228 terrible
2107 2069 2726 2228 conſequence;
2782 2069 2824 2228 il
2866 2069 3358 2228 apparoiſtra
3414 2069 4131 2228 ſemblablement
4187 2069 4342 2228 bien
4412 2069 4567 2228 toſt
4623 2069 4735 2228 par
4806 2069 4988 2228 ceux

1464 2216 1577 2360 qui
1633 2216 2169 2360 s’enſuivent,
2254 2216 2409 2360 qu’il
2479 2216 2578 2360 eſt
2620 2216 2803 2360 auſſi
2860 2216 3001 2360 fort
3057 2216 3353 2360 ample:
3395 2216 3410 2360 à
3480 2216 3677 2360 cauſe
3762 2216 3917 2360 qu’il
3959 2216 4298 2360 s’eſtend
4354 2216 4354 2360 à
4410 2216 4678 2360 toutes
4735 2216 4819 2360 les
4890 2216 4988 2360 oc-

1449 2359 1901 2497 currences,
1963 2359 2012 2497 où
2097 2359 2232 2497 l’on
2305 2359 2317 2497 a
2415 2359 2660 2497 moyen
2758 2359 2819 2497 de
2880 2359 3088 2497 venir
3137 2359 3137 2497 à
3210 2359 3920 2497 l’attouchement
3993 2359 4103 2497 des
4164 2359 4433 2497 lames,
4482 2359 4641 2497 tant
4715 2359 4776 2497 de
4825 2359 4959 2497 loin

1459 2493 1583 2642 que
1680 2493 1736 2642 de
1819 2493 1999 2642 pres,
2068 2493 2235 2642 tant
2304 2493 2498 2642 pour
2567 2493 3025 2642 l’aſſaillant,
3080 2493 3205 2642 que
3274 2493 3468 2642 pour
3537 2493 3593 2642 le
3676 2493 4161 2642 defendant,
4216 2493 4355 2642 ſoit
4438 2493 4577 2642 que
4632 2493 4687 2642 le
4812 2493 4992 2642 Con-

1437 2639 1657 2783 traire
1725 2639 1780 2783 ſe
1849 2639 2151 2783 repoſe,
2192 2639 2261 2783 ou
2357 2639 2522 2783 qu’il
2590 2639 2961 2783 travaille,
3030 2639 3181 2783 qu’il
3249 2639 3757 2783 s’approche,
3812 2639 3881 2783 ou
3991 2639 4142 2783 qu’il
4183 2639 4485 2783 recule,
4540 2639 4608 2783 ou
4704 2639 4979 2783 meſme

571 2777 733 2922 qu’il
800 2777 841 2922 ſe
908 2777 1259 2922 prevaille
1354 2777 1462 2922 des
1557 2777 2137 2922 mouvements
2178 2777 2272 2922 les
2326 2777 2475 2922 plus
2542 2777 2961 2922 eſtranges,
3029 2777 3191 2922 qu’il
3231 2777 3596 2922 ſçauroit
3637 2777 3853 2922 faire.
3947 2777 4015 2922 En
4082 2777 4285 2922 ſorte
4352 2777 4487 2922 que
4541 2777 4744 2922 nous
4785 2777 4987 2922 nous

554 2916 803 3057 allons
908 2916 1171 3057 mettre
1263 2916 1853 3057 d’oreſenavant
1919 2916 1932 3057 à
1998 2916 2050 3057 la
2129 2916 2496 3057 recerche
2588 2916 2798 3057 d’une
2864 2916 3178 3057 infinité
3270 2916 3336 3057 de
3402 2916 3638 3057 belles
3756 2916 3769 3057 &
3835 2916 4163 3057 ſubtiles
4202 2916 4753 3057 -inventions,
4845 2916 4976 3057 que

553 3054 958 3204 l’homme
1014 3054 1391 3204 pourroit
1475 3054 1740 3204 mettre
1796 3054 1852 3204 en
1921 3054 2298 3204 pratique
2354 3054 2550 3204 pour
2605 3054 2647 3204 ſa
2731 3054 3080 3204 defenſe.
3206 3054 3303 3204 Car
3373 3054 3527 3204 puis
3597 3054 3722 3204 que
3848 3054 4197 3204 Neceſſité
4281 3054 4364 3204 eſt
4420 3054 4462 3204 la
4546 3054 4979 3204 principale

634 3197 1016 3340 Maiſtreſſe
1098 3197 1194 3340 des
1276 3197 1467 3340 Arts,
1549 3197 1864 3340 meſmes
1905 3197 2232 3340 juſques
2287 3197 2287 3340 à
2383 3197 2752 3340 monſtrer
2820 3197 2957 3340 aux
3039 3197 3517 3340 Perroquets
3612 3197 3626 3340 &
3667 3197 3804 3340 aux
3886 3197 4022 3340 Pies
4063 3197 4104 3340 la
4173 3197 4801 3340 prononciation
4911 3197 4965 3340 du

553 3335 890 3480 langage
944 3335 1268 3480 humain
1349 3335 1510 3480 tant
1578 3335 1915 3480 eſloigné
1996 3335 2050 3480 de
2090 3335 2252 3480 leur
2387 3335 2670 3480 Nature;
2710 3335 2751 3480 il
2805 3335 2872 3480 ne
2926 3335 3088 3480 faut
3155 3335 3263 3480 pas
3344 3335 3654 3480 douter,
3735 3335 3857 3480 que
3938 3335 4126 3480 ceux
4207 3335 4315 3480 qui
4369 3335 4531 3480 ſont
4612 3335 4841 3480 douëz
4908 3335 4976 3480 de

553 3474 590 3617 ſi
640 3474 824 3617 rares
898 3474 1256 3617 qualitez,
1317 3474 1638 3617 comme
1675 3474 1773 3617 les
1822 3474 2241 3617 hommes,
2291 3474 2611 3617 n’ayent
2672 3474 2943 3617 trouvé
3017 3474 3116 3617 des
3165 3474 3584 3617 pratiques
3633 3474 4175 3617 infiniement
4249 3474 4730 3617 excellentes
4779 3474 4976 3617 pour

557 3613 607 3756 ſe
680 3613 1087 3756 defendre;
1148 3613 1444 3756 voyant
1517 3613 1641 3756 que
1690 3613 1911 3756 touts
1961 3613 2342 3756 animaux
2404 3613 2527 3756 ont
2588 3613 2650 3756 un
2736 3613 3093 3756 extreme
3167 3613 3327 3756 deſir
3401 3613 3462 3756 de
3512 3613 3672 3756 leur
3721 3613 4004 3756 propre
4078 3613 4669 3756 conſervation,
4767 3613 4767 3756 &
4841 3613 4964 3756 qu’à

556 3751 771 3899 icelle
851 3751 891 3899 en
972 3751 1241 3899 temps
1308 3751 1362 3899 de
1483 3751 1832 3899 Neceſſité
1886 3751 1966 3899 ils
2020 3751 2503 3899 employent
2557 3751 2839 3899 toutes
2880 3751 3081 3899 leurs
3135 3751 3417 3899 forces,
3484 3751 3645 3899 tant
3712 3751 4223 3899 corporelles,
4290 3751 4424 3899 que
4478 3751 4989 3899 ſpirituelles.

634 3891 770 4034 Mais
819 3891 1016 4034 pour
1066 3891 1152 4034 ne
1201 3891 1398 4034 nous
1448 3891 1731 4034 foncer
1793 3891 1854 4034 du
1940 3891 2692 4034 commencement
2741 3891 2901 4034 trop
2963 3891 3197 4034 avant
3271 3891 3554 4034 dedans
3616 3891 3678 4034 ce
3715 3891 4232 4034 labyrinthe,
4294 3891 4491 4034 nous
4552 3891 4984 4034 commen-

571 4025 838 4173 cerons
915 4025 1029 4173 par
1068 4025 1170 4173 les
1220 4025 1666 4173 occaſions,
1730 4025 1845 4173 qui
1896 4025 1972 4173 ne
2036 4025 2545 4173 s’eſloignent
2634 4025 2851 4173 guere
2965 4025 3067 4173 des
3144 4025 3615 4173 operations
3691 4025 4277 4173 precedentes;
4341 4025 4659 4173 aſſavoir
4723 4025 4838 4173 par
4914 4025 4978 4173 ce

572 4157 697 4305 qui
738 4157 1097 4305 procede
1166 4157 1207 4305 en
1290 4157 1469 4305 ſuite
1552 4157 1607 4305 de
1663 4157 2435 4305 l’aſſujettiſſement
2518 4157 2615 4305 des
2656 4157 2905 4305 lames
2960 4157 2960 4305 à
3015 4157 3056 4305 la
3125 4157 3498 4305 Seconde
3553 4157 3926 4305 Inſtance
3995 4157 4050 4305 en
4160 4157 4326 4305 deçà
4395 4157 4450 4305 le
4561 4157 4988 4305 Diametre:

575 4295 763 4418 dont
803 4295 857 4418 le
964 4295 1206 4418 Cercle
1327 4295 1368 4418 N.
1408 4295 1448 4418 1.
1502 4295 1556 4418 en
1650 4295 2107 4418 demonſtre
2160 4295 2510 4418 l’entree,
2577 4295 2631 4418 en
2698 4295 2738 4418 la
2806 4295 3061 4418 forme
3115 4295 3518 4418 ſuivante.

1334 4567 1639 4725 Cercle
1834 4567 2052 4725 N.

588 4762 873 4896 Alexandre
932 4762 1063 4896 tient
1134 4762 1324 4896 l’eſpee
1395 4762 1668 4896 Contraire
1715 4762 1988 4896 aſſujettie
2047 4762 2047 4896 à
2095 4762 2130 4896 la
2202 4762 2415 4896 Seconde
2462 4762 2688 4896 Inſtance

661 4907 694 5013 en
760 4907 871 5013 deçà
915 4907 937 5013 le
1026 4907 1280 5013 Diametre
1336 4907 1336 5013 à
1380 4907 1413 5013 la
1468 4907 1623 5013 lettre
1712 4907 1745 5013 G.

1040 5063 1088 5194 Es
1161 5063 1344 5194 deux
1429 5063 1866 5194 Contraires
1915 5063 2182 5194 ayants
2231 5063 2692 5194 preallable-

1033 5200 1218 5301 ment
1276 5200 1414 5301 eſté
1461 5200 1472 5301 à
1519 5200 1565 5301 la
1646 5200 2028 5301 Premiere
2086 5200 2444 5301 Inſtance
2514 5200 2687 5301 avec

1008 5325 1107 5443 les
1181 5325 1440 5443 eſpees
1502 5325 1909 5443 paralleles
1996 5325 2033 5443 en
2144 5325 2378 5443 droite
2440 5325 2687 5443 ligne,

1006 5449 1197 5551 l’une
1244 5449 1304 5551 au
1387 5449 1625 5551 deſſus
1697 5449 1756 5551 de
1804 5449 2102 5551 l’autre,
2138 5449 2459 5551 aſſavoir
2519 5449 2697 5551 celle

571 5575 1207 5674 d’ALEXANDRE
1277 5575 1612 5674 deſſous;
1658 5575 1693 5674 il
1739 5575 1751 5674 a
1820 5575 2283 5674 commencé
2329 5575 2341 5674 à
2399 5575 2699 5674 travail-

541 5698 677 5818 ler,
738 5698 788 5818 en
849 5698 1207 5818 hauſſant
1256 5698 1293 5818 ſa
1355 5698 1663 5818 pointe,
1786 5698 1786 5818 &
1860 5698 2328 5818 aſſemblant
2390 5698 2439 5818 ſa
2501 5698 2686 5818 lame

540 5826 552 5941 à
672 5826 985 5941 Nombre
1069 5826 1105 5941 3.
1190 5826 1454 5941 contre
1515 5826 1563 5941 le
1695 5826 2008 5941 Nombre
2080 5826 2116 5941 8.
2201 5826 2261 5941 de
2321 5826 2369 5941 ſa
2441 5826 2682 5941 partie

542 5948 898 6064 adverſe,
969 5948 1290 6064 eſlevant
1337 5948 1397 6064 au
1504 5948 1765 6064 meſme
1812 5948 2097 6064 inſtant
2157 5948 2323 6064 auſſi
2382 5948 2430 6064 le
2513 5948 2679 6064 pied

567 6075 744 6196 droit
815 6075 886 6196 de
933 6075 1169 6196 terre;
1276 6075 1276 6196 &
1323 6075 1382 6196 le
1476 6075 1772 6196 menant
1854 6075 2102 6196 quand
2232 6075 2232 6196 &
2315 6075 2563 6196 quand
2634 6075 2681 6196 le

545 6200 725 6320 long
789 6200 841 6320 du
970 6200 1227 6320 Quarré
1265 6200 1523 6320 inſcrit
1574 6200 1639 6320 au
1729 6200 1896 6320 deça
1973 6200 2012 6320 du
2128 6200 2501 6320 Diametre
2552 6200 2694 6320 juſ-

557 6327 692 6447 qu’à
778 6327 1233 6447 my-chemin
1319 6327 1392 6447 de
1429 6327 1478 6447 la
1552 6327 1908 6447 Seconde
1957 6327 2350 6447 Inſtance,
2423 6327 2681 6447 faiſant

554 6451 1006 6573 cependant
1055 6451 1092 6573 la
1165 6451 1764 6573 deſgraduation
1850 6451 1911 6573 de
1960 6451 2229 6573 l’eſpee
2302 6451 2682 6573 contraire

539 6576 661 6700 par
722 6576 758 6700 la
843 6576 1293 6700 graduation
1402 6576 1463 6700 de
1524 6576 1572 6700 la
1645 6576 1900 6700 ſienne
1973 6576 2289 6700 propre,
2362 6576 2411 6700 en
2484 6576 2690 6700 ſorte

563 6706 693 6816 que
752 6706 847 6816 ſon
1000 6706 1307 6816 Nombre
1378 6706 1426 6816 8.
1485 6706 1532 6816 ſe
1603 6706 1792 6816 vient
1875 6706 2288 6816 aſſembler
2335 6706 2394 6816 au
2489 6706 2524 6816 4.
2607 6706 2666 6816 ou

545 6828 591 6946 5.
660 6828 764 6946 des
868 6828 1237 6946 Nombres
1306 6828 1767 6946 contraires,
1871 6828 1882 6946 &
1940 6828 2678 6946 conſequemment

540 6951 576 7070 il
625 6951 674 7070 en
747 6951 870 7070 fait
931 6951 1688 7070 l’aſſujettiſſement
1749 6951 1798 7070 en
1884 6951 1994 7070 ces
2067 6951 2372 7070 meſmes
2495 6951 2690 7070 Nom-

2837 4548 3058 4696 bres,
3132 4548 3305 4696 avec
3354 4548 3858 4696 plantement
3944 4548 3994 4696 du
4092 4548 4264 4696 pied
4338 4548 4523 4696 droit
4596 4548 4867 4696 eſlevé,
4929 4548 4978 4696 le

2839 4682 3110 4820 poſant
3183 4682 3232 4820 au
3319 4682 3589 4820 poin
3700 4682 3749 4820 G.
3810 4682 3810 4820 à
3884 4682 3921 4820 la
4020 4682 4376 4820 Seconde
4450 4682 4856 4820 Inſtance,
4979 4682 4979 4820 &

2835 4807 3361 4947 pourſuivant
3445 4807 4030 4947 circulairemẽt
4078 4807 4257 4947 avec
4317 4807 4365 4947 le
4425 4807 4592 4947 pied
4664 4807 4986 4947 gauche,

2846 4928 2859 5067 à
2934 4928 3235 5067 planter
3298 4928 3411 5067 ſur
3461 4928 3511 5067 le
3636 4928 3900 5067 Quarré
3988 4928 4489 5067 circonſcrit,
4540 4928 4640 5067 les
4715 4928 4979 5067 orteils

2859 5056 3185 5194 d’iceluy
3224 5056 3329 5194 ſur
3381 5056 3433 5194 le
3524 5056 3903 5194 Diametre
3981 5056 4359 5194 oblique;
4424 5056 4594 5194 ainſi
4672 5056 4829 5194 qu’il
4907 5056 4985 5194 eſt

2843 5181 3013 5321 plus
3066 5181 3550 5321 amplement
3616 5181 3930 5321 ſpecifié
3996 5181 4048 5321 au
4166 5181 4363 5321 Tabl.
4467 5181 4638 5321 VII.
4743 5181 4992 5321 Cercle

2892 5309 2944 5461 N.
2995 5309 3034 5461 1.
3150 5309 3150 5461 &
3214 5309 3382 5461 qu’il
3420 5309 3472 5461 ſe
3536 5309 3678 5461 voit
3729 5309 3845 5461 icy
3897 5309 4347 5461 repreſenté
4412 5309 4463 5461 en
4527 5309 4566 5461 la
4630 5309 4901 5461 figure.

3558 5464 3846 5636 Cercle
4133 5464 4421 5636 N.2.

2836 5678 2872 5811 Il
2932 5678 3123 5811 marche
3183 5678 3218 5811 de
3266 5678 3302 5811 la
3362 5678 3577 5811 Seconde
3625 5678 3852 5811 Inſtance
3923 5678 3935 5811 à
3995 5678 4031 5811 la
4102 5678 4413 5811 Troiſieme,
4532 5678 4532 5811 &
4580 5678 4580 5811 y
4652 5678 4879 5811 preſente
4939 5678 4974 5811 la

2955 5805 3143 5933 poincte
3214 5805 3237 5933 de
3285 5805 3320 5933 ſa
3379 5805 3508 5933 lame
3555 5805 3602 5933 au
3661 5805 3837 5933 viſage
3896 5805 3932 5933 de
3967 5805 4037 5933 ſon
4096 5805 4485 5933 Contraire.

3336 5950 3422 6084 Vis
3496 5950 3619 6084 que
3705 5950 3718 6084 Z
3779 5950 4161 6084 ACHARIE
4210 5950 4481 6084 attend
4530 5950 4567 6084 la
4628 5950 4985 6084 pourſui-

3295 6072 3353 6210 te
3445 6072 3503 6210 de
3549 6072 3596 6210 la
3665 6072 4162 6210 precedente
4243 6072 4705 6210 operation;
4797 6072 4982 6210 ALE-

3314 6195 3653 6325 XANDRE
3721 6195 4061 6325 s’avance
4152 6195 4322 6325 avec
4401 6195 4457 6325 le
4525 6195 4707 6325 pied
4775 6195 4967 6325 droit

3296 6319 3598 6454 ſuivant
3661 6319 3699 6454 la
3762 6319 3964 6454 trace
4027 6319 4077 6454 du
4228 6319 4480 6454 Quarré
4531 6319 4846 6454 inſcrit,
4972 6319 4984 6454 &

2840 6445 3219 6591 graduant
3267 6445 3314 6591 ſa
3362 6445 3563 6591 lame
3611 6445 3729 6591 par
3777 6445 3872 6591 les
3943 6445 4334 6591 moindres
4453 6445 4809 6591 Nombres
4892 6445 4963 6591 de

2822 6574 2855 6686 la
2911 6574 3102 6686 lame
3180 6574 3606 6686 contraire.
3741 6574 3909 6686 Dont
4021 6574 4021 6686 Z
4088 6574 4492 6686 ACHARIE
4570 6574 4974 6686 commen-

2838 6691 2896 6831 ce
2943 6691 3466 6831 incontinent
3513 6691 3525 6831 à
3594 6691 3641 6831 en
3711 6691 4188 6831 augmenter
4234 6691 4292 6831 le
4339 6691 4606 6831 poids,
4664 6691 4862 6831 pour
4909 6691 4955 6831 ſe

2843 6817 3261 6956 defendre.
3409 6817 3544 6956 Mais
3630 6817 3926 6956 comme
3987 6817 4159 6956 ainſi
4221 6817 4356 6956 ſoit
4442 6817 4971 6956 qu’ALEXAN.

2851 6942 2985 7089 DRE
3046 6942 3132 7089 ait
3217 6942 3485 7089 acquis
3559 6942 3705 7089 une
3766 6942 4242 7089 tresgrande
4303 6942 4779 7089 ſuperiorité
4852 6942 4962 7089 par

4714 7086 4752 7203 la
4828 7086 4967 7203 gra-
