5520 7640
586 555 637 683 la
713 555 1171 683 graduation
1260 555 1323 683 de
1387 555 1438 683 ſa
1501 555 1743 683 lame,
1806 555 1845 683 il
1921 555 1972 683 en
2073 555 2391 683 dompte
2455 555 2722 683 l’eſpee

602 683 1025 808 contraire,
1131 683 1131 808 &
1190 683 1542 808 pourſuit
1601 683 1695 808 ſon
1801 683 2201 808 eſtocade,
2283 683 2330 808 en
2424 683 2718 808 entrant

582 810 763 933 avec
835 810 896 933 le
980 810 1149 933 pied
1246 810 1427 933 droit
1487 810 1499 933 à
1559 810 1608 933 la
1716 810 2126 933 Troiſieme
2223 810 2573 933 Inſtance
2645 810 2694 933 au

584 932 859 1059 poin
959 932 996 1059 N.
1109 932 1109 1059 &
1171 932 1683 1059 pourſuivant
1733 932 1908 1059 avec
1983 932 2033 1059 le
2095 932 2270 1059 pied
2358 932 2632 1059 gauche
2707 932 2720 1059 à

591 1060 891 1177 planter
939 1060 951 1177 à
999 1060 1047 1177 la
1119 1060 1347 1177 lettre
1443 1060 1479 1177 X,
1599 1060 1599 1177 &
1659 1060 1659 1177 à
1744 1060 2008 1177 mettre
2080 1060 2716 1177 enſemblement

579 1179 627 1306 ſa
688 1179 957 1306 pointe
1042 1179 1091 1306 en
1176 1179 1591 1306 courtoiſie
1664 1179 1945 1306 devant
1994 1179 2043 1306 le
2104 1179 2335 1306 viſage
2409 1179 2470 1306 de
2518 1179 2714 1306 l’Ad-

586 1308 941 1436 verſaire;
1012 1308 1320 1436 comme
1367 1308 1462 1436 les
1509 1308 1805 1436 figures
1876 1308 2444 1436 demonſtrent.

1355 1459 1663 1623 Cercle
1972 1459 2126 1623 .3.

1059 1673 1561 1766 LEXANDRE
1639 1673 1951 1766 voulant
2007 1673 2341 1766 achever
2386 1673 2721 1766 l’attein-

1027 1801 1085 1917 te
1201 1801 1201 1917 &
1259 1801 1724 1917 l’execution
1817 1801 1875 1917 de
1921 1801 2374 1917 l’operation
2456 1801 2723 1917 prece-

1049 1918 1298 2048 dente,
1346 1918 1381 2048 il
1441 1918 1642 2048 entre
1702 1918 2128 2048 viſtement
2200 1918 2377 2048 avec
2437 1918 2484 2048 le
2543 1918 2721 2048 pied

1037 2045 1221 2164 droit
1295 2045 1528 2164 deſſus
1578 2045 1676 2164 ſon
1774 2045 2216 2164 Adverſaire
2278 2045 2388 2164 par
2450 2045 2499 2164 le
2560 2045 2708 2164 trac

587 2165 638 2297 du
766 2165 1022 2297 Quarré
1073 2165 1368 2297 inſcrit,
1406 2165 1457 2297 en
1547 2165 1905 2297 graduant
1956 2165 2059 2297 les
2110 2165 2378 2297 lames,
2481 2165 2481 2297 &
2532 2165 2711 2297 aſſe-

560 2294 739 2420 nant
787 2294 835 2420 ſa
894 2294 1157 2420 pointe
1228 2294 1276 2420 en
1348 2294 1694 2420 rigueur,
1777 2294 1837 2420 de
1908 2294 2099 2420 ſorte
2183 2294 2314 2420 que
2350 2294 2457 2420 les
2517 2294 2708 2420 deux

578 2419 838 2540 gardes
895 2419 1563 2540 s’entredonnent
1620 2419 1790 2540 avec
1846 2419 2084 2540 force,
2129 2419 2175 2540 en
2243 2419 2605 2540 plantant
2650 2419 2707 2540 le

562 2545 736 2666 pied
811 2545 1035 2666 eſlevé
1085 2545 1147 2666 au
1222 2545 1484 2666 poin
1546 2545 1596 2666 S,
1696 2545 1708 2666 &
1795 2545 2082 2666 menant
2132 2545 2232 2666 ſur
2281 2545 2331 2666 le
2394 2545 2718 2666 genouil

585 2668 899 2792 d’iceluy
949 2668 1087 2792 plié
1125 2668 1163 2792 la
1238 2668 1501 2792 charge
1577 2668 1639 2792 de
1690 2668 1790 2792 ſon
1878 2668 2091 2792 corps
2141 2668 2154 2792 à
2204 2668 2555 2792 pancher
2593 2668 2706 2792 ſur

553 2790 612 2912 le
694 2790 989 2912 devant,
1060 2790 1107 2912 en
1190 2790 1556 2912 pouſſant
1615 2790 1662 2912 ſa
1733 2790 1922 2912 lame
1993 2790 1993 2912 à
2075 2790 2370 2912 travers
2406 2790 2453 2912 la
2512 2790 2701 2912 teſte

581 2915 644 3044 de
694 2915 795 3044 ſon
920 2915 1359 3044 Contraire;
1422 2915 1610 3044 ſelon
1673 2915 1773 3044 les
1824 2915 2150 3044 figures.

1260 3448 1582 3607 Cercle
1818 3448 2098 3607 N.4.

570 3641 902 3780 Travaillant
986 3641 1223 3780 derechef
1283 3641 1401 3780 pour
1449 3641 1710 3780 effetuer
1782 3641 2102 3780 l’operation
2197 3641 2233 3780 du
2328 3641 2483 3780 Cercle
2578 3641 2613 3780 N.
2673 3641 2708 3780 2.

654 3777 957 3900 cependant
1002 3777 1126 3900 qu’il
1182 3777 1374 3900 marche
1452 3777 1621 3900 devers
1666 3777 1700 3900 la
1767 3777 2037 3900 Troiſieme
2082 3777 2352 3900 Inſtance;
2420 3777 2701 3900 l’Adver-

656 3909 781 4029 ſaire
826 3909 906 4029 luy
952 3909 1065 4029 pare
1111 3909 1145 4029 le
1190 3909 1338 4029 coup,
1384 3909 1418 4029 en
1475 3909 1862 4029 tranſportant
1907 3909 1975 4029 les
2009 3909 2180 4029 eſpees
2237 3909 2282 4029 en
2351 3909 2544 4029 dedans
2601 3909 2715 4029 avec

656 4031 802 4146 poids
859 4031 1163 4146 Tres-fort:
1241 4031 1343 4146 dont
1422 4031 1714 4146 Alexandre
1771 4031 1793 4146 le
1849 4031 1984 4146 bleſſe
2063 4031 2165 4146 d’un
2243 4031 2356 4146 coup
2435 4031 2469 4146 de
2525 4031 2705 4146 revers

664 4157 698 4277 au
775 4157 998 4277 derriere
1064 4157 1098 4277 de
1142 4157 1175 4277 la
1220 4157 1442 4277 teſte.

1046 4294 1169 4424 Eſte
1244 4294 1640 4424 operation
1727 4294 2086 4424 procede
2185 4294 2247 4424 de
2334 4294 2507 4424 celle
2594 4294 2705 4424 qui

1023 4422 1112 4548 eſt
1175 4422 1680 4548 repreſentée
1743 4422 1794 4548 au
1920 4422 2160 4548 Cercle
2261 4422 2299 4548 N.
2362 4422 2400 4548 1.
2476 4422 2539 4548 où
2653 4422 2716 4548 A-

1031 4544 1485 4666 LEXANDRE
1545 4544 1557 4666 à
1629 4544 1976 4666 aſſujetti
2035 4544 2298 4666 l’eſpee
2382 4544 2717 4666 contrai-

1012 4670 1071 4800 re
1118 4670 1130 4800 à
1177 4670 1224 4800 la
1295 4670 1649 4800 Seconde
1708 4670 2109 4800 Inſtance,
2168 4670 2215 4800 en
2286 4670 2676 4800 intention

561 4795 624 4919 de
712 4795 913 4919 venir
988 4795 1352 4919 derechef
1415 4795 1415 4919 à
1490 4795 1942 4919 l’operation
2055 4795 2105 4919 du
2218 4795 2457 4919 Cercle
2570 4795 2608 4919 N.
2658 4795 2696 4919 2.

593 4921 773 5045 Dont
858 4921 1243 5045 marchant
1315 4921 1483 5045 avec
1555 4921 1604 5045 le
1676 4921 1844 5045 pied
1904 4921 2097 5045 droit
2181 4921 2337 5045 vers
2374 4921 2422 5045 la
2506 4921 2710 5045 Troi-

554 5044 773 5172 ſieme
846 5044 1271 5172 Inſtance,
1332 5044 1369 5172 il
1429 5044 1490 5172 va
1587 5044 1964 5172 graduant
2037 5044 2074 5172 ſa
2134 5044 2329 5172 lame
2402 5044 2584 5172 avec
2645 5044 2705 5172 le

561 5171 721 5294 bras
771 5171 981 5294 roide
1105 5171 1105 5294 &
1179 5171 1476 5294 eſtendu
1562 5171 1674 5294 par
1735 5171 1785 5294 le
1896 5171 2218 5294 Nombre
2279 5171 2316 5294 5.
2391 5171 2452 5294 de
2502 5171 2539 5294 la
2613 5171 2700 5294 la-

579 5298 661 5424 me
742 5298 1161 5424 contraire,
1207 5298 1300 5424 ſur
1358 5298 1614 5424 lequel
1661 5298 1695 5424 il
1742 5298 1788 5424 la
1858 5298 2114 5424 tenoit
2184 5298 2556 5424 paravant
2614 5298 2695 5424 aſ-

546 5419 890 5544 ſujettie.
1025 5419 1074 5544 Et
1148 5419 1492 5544 combien
1590 5419 1713 5544 que
1824 5419 1836 5544 Z
1897 5419 2303 5544 ACHARIE
2376 5419 2634 5544 taſche
2683 5419 2696 5544 à

562 5544 763 5667 parer
834 5544 881 5667 le
964 5544 1153 5667 coup
1212 5544 1259 5667 en
1330 5544 1862 5667 augmentant
1909 5544 1956 5667 le
2015 5544 2287 5667 poids:
2381 5544 2700 5667 Toutes-

556 5670 699 5791 fois
770 5670 1317 5791 ALEXANDRE
1401 5670 1508 5791 qui
1579 5670 1579 5791 a
1650 5670 1924 5791 autant
1995 5670 2055 5791 de
2102 5670 2614 5791 ſuperiorité,
2650 5670 2697 5791 le

577 5796 912 5919 dompte,
969 5796 1027 5919 de
1085 5796 1281 5919 ſorte
1350 5796 1477 5919 que
1524 5796 1616 5919 les
1662 5796 1904 5919 lames
1951 5796 2031 5919 ne
2089 5796 2436 5919 peuvent
2516 5796 2701 5919 mon-

555 5923 681 6042 ter,
761 5923 1150 6042 tournant
1218 5923 1252 6042 ſa
1332 5923 1595 6042 pointe
1675 5923 1733 6042 un
1824 5923 1950 6042 peu
2053 5923 2693 6042 circulairement

574 6041 1081 6151 deſcẽdante,
1143 6041 1414 6151 devers
1452 6041 1513 6151 le
1575 6041 1761 6151 coſté
1835 6041 2020 6151 droit
2082 6041 2144 6151 du
2230 6041 2329 6151 col
2391 6041 2453 6151 de
2502 6041 2712 6151 l’Ad-

558 6168 912 6294 verſaire,
985 6168 1241 6294 durant
1315 6168 1449 6294 que
1498 6168 1559 6294 le
1620 6168 1791 6294 pied
1876 6168 2059 6294 droit
2108 6168 2108 6294 à
2169 6168 2474 6294 preſent
2535 6168 2694 6294 eſle-

558 6292 619 6417 vé
680 6292 728 6417 ſe
789 6292 850 6417 va
899 6292 1202 6417 planter
1251 6292 1263 6417 à
1312 6292 1348 6417 la
1421 6292 1834 6417 Troiſieme
1895 6292 2247 6417 Inſtance
2308 6292 2356 6417 au
2429 6292 2696 6417 poin

613 6418 650 6541 N.
701 6418 876 6541 avec
926 6418 1340 6541 pourſuite
1402 6418 1803 6541 circulaire
1879 6418 1929 6541 du
2004 6418 2167 6541 pied
2230 6418 2568 6541 gauche.
2656 6418 2693 6541 Et

566 6542 674 6660 par
734 6542 901 6660 ainſi
1009 6542 1463 6660 ZACHARIE
1535 6542 1619 6660 eſt
1703 6542 2085 6660 contraint
2181 6542 2241 6660 de
2313 6542 2696 6660 travailler

557 6664 738 6794 avec
786 6664 846 6794 un
942 6664 1159 6794 poids
1244 6664 1654 6794 Tres-fort,
1702 6664 1895 6794 pour
1955 6664 2256 6794 hauſſer
2317 6664 2413 6794 les
2461 6664 2702 6794 lames

625 6791 625 6919 &
675 6791 774 6919 les
823 6791 1306 6919 tranſporter
1368 6791 1418 6919 en
1505 6791 1827 6919 dedans.
1901 6791 1963 6919 Ce
2037 6791 2136 6919 qui
2198 6791 2693 6919 n’empeſche

568 6915 676 7040 pas
760 6915 1289 7040 ALEXANDRE
1349 6915 1409 7040 de
1469 6915 1674 7040 tenir,
1734 6915 1999 7040 durant
2035 6915 2227 7040 ledit
2275 6915 2708 7040 tranſport,

556 7037 660 7166 les
730 7037 984 7166 eſpees
1054 7037 1575 7166 accouplées,
1644 7037 1690 7166 en
1771 7037 2130 7166 retenant
2188 7037 2234 7166 la
2315 7037 2697 7166 contraire

2894 522 3070 659 avec
3133 522 3171 659 la
3246 522 3498 659 ſienne
3574 522 3700 659 par
3776 522 4128 659 deſſous,
4191 522 4469 659 juſqu’à
4544 522 4708 659 tant
4784 522 5036 659 qu’elle

2884 647 3011 776 ſoit
3075 647 3329 776 venue
3380 647 3571 776 aſſez
3622 647 3877 776 baſſe;
3940 647 4246 776 auquel
4284 647 4576 776 inſtant
4640 647 4678 776 il
4729 647 4780 776 la
4844 647 5035 776 laiſſe

2895 770 3131 891 enfuir
3250 770 3250 891 &
3297 770 3451 891 tres
3487 770 3818 891 bucher,
3866 770 3913 891 en
4020 770 4304 891 menant
4351 770 4399 891 la
4458 770 4718 891 ſienne
4778 770 4849 891 de
4908 770 5038 891 deſ-

2884 901 3060 1039 ſous
3097 901 3373 1039 l’autre
3423 901 3536 1039 par
3611 901 3849 1039 deſſus
3899 901 3937 1039 ſa
3999 901 4187 1039 teſte
4262 901 4300 1039 en
4388 901 4601 1039 haut,
4688 901 4688 1039 &
4764 901 4814 1039 en
4876 901 5052 1039 aſſe-

2882 1029 3050 1169 nant
3128 1029 3785 1169 diagonalement
3852 1029 3919 1169 un
4020 1029 4209 1169 coup
4298 1029 4365 1169 de
4432 1029 4688 1169 revers
4744 1029 4923 1169 avec
4989 1029 5034 1169 le

2876 1152 3047 1296 bras
3108 1152 3402 1296 eſtendu
3488 1152 3536 1296 au
3647 1152 3977 1296 derriere
4063 1152 4124 1296 de
4173 1152 4210 1296 la
4283 1152 4479 1296 teſte
4552 1152 4613 1296 de
4662 1152 4760 1296 ſon
4870 1152 5042 1296 Con-

2875 1280 3133 1416 traire,
3182 1280 3539 1416 plantant
3600 1280 4055 1416 egalement
4104 1280 4153 1416 le
4202 1280 4387 1416 pied
4448 1280 4743 1416 gauche
4805 1280 5038 1416 eſlevé

2877 1408 2983 1543 ſur
3022 1408 3075 1543 le
3194 1408 3444 1543 Quarré
3510 1408 3906 1543 circõſcrit
3958 1408 4024 1543 au
4090 1408 4367 1543 poin
4486 1408 4525 1543 V,
4618 1408 4631 1543 &
4684 1408 4789 1543 ſur
4829 1408 4881 1543 le
4947 1408 5053 1543 ge-

2880 1535 3086 1664 nouil
3147 1535 3474 1664 d’iceluy
3559 1535 3849 1664 menant
3898 1535 3934 1664 la
4007 1535 4286 1664 charge
4358 1535 4407 1664 du
4492 1535 4746 1664 corps,
4795 1535 4795 1664 à
4867 1535 5037 1664 pan-

2888 1660 3056 1793 cher
3104 1660 3201 1793 ſur
3249 1660 3309 1793 le
3369 1660 3682 1793 devant;
3742 1660 4055 1793 comme
4103 1660 4139 1793 il
4176 1660 4236 1793 ſe
4296 1660 4452 1793 voit
4513 1660 4561 1793 en
4621 1660 4669 1793 la
4729 1660 5006 1793 figure.

3034 1783 3094 1917 Ce
3167 1783 3350 1917 coup
3422 1783 3483 1917 de
3544 1783 3799 1917 revers
3872 1783 3957 1917 eſt
4006 1783 4127 1917 icy
4176 1783 4649 1917 repreſenté
4698 1783 4698 1917 à
4771 1783 5050 1917 execu-

2873 1911 2985 2046 ter
3041 1911 3097 2046 en
3164 1911 3511 2046 rigueur:
3612 1911 3769 2046 mais
3836 1911 4083 2046 quand
4150 1911 4206 2046 on
4285 1911 4632 2046 s’exerce
4699 1911 4744 2046 en
4834 1911 5047 2046 cour-

2870 2036 3122 2171 toiſie,
3170 2036 3230 2171 on
3314 2036 3350 2171 en
3434 2036 3710 2171 arreſte
3759 2036 3795 2171 la
3867 2036 4131 2171 courſe
4179 2036 4239 2171 un
4323 2036 4443 2171 peu
4515 2036 4575 2171 au
4660 2036 4912 2171 deſſus
4972 2036 5032 2171 de

2863 2156 2910 2296 la
2969 2156 3157 2296 teſte
3227 2156 3603 2296 contraire
3662 2156 3815 2296 ſans
3862 2156 3897 2296 la
3967 2156 4355 2296 toucher;
4437 2156 4484 2296 en
4555 2156 4755 2296 ſorte
4825 2156 5013 2296 qu’on

2865 2286 2948 2417 ne
3008 2286 3187 2417 peut
3234 2286 3437 2417 alors
3484 2286 3877 2417 travailler
3925 2286 4116 2417 avec
4163 2286 4330 2417 tant
4402 2286 4461 2417 de
4533 2286 4866 2417 viſteſſe:
4938 2286 5045 2417 dõt

2870 2413 3177 2549 s’enſuit
3228 2413 3433 2549 auſſi,
3497 2413 3626 2549 que
3677 2413 3728 2549 le
3792 2413 3984 2549 coup
4036 2413 4112 2549 ne
4164 2413 4394 2549 ſeroit
4458 2413 4574 2549 pas
4638 2413 4676 2549 ſi
4753 2413 5048 2549 difficile

2859 2534 2870 2664 à
2929 2534 3138 2664 parer
3231 2534 3278 2664 en
3383 2534 3441 2664 ce
3511 2534 3592 2664 dit
3662 2534 3802 2664 cas,
3871 2534 4174 2664 comme
4232 2534 4267 2664 il
4314 2534 4570 2664 auroit
4628 2534 4768 2664 eſté
4838 2534 4884 2664 en
4977 2534 5047 2664 ti-

2861 2672 3017 2793 rant
3077 2672 3089 2793 à
3138 2672 3318 2793 bon.
3439 2672 3499 2793 Or
3535 2672 3583 2793 la
3667 2672 3992 2793 maniere
4065 2672 4125 2793 de
4173 2672 4221 2793 le
4281 2672 4534 2793 parer,
4582 2672 4619 2793 là
4691 2672 4920 2793 voicy
4968 2672 5028 2793 au

2901 2794 3151 2922 Cercle
3201 2794 3563 2922 prochain
3651 2794 4088 2922 enſuivant.

3618 2943 3946 3111 Cercle
4156 2943 4437 3111 N.5.

2892 3161 3148 3286 Zacharie
3194 3161 3392 3286 parant
3439 3161 3462 3286 le
3509 3161 3800 3286 precedent
3847 3161 3963 3286 coup
4033 3161 4068 3286 de
4103 3161 4312 3286 revers,
4359 3161 4394 3286 en
4452 3161 4708 3286 hauſſant
4767 3161 4790 3286 le
4837 3161 4941 3286 bras
5035 3161 5035 3286 

2981 3285 3209 3407 l’eſpee;
3281 3285 3329 3407 au
3402 3285 3558 3407 meſme
3606 3285 3774 3407 temps
3883 3285 4183 3407 Alexandre
4244 3285 4448 3407 deſcend
4496 3285 4520 3407 ſa
4580 3285 4821 3407 pointe,
4941 3285 4941 3407 &
5013 3285 5037 3407 la

2979 3417 3047 3536 luy
3127 3417 3206 3536 met
3263 3417 3444 3536 devant
3489 3417 3523 3536 le
3569 3417 3864 3536 vſage.

3370 3536 3382 3673 A
3451 3536 3772 3673 CHARIE
3852 3536 4036 3673 donc
4093 3536 4391 3673 voyant
4483 3536 4862 3673 derechef
4942 3536 5045 3673 ve-

3333 3664 3435 3794 nir
3503 3664 3549 3794 le
3651 3664 3912 3794 meſme
3991 3664 4173 3794 coup
4286 3664 4354 3794 de
4422 3664 4683 3794 revers
4774 3664 5035 3794 devers

3336 3795 3373 3916 ſa
3434 3795 3668 3916 teſte,
3730 3795 3902 3916 ainſi
3976 3795 4173 3916 qu’en
4234 3795 4702 3916 l’operation
4776 3795 5047 3916 prece-

3356 3919 3630 4041 dente;
3702 3919 3737 4041 il
3797 3919 3928 4041 fait
3988 3919 4059 4041 un
4166 3919 4393 4041 grand
4452 3919 4571 4041 pas
4655 3919 4691 4041 en
4774 3919 5036 4041 arriere

2866 4044 3051 4168 avec
3113 4044 3162 4168 le
3237 4044 3409 4168 pied
3496 4044 3817 4168 gauche,
3891 4044 4249 4168 hauſſant
4323 4044 4940 4168 tresviſtement
5002 4044 5039 4168 le

2873 4171 3031 4284 bras
3092 4171 3274 4284 avec
3335 4171 3615 4284 l’eſpee
3676 4171 3798 4284 par
3883 4171 4126 4284 deſſus
4187 4171 4236 4284 le
4321 4171 4516 4284 coſté
4613 4171 4796 4284 droit
4857 4171 4918 4284 de
4991 4171 5027 4284 ſa

2860 4287 3087 4416 teſte,
3135 4287 3326 4416 pour
3374 4287 3410 4416 la
3493 4287 3708 4416 parer
3780 4287 3995 4416 devãt
4042 4287 4102 4416 le
4162 4287 4353 4416 coup
4425 4287 4532 4416 qui
4580 4287 4628 4416 le
4711 4287 5046 4416 menace.

2911 4414 2960 4549 Ce
3008 4414 3370 4549 pendant
3455 4414 3998 4549 ALEXANDRE
4059 4414 4107 4549 ſe
4167 4414 4457 4549 tourne
4505 4414 4554 4549 le
4626 4414 4819 4549 coſté
4892 4414 5049 4549 gau-

2871 4537 3000 4649 che
3071 4537 3118 4649 en
3200 4537 3517 4649 dedans,
3634 4537 3634 4649 &
3681 4537 3740 4649 le
3811 4537 3999 4649 droit
4057 4537 4104 4649 en
4198 4537 4527 4649 dehors,
4598 4537 4926 4649 retirant
4985 4537 5032 4649 le

2858 4665 3032 4798 bras
3090 4665 3136 4798 en
3217 4665 3518 4798 arriere,
3610 4665 3622 4798 &
3668 4665 3795 4798 par
3853 4665 4038 4798 ceſte
4107 4665 4304 4798 voye
4385 4665 4686 4798 menant
4732 4665 4778 4798 ſa
4836 4665 5044 4798 poin-

2857 4792 2916 4913 te
2963 4792 2974 4913 à
3045 4792 3256 4913 demy
3326 4792 3982 4913 circulairement
4052 4792 4123 4913 de
4170 4792 4357 4913 haut
4427 4792 4474 4913 en
4545 4792 4662 4913 bas
4732 4792 5025 4913 deſſous

2854 4916 2890 5043 la
2950 4916 3142 5043 lame
3213 4916 3632 5043 contraire;
3776 4916 3788 5043 &
3836 4916 3871 5043 la
3931 4916 4051 5043 luy
4123 4916 4458 5043 dreſſant
4542 4916 4589 5043 en
4709 4916 5044 5043 courtoi-

2854 5040 2937 5166 ſie
3008 5040 3282 5166 devant
3329 5040 3388 5166 le
3448 5040 3685 5166 viſage
3745 5040 3935 5166 avec
3982 5040 4030 5166 le
4089 5040 4256 5166 bras
4327 5040 4671 5166 courbe,
4802 5040 4802 5166 &
4849 5040 5028 5166 avec

2853 5174 3005 5294 une
3051 5174 3296 5294 petite
3366 5174 3693 5294 entrade
3763 5174 3868 5294 des
3938 5174 4136 5294 deux
4195 5174 4451 5294 pieds,
4510 5174 4825 5294 comme
4871 5174 5035 5294 auſſi

2854 5297 3042 5450 avec
3077 5297 3135 5450 le
3194 5297 3417 5450 corps
3463 5297 3768 5450 panché
3815 5297 3885 5450 un
3956 5297 4073 5450 peu
4166 5297 4213 5450 en
4307 5297 4623 5450 devant;
4670 5297 4834 5450 ainſi
4893 5297 5022 5450 que

2857 5416 2895 5545 la
2946 5416 3200 5545 figure
3251 5416 3302 5545 le
3353 5416 3848 5545 repreſente.

3586 5567 3921 5740 Cercle
4234 5567 4413 5740 .6.

2893 5784 3142 5917 Zacharie
3190 5784 3380 5917 parant
3427 5784 3463 5917 la
3523 5784 3748 5917 derniere
3796 5784 4046 5917 eſtocade,
4081 5784 4164 5917 qui
4200 5784 4271 5917 luy
4319 5784 4462 5917 eſtoit
4521 5784 4699 5917 dreßée
4747 5784 4794 5917 au
4842 5784 5032 5917 viſage,

2984 5912 3017 6036 en
3081 5912 3394 6036 deſcendant
3437 5912 3707 6036 viſtement
3750 5912 3783 6036 le
3826 5912 3944 6036 bras
3988 5912 4106 6036 avec
4149 5912 4354 6036 l’eſpee;
4462 5912 4753 6036 Alexandre
4797 5912 4926 6036 entre
4980 5912 5012 6036 au

2996 6042 3154 6170 meſme
3196 6042 3365 6170 temps
3417 6042 3533 6170 avec
3575 6042 3638 6170 les
3691 6042 3817 6170 deux
3859 6042 4007 6170 pieds
4059 6042 4102 6170 un
4154 6042 4238 6170 pas
4291 6042 4502 6170 avant,
4575 6042 4775 6170 jettant
4839 6042 4870 6170 le
4923 6042 4996 6170 bra

2984 6167 3104 6300 avec
3152 6167 3332 6300 l’eſpee
3380 6167 3416 6300 en
3475 6167 3703 6300 arriere,
3763 6167 3799 6300 de
3859 6167 4038 6300 deſſous
4098 6167 4290 6300 l’eſpee
4338 6167 4613 6300 contraire
4661 6167 4697 6300 au
4769 6167 4937 6300 deſſus.

3342 6311 3367 6449 A
3441 6311 3761 6449 CHARIE
3835 6311 4452 6449 recognoiſſant
4489 6311 4551 6449 le
4625 6311 4896 6449 danger
4957 6311 5019 6449 de

3314 6433 3747 6577 l’eſtocade
3797 6433 4344 6577 precedente,
4421 6433 4701 6577 (quoy
4777 6433 5019 6577 qu’elle

3314 6560 3399 6699 ait
3459 6560 3592 6699 eſté
3652 6560 4015 6699 retenuë,
4063 6560 4220 6699 ſans
4269 6560 4401 6699 luy
4450 6560 4800 6699 toucher
4836 6560 4897 6699 le
4945 6560 5030 6699 vi-

3315 6690 3520 6807 ſage)
3583 6690 3609 6807 il
3686 6690 3954 6807 abaiſſe
4030 6690 4171 6807 fort
4247 6690 4668 6807 viſtement
4732 6690 4783 6807 le
4860 6690 5013 6807 bras

2858 6814 3035 6955 avec
3082 6814 3365 6955 l’eſpee
3448 6814 3507 6955 de
3577 6814 3754 6955 haut
3836 6814 3884 6955 en
3978 6814 4096 6955 bas
4166 6814 4437 6955 devers
4496 6814 4779 6955 l’eſpee
4862 6814 5027 6955 con-

2860 6939 3085 7081 traire
3156 6939 3345 7081 pour
3404 6939 3440 7081 la
3523 6939 4020 7081 deſtourner.
4162 6939 4209 7081 Et
4256 6939 4446 7081 pour
4517 6939 4576 7081 ce
4647 6939 5014 7081 prevenir

2894 7064 3476 7209 ALEXANDRE
3547 7064 3737 7209 jette
3809 7064 3868 7209 au
3975 7064 4236 7209 meſme
4296 7064 4593 7209 temps,
4652 7064 4700 7209 en
4783 7064 5009 7209 eſten-

4862 7214 5010 7300 dant
