5520 7640
3570 1316 3881 1488 Cercle
4125 1316 4414 1488 N.10.

2894 1524 3041 1656 Apres
3090 1524 3628 1656 l’aſſujettiſſement
3689 1524 3714 1656 de
3763 1524 3983 1656 l’eſpee,
4019 1524 4203 1656 comme
4288 1524 4582 1656 Alexandre
4631 1524 4655 1656 ſe
4704 1524 4826 1656 veut
4888 1524 4998 1656 met-

2971 1657 3046 1780 tre
3089 1657 3122 1780 en
3197 1657 3358 1780 devoir
3412 1657 3444 1780 de
3487 1657 3798 1780 commencer
3852 1657 4164 1780 l’operation
4239 1657 4271 1780 du
4336 1657 4497 1780 Cercle
4593 1657 4626 1780 N.
4669 1657 4712 1780 2.
4787 1657 4991 1780 Zacha-

2975 1784 3041 1911 rie
3085 1784 3284 1911 eſcarte
3329 1784 3362 1911 ſa
3417 1784 3539 1911 lame
3583 1784 3616 1911 en
3693 1784 3903 1911 debors,
3970 1784 4003 1911 la
4069 1784 4279 1911 mettant
4346 1784 4390 1911 au
4467 1784 4611 1911 deſſus
4677 1784 4710 1911 de
4766 1784 4799 1911 la
4854 1784 4987 1911 ligne

2998 1908 3126 2029 SN.
3195 1908 3288 2029 dont
3381 1908 3706 2029 Alexandre,
3753 1908 3799 2029 au
3857 1908 3939 2029 lieu
3997 1908 4032 2029 de
4078 1908 4392 2029 pourſuivre
4427 1908 4740 2029 l’eſtocade,
4787 1908 4822 2029 ſe
4880 1908 4984 2029 con-

2974 2035 3106 2154 tente
3173 2035 3482 2154 d’amender
3515 2035 3847 2154 ſimplement
3880 2035 3947 2154 ſon
4002 2035 4345 2154 approche.

3376 2158 3770 2279 Operation
3868 2158 3930 2279 de
4016 2158 4077 2279 ce
4188 2158 4422 2279 Cercle
4496 2158 4803 2279 preſent
4901 2158 5000 2279 de-

3311 2282 3512 2403 pend
3587 2282 3637 2403 du
3737 2282 3988 2403 Cercle
4089 2282 4139 2403 N.
4189 2282 4226 2403 1.
4314 2282 4352 2403 où
4452 2282 5004 2403 ALEXANDRE

3310 2403 3322 2526 a
3385 2403 3735 2526 aſſujetti
3785 2403 4059 2526 l’eſpee
4122 2403 4509 2526 contraire
4559 2403 4571 2526 à
4609 2403 4659 2526 la
4734 2403 5008 2526 Secon-

3320 2529 3382 2634 de
3445 2529 3870 2634 Inſtance;
3995 2529 3995 2634 &
4057 2529 4107 2634 en
4182 2529 4370 2634 ſuite
4420 2529 4457 2634 il
4507 2529 4507 2634 a
4570 2529 4795 2634 bleſſé
4845 2529 5008 2634 ſou-

2868 2651 2956 2774 dit
3045 2651 3436 2774 Contraire
3511 2651 3650 2774 d’un
3738 2651 3915 2774 coup
4003 2651 4445 2774 d’eſtocade
4508 2651 4508 2774 à
4558 2651 4609 2774 la
4697 2651 5000 2774 Troiſie-

2885 2777 3014 2901 me;
3091 2777 3258 2901 ainſi
3335 2777 3489 2901 qu’il
3553 2777 3630 2901 eſt
3681 2777 4144 2901 repreſenté
4208 2777 4311 2901 ſur
4362 2777 4413 2901 le
4503 2777 4747 2901 Cercle
4850 2777 4901 2901 N.
4953 2777 5004 2901 2.

2915 2901 3371 3026 Maintenant
3443 2901 3623 3026 donc
3683 2901 3863 3026 pour
3923 2901 4283 3026 prevenir
4343 2901 4535 3026 ceſte
4595 2901 4991 3026 eſtocade,

2850 3026 2863 3150 à
2913 3026 3239 3150 l’inſtant
3302 3026 3465 3150 qu’il
3528 3026 3766 3150 arrive
3842 3026 4017 3150 avec
4080 3026 4180 3150 les
4243 3026 4456 3150 pieds
4507 3026 4507 3150 à
4569 3026 4795 3150 ladite
4883 3026 4996 3150 Se-

2868 3153 3106 3254 conde
3166 3153 3558 3254 Inſtance,
3666 3153 4106 3254 ZACHARIE
4177 3153 4523 3254 s’eſcarte
4582 3153 4630 3254 le
4713 3153 4868 3254 bras
4999 3153 5011 3254 &

2857 3273 3122 3404 l’eſpee
3210 3273 3260 3404 en
3349 3273 3626 3404 dehors
3676 3273 3689 3404 à
3777 3273 3928 3404 main
4029 3273 4268 3404 droite
4344 3273 4583 3404 deſſus
4633 3273 4684 3404 le
4797 3273 4999 3404 Quar-

2860 3401 2924 3525 ré
2963 3401 3272 3525 inſcrit,
3311 3401 3517 3525 ligne
3581 3401 3594 3525 S
3723 3401 3761 3525 N.
3851 3401 3903 3525 Et
3967 3401 4006 3525 en
4096 3401 4161 3525 ce
4225 3401 4482 3525 faiſant
4547 3401 4585 3525 il
4650 3401 5010 3525 previent

2850 3525 3389 3651 l’Adverſaire
3475 3525 3536 3651 de
3597 3525 3671 3651 ne
3732 3525 3781 3651 le
3854 3525 4185 3651 pouvoir
4246 3525 4516 3651 bleſſer
4565 3525 4626 3651 au
4687 3525 4871 3651 long
4932 3525 4994 3651 de

2856 3648 2892 3746 ſa
2953 3648 3134 3746 lame
3194 3648 3243 3746 en
3315 3648 3533 3746 allant
3593 3648 3654 3746 de
3702 3648 3738 3746 la
3823 3648 4174 3746 Seconde
4234 3648 4585 3746 Inſtance
4633 3648 4633 3746 à
4681 3648 4730 3746 la
4814 3648 5008 3746 Troi-

2855 3775 3121 3897 ſieme;
3221 3775 3754 3897 ALEXANDRE
3831 3775 4142 3897 voulant
4209 3775 4719 3897 neantmoins
4775 3775 5008 3897 pour-

2857 3895 3095 4007 ſuivre
3166 3895 3262 4007 ſon
3357 3895 3762 4007 eſtocade,
3821 3895 4071 4007 prend
4131 3895 4166 4007 là
4250 3895 4488 4007 deſſus
4547 3895 4607 4007 un
4702 3895 4999 4007 nouvel

2859 4017 3339 4148 advantage,
3400 4017 3448 4148 en
3508 4017 3736 4148 allant
3784 4017 3965 4148 avec
4013 4017 4061 4148 le
4109 4017 4289 4148 pied
4361 4017 4542 4148 droit
4590 4017 4638 4148 le
4686 4017 4866 4148 long
4926 4017 4974 4148 du

2921 4134 3168 4259 Quarré
3220 4134 3480 4259 inſcrit
3519 4134 3791 4259 juſqu’à
3882 4134 4233 4259 my-voye
4324 4134 4389 4259 de
4454 4134 4493 4259 la
4597 4134 4999 4259 Troiſieme

2869 4262 3254 4392 Inſtance,
3339 4262 3351 4392 &
3399 4262 3917 4392 pourſuivant
3965 4262 4146 4392 avec
4182 4262 4242 4392 le
4302 4262 4615 4392 gauche,
4651 4262 4663 4392 à
4712 4262 5013 4392 planter

2860 4387 3167 4507 parallel
3218 4387 3218 4507 à
3294 4387 3562 4507 l’autre
3626 4387 3728 4507 ſur
3779 4387 3830 4507 le
3958 4387 4213 4507 Quarré
4289 4387 4774 4507 circonſcrit;
4851 4387 5017 4507 ainſi

2890 4510 3044 4631 qu’il
3083 4510 3134 4631 ſe
3198 4510 3352 4631 voit
3403 4510 3455 4631 en
3519 4510 3557 4631 la
3621 4510 3903 4631 figure.

3607 4652 3930 4822 Cercle
4160 4652 4414 4822 N.1.

2858 4867 2893 5002 Il
2927 4867 3169 5002 pourſuit
3203 4867 3261 5002 ſon
3318 4867 3583 5002 eſtocade,
3640 4867 3675 5002 en
3744 4867 4020 5002 marchant
4066 4867 4170 5002 avec
4216 4867 4250 5002 le
4285 4867 4411 5002 pied
4457 4867 4572 5002 droit
4618 4867 4664 5002 un
4722 4867 4894 5002 grand
4929 4867 5009 5002 pas

2980 4997 3013 5120 en
3079 4997 3233 5120 avant
3277 4997 3321 5120 un
3387 4997 3463 5120 peu
3518 4997 3551 5120 en
3617 4997 3782 5120 debors
3826 4997 3859 5120 le
3914 4997 4100 5120 Cercle,
4155 4997 4397 5120 enſemble
4452 4997 4715 5120 graduant
4814 4997 4814 5120 &
4880 4997 5001 5120 dreſ-

2983 5121 3095 5243 ſant
3129 5121 3174 5243 ſa
3219 5121 3399 5243 poinle
3467 5121 3635 5243 devers
3669 5121 3703 5243 le
3748 5121 3815 5243 col
3871 5121 3894 5243 de
3939 5121 3984 5243 ſa
4051 5121 4220 5243 Partie
4265 5121 4479 5243 adverſe
4524 5121 4636 5243 avec
4681 5121 4704 5243 le
4749 5121 4861 5243 bras
4906 5121 4996 5243 roi-

2993 5244 3108 5374 de.
3199 5244 3382 5374 Lequel
3416 5244 3531 5374 coup
3576 5244 3645 5374 luy
3691 5244 3851 5374 eſtant
3896 5244 4011 5374 paré
4068 5244 4102 5374 en
4182 5244 4365 5374 dedans
4433 5244 4536 5374 avec
4582 5244 4730 5374 poids
4788 5244 5005 5374 Violent;

2971 5370 3004 5507 il
3038 5370 3171 5507 entre
3227 5370 3649 5507 tres-viſtement
3694 5370 3772 5507 ſur
3816 5370 3872 5507 ſon
3938 5370 4239 5507 Contraire,
4294 5370 4339 5507 en
4383 5370 4461 5507 luy
4494 5370 4717 5507 ſautant
4783 5370 4995 5507 derriere

2974 5498 3008 5620 le
3064 5498 3154 5620 dos,
3200 5498 3312 5620 avec
3358 5498 3403 5620 un
3459 5498 3572 5620 coup
3628 5498 3662 5620 de
3707 5498 3888 5620 revers
3933 5498 3978 5620 au
4035 5498 4148 5620 coſté
4204 5498 4396 5620 gauche
4464 5498 4486 5620 de
4543 5498 4576 5620 ſa
4633 5498 4847 5620 teſte.

3359 5618 3497 5747 Eſte
3572 5618 3959 5747 operation
4046 5618 4133 5747 eſt
4208 5618 4246 5747 la
4321 5618 4720 5747 pourſuite
4807 5618 4870 5747 de
4945 5618 4982 5747 la

3318 5744 3890 5863 precedente,
3979 5744 4035 5863 où
4148 5744 4720 5863 ALEXANDRE
4787 5744 4989 5863 avoit

3323 5867 3664 5987 amendé
3723 5867 3770 5987 ſa
3840 5867 4264 5987 ſituation;
4405 5867 4405 5987 &
4487 5867 5004 5987 conſequem-

3358 5991 3534 6112 ment
3604 5991 3640 6112 il
3710 5991 3862 6112 s’eſt
3933 5991 4214 6112 avancé
4296 5991 4331 6112 en
4437 5991 4812 6112 graduant
4870 5991 4976 6112 ſon

2874 6114 3137 6240 eſpee,
3256 6114 3256 6240 &
3328 6114 3638 6240 entrant
3698 6114 3865 6240 avec
3937 6114 3985 6240 le
4032 6114 4211 6240 pied
4283 6114 4474 6240 droit
4534 6114 4605 6240 un
4677 6114 4797 6240 bon
4880 6114 4988 6240 pas

2865 6240 3025 6364 plus
3098 6240 3369 6364 outre,
3430 6240 3492 6364 un
3590 6240 3701 6364 peu
3799 6240 4069 6364 dehors
4106 6240 4168 6364 le
4254 6240 4500 6364 Cercle
4561 6240 4573 6364 à
4623 6240 4991 6364 l’endroit

2890 6359 2939 6491 du
3037 6359 3220 6491 mitan
3305 6359 3367 6491 de
3415 6359 3464 6491 la
3513 6359 3721 6491 ligne
3819 6359 3831 6491 O
3916 6359 3965 6491 Z.
4026 6359 4393 6491 abaiſſant
4442 6359 4992 6491 aucunement

2864 6488 2964 6614 les
3014 6488 3302 6614 eſpees,
3414 6488 3414 6614 &
3502 6488 3827 6614 dreſſant
3889 6488 4014 6614 d’un
4102 6488 4264 6614 bras
4314 6488 4527 6614 roide
4577 6488 4614 6614 ſa
4677 6488 4989 6614 poine

2871 6611 3513 6714 circulairement
3571 6611 3723 6714 vers
3769 6611 3828 6714 le
3886 6611 4014 6714 bas
4072 6611 4131 6714 du
4224 6611 4329 6714 col
4387 6611 4457 6714 de
4515 6611 4620 6714 ſon
4714 6611 4993 6714 Adver-

2861 6737 3071 6866 ſaire.
3133 6737 3419 6866 Lequel
3468 6737 3704 6866 eſtant
3753 6737 4150 6866 contraint
4212 6737 4423 6866 d’uſer
4498 6737 4560 6866 de
4646 6737 4994 6866 Violence

2862 6864 3056 6993 pour
3104 6864 3310 6993 parer
3371 6864 3565 6993 cedit
3625 6864 3843 6993 coup,
3880 6864 3928 6993 en
4001 6864 4546 6993 tranſportant
4582 6864 4692 6993 les
4740 6864 4994 6993 eſpees

2871 6995 2920 7129 en
3005 6995 3320 7129 dedans:
3417 6995 3964 7129 ALEXANDRE
4036 6995 4243 7129 entre
4291 6995 4364 7129 un
4449 6995 4680 7129 grand
4728 6995 4850 7129 pas
4898 6995 4995 7129 ſur

4887 7130 4999 7245 luy

2854 478 2998 625 ſus,
3034 478 3094 625 au
3190 478 3442 625 meſme
3502 478 3754 625 temps
3802 478 3838 625 il
3898 478 4137 625 donne
4185 478 4569 625 l’atteinte
4689 478 4689 625 &
4749 478 4797 625 en
4869 478 4989 625 fait

2850 621 3383 748 l’execution,
3454 621 3928 748 moyennant
3988 621 4023 748 la
4106 621 4367 748 charge
4438 621 4485 748 du
4580 621 4829 748 corps,
4876 621 4983 748 par

2854 743 2905 875 le
2980 743 3093 875 dos
3156 743 3219 875 de
3282 743 3383 875 ſon
3496 743 3924 875 Contraire;
3986 743 4150 875 ainſi
4225 743 4364 875 que
4427 743 4527 875 les
4578 743 4867 875 figures
4930 743 4980 875 le

2875 868 3452 963 demonſtrent.

563 491 736 614 dant
773 491 834 614 le
884 491 1044 614 bras
1155 491 1155 614 &
1205 491 1588 614 tournant
1637 491 1687 614 le
1736 491 2107 614 poignet,
2156 491 2205 614 la
2267 491 2539 614 pointe
2625 491 2687 614 de

549 615 584 739 ſa
643 615 831 739 lame
890 615 890 739 à
948 615 1301 739 l’envers,
1336 615 1395 739 au
1477 615 1783 739 deſſous
1842 615 1912 739 de
1959 615 1995 739 la
2053 615 2242 739 lame
2312 615 2688 739 contraire

548 743 703 849 ſans
762 743 810 849 la
881 743 1274 849 toucher,
1345 743 1607 849 faiſant
1690 743 2333 849 enſemblement
2404 743 2583 849 avec
2642 743 2690 849 le

551 869 721 997 pied
794 869 1085 997 gauche
1133 869 1206 997 un
1279 869 1388 997 pas
1449 869 1497 997 en
1570 869 1837 997 avant,
1909 869 1958 997 en
2043 869 2212 997 deça
2273 869 2322 997 le
2419 869 2697 997 Cercle,

559 996 606 1123 en
699 996 897 1123 ſorte
978 996 1106 1123 que
1164 996 1269 1123 les
1327 996 1583 1123 orteils
1653 996 1699 1123 en
1781 996 2153 1123 viennent
2199 996 2199 1123 à
2257 996 2688 1123 reſpondre

550 1119 563 1245 à
614 1119 984 1245 l’endroit
1048 1119 1111 1245 de
1162 1119 1583 1245 l’extreme
1634 1119 1825 1245 bout
1889 1119 1940 1245 du
2068 1119 2578 1245 Quadrangle,
2680 1119 2692 1245 &

549 1244 599 1370 le
662 1244 887 1370 corps
938 1244 988 1370 ſe
1063 1244 1363 1370 panche
1451 1244 1689 1370 deſſus
1739 1244 1802 1370 le
1877 1244 2190 1370 genouil
2253 1244 2541 1370 gauche
2629 1244 2679 1370 en

556 1372 827 1495 avant,
895 1372 1233 1495 trainant
1312 1372 2035 1495 conſequemment
2103 1372 2159 1495 le
2249 1372 2419 1495 pied
2509 1372 2701 1495 droit

550 1498 770 1624 apres
819 1498 991 1624 avec
1040 1498 1101 1624 le
1150 1498 1346 1624 talon
1407 1498 1603 1624 levé,
1640 1498 1738 1624 ſur
1787 1498 1836 1624 le
1934 1498 2191 1624 Quarré
2252 1498 2705 1624 circonſcrit

560 1623 766 1724 entre
827 1623 924 1724 les
984 1623 1263 1724 lettres
1360 1623 1396 1724 P,
1505 1623 1517 1724 &
1602 1623 1651 1724 T,
1772 1623 1784 1724 &
1845 1623 2487 1724 enſemblement
2584 1623 2705 1724 me-

546 1739 720 1852 nant
794 1739 831 1852 ſa
905 1739 1091 1852 lame
1177 1739 1251 1852 de
1350 1739 1647 1852 deſſous
1734 1739 1783 1852 au
1907 1739 2142 1852 deſſus
2241 1739 2303 1852 de
2377 1739 2699 1852 l’autre;

560 1872 858 1996 comme
908 1872 945 1996 il
1007 1872 1082 1996 eſt
1169 1872 1479 1996 monſtré
1541 1872 1591 1996 en
1653 1872 1702 1996 ſa
1752 1872 2038 1996 figure.

1305 2008 1615 2179 Cercle
1968 2008 2123 2179 N1.

585 2229 878 2352 Alexandre
923 2229 969 2352 en
1014 2229 1194 2352 levant
1239 2229 1262 2352 le
1307 2229 1431 2352 pied
1476 2229 1589 2352 droit
1634 2229 1668 2352 ſe
1713 2229 1758 2352 va
1815 2229 2006 2352 pãcher
2040 2229 2119 2352 ſur
2164 2229 2187 2352 le
2243 2229 2458 2352 gauche,
2491 2229 2525 2352 en
2593 2229 2706 2352 don-

623 2355 714 2473 nãt
748 2355 794 2473 un
851 2355 966 2473 coup
1034 2355 1412 2473 d’eſtramaçon
1469 2355 1469 2473 à
1514 2355 1583 2473 ſon
1640 2355 1915 2473 Contraire
1960 2355 2006 2473 au
2052 2355 2178 2473 coſté
2223 2355 2349 2473 droit
2406 2355 2441 2473 de
2486 2355 2521 2473 la
2566 2355 2703 2473 teſte.

1060 2499 1183 2627 Eſte
1244 2499 1647 2627 operation
1708 2499 1879 2627 n’eſt
1928 2499 2136 2627 autre
2210 2499 2454 2627 choſe,
2515 2499 2711 2627 qu’u-

1018 2628 1099 2749 ne
1180 2628 1723 2749 continuation
1816 2628 1885 2749 de
1943 2628 1989 2749 la
2059 2628 2613 2749 precedente,
2683 2628 2694 2749 à

1016 2752 1485 2875 pourſuivre
1532 2752 1697 2875 ſans
1744 2752 1943 2875 nulle
1990 2752 2576 2875 interruption,
2623 2752 2670 2875 en

1016 2875 1276 2999 levant
1338 2875 1388 2999 le
1462 2875 1636 2999 pied
1722 2875 1909 2999 droit
1995 2875 2045 2999 en
2119 2875 2330 2999 l’air,
2454 2875 2454 2999 &
2529 2875 2702 2999 pan-

571 2997 788 3127 chant
848 2997 896 3127 le
980 2997 1185 3127 corps
1270 2997 1318 3127 en
1426 2997 1691 3127 devant
1764 2997 1872 3127 ſur
1932 2997 1968 3127 la
2029 2997 2294 3127 jambe
2378 2997 2703 3127 gauche,

545 3123 722 3246 avec
781 3123 828 3246 le
887 3123 1052 3246 bras
1123 3123 1560 3246 egalement
1630 3123 2149 3246 deſcendant,
2279 3123 2279 3246 &
2350 3123 2692 3246 donnant

549 3248 561 3373 à
633 3248 730 3373 ſon
838 3248 1236 3373 Contraire
1284 3248 1344 3373 un
1428 3248 1621 3373 coup
1706 3248 2260 3373 d’eſtramaçon
2356 3248 2405 3373 au
2513 3248 2694 3373 coſté

573 3371 757 3502 droit
831 3371 892 3502 de
941 3371 978 3502 la
1040 3371 1274 3502 teſte;
1335 3371 1630 3502 comme
1679 3371 1716 3502 il
1765 3371 1815 3502 ſe
1876 3371 2024 3502 voit
2085 3371 2134 3502 en
2196 3371 2233 3502 la
2294 3371 2565 3502 figure.

1317 3533 1625 3691 Cercle
1867 3533 2109 3691 N.3.

1034 3744 1193 3866 Pres
1250 3744 1285 3866 il
1376 3744 1649 3866 marche
1740 3744 2058 3866 encores
2127 3744 2286 3866 plus
2366 3744 2582 3866 outre
2650 3744 2707 3866 a-

1025 3868 1143 3993 vec
1190 3868 1249 3993 le
1308 3868 1484 3993 pied
1567 3868 1755 3993 droit
1814 3868 2049 3993 eſlevé
2120 3868 2179 3993 un
2249 3868 2379 3993 bon
2450 3868 2567 3993 pas
2638 3868 2685 3993 en

1015 3991 1243 4110 avant
1291 3991 1291 4110 à
1363 3991 1556 4110 coſté
1628 3991 1676 4110 du
1760 3991 1976 4110 corps
2037 3991 2109 4110 de
2157 3991 2193 4110 ſa
2277 3991 2541 4110 Partie,
2602 3991 2710 4110 cõ-

1045 4112 1122 4230 me
1199 4112 1385 4230 nous
1451 4112 1736 4230 l’avons
1802 4112 2262 4230 repreſenté
2328 4112 2437 4230 icy
2514 4112 2558 4230 en
2646 4112 2690 4230 la

555 4231 835 4359 figure:
950 4231 988 4359 En
1064 4231 1242 4359 ſuite
1319 4231 1382 4359 de
1446 4231 1650 4359 quoy
1701 4231 1739 4359 il
1777 4231 1828 4359 ſe
1892 4231 2184 4359 panche
2248 4231 2299 4359 le
2363 4231 2579 4359 corps
2643 4231 2693 4359 en

577 4357 841 4482 devant
890 4357 998 4482 ſur
1058 4357 1118 4482 le
1178 4357 1491 4482 genouil
1563 4357 1792 4482 droit,
1888 4357 2201 4482 mettant
2261 4357 2706 4482 egalement

555 4478 823 4606 l’eſpee
899 4478 1167 4606 devant
1218 4478 1370 4606 luy,
1396 4478 1447 4606 la
1498 4478 1765 4606 pointe
1842 4478 2377 4606 deſcendante
2428 4478 2708 4606 juſqu’à

564 4607 708 4731 bien
793 4607 949 4731 pres
1033 4607 1094 4731 de
1166 4607 1202 4731 la
1274 4607 1479 4731 terre
1551 4607 1599 4731 en
1696 4607 1912 4731 angle
1960 4607 2165 4731 aigu,
2225 4607 2394 4731 avec
2442 4607 2502 4731 le
2550 4607 2719 4731 bras

569 4728 807 4854 roide.
932 4728 1183 4854 Aion
1283 4728 1396 4854 qui
1459 4728 1534 4854 n’a
1597 4728 1722 4854 pas
1797 4728 1922 4854 eſté
1985 4728 2098 4854 icy
2148 4728 2662 4854 repreſentée
2712 4728 2712 4854 à

559 4855 764 4982 faute
866 4855 918 4982 de
994 4855 1250 4982 place;
1327 4855 1774 4982 toutesfois
1825 4855 1864 4982 il
1928 4855 2081 4982 faut
2158 4855 2427 4982 qu’elle
2503 4855 2516 4982 y
2580 4855 2708 4982 ſoit

569 4981 985 5108 pratiquée
1034 4981 1230 5108 pour
1291 4981 1487 5108 venir
1536 4981 1549 5108 à
1598 4981 2063 5108 l’operation
2124 4981 2516 5108 ſuivante.

1307 5133 1614 5288 Cercle
1856 5133 2097 5288 N.9.

1043 5365 1250 5487 Stant
1323 5365 1897 5487 ALEXANDRE
1946 5365 2117 5487 ainſi
2165 5365 2458 5487 panché
2507 5365 2605 5487 ſur
2654 5365 2702 5487 le

1042 5491 1322 5614 devant
1383 5491 1565 5614 avec
1626 5491 1905 5614 l’eſpee
2002 5491 2379 5614 eſtendue
2512 5491 2525 5614 &
2610 5491 2719 5614 de-

1029 5619 1461 5742 ſcendante
1544 5619 1592 5742 en
1664 5619 1880 5742 angle
1928 5619 2131 5742 aigu,
2191 5619 2227 5742 il
2299 5619 2347 5742 en
2419 5619 2706 5742 tourne

1035 5741 1205 5866 tout
1253 5741 1253 5866 à
1314 5741 1641 5866 l’inſtant
1690 5741 1726 5866 la
1811 5741 2139 5866 poine
2211 5741 2260 5866 en
2345 5741 2527 5866 haut
2599 5741 2709 5866 par

595 5863 867 5970 devant
928 5863 978 5970 le
1064 5863 1249 5970 coſté
1348 5863 1533 5970 droit
1620 5863 1682 5970 de
1743 5863 1780 5970 ſa
1842 5863 2077 5970 teſte,
2200 5863 2213 5970 &
2287 5863 2348 5970 ce
2423 5863 2423 5970 à
2497 5863 2707 5970 l’aide

595 5990 643 6122 du
714 5990 1048 6122 poignet
1132 5990 1204 6122 de
1263 5990 1299 6122 la
1406 5990 1621 6122 main,
1693 5990 2337 6122 enſemblement
2397 5990 2444 6122 ſe
2504 5990 2719 6122 tour-

579 6116 747 6242 nant
879 6116 879 6242 &
975 6116 1288 6242 dreſſant
1372 6116 1420 6242 le
1504 6116 1720 6242 corps
1792 6116 1792 6242 à
1876 6116 2177 6242 gauche
2261 6116 2525 6242 devers
2585 6116 2694 6242 ſon

614 6241 1049 6369 Contraire;
1111 6241 1285 6369 avec
1359 6241 1757 6369 eſlevation
1856 6241 1906 6369 du
2005 6241 2179 6369 pied
2253 6241 2576 6369 gauche,
2713 6241 2713 6369 &

586 6368 1111 6500 preſentation
1196 6368 1245 6500 du
1343 6368 1502 6500 bras
1611 6368 1611 6500 &
1685 6368 1746 6500 de
1795 6368 2063 6500 l’eſpee
2137 6368 2173 6500 en
2246 6368 2503 6500 avant,
2540 6368 2710 6500 icel-

574 6494 623 6606 le
709 6494 1223 6606 affermiſſant
1285 6494 1285 6606 à
1358 6494 1456 6606 ſon
1554 6494 1750 6606 coſté
1836 6494 2020 6606 droit
2081 6494 2265 6606 avec
2326 6494 2363 6606 la
2437 6494 2706 6606 pointe

605 6614 876 6744 dreſſée
962 6614 1221 6744 contre
1319 6614 1578 6744 mont,
1701 6614 1701 6744 &
1787 6614 1837 6744 en
1935 6614 2453 6744 empoignant
2526 6614 2600 6744 de
2662 6614 2699 6744 la

612 6741 768 6875 main
859 6741 1145 6875 gauche
1197 6741 1236 6875 la
1314 6741 1535 6875 garde
1587 6741 1705 6875 par
1783 6741 2134 6875 deſſous;
2251 6741 2264 6875 &
2342 6741 2589 6875 quand
2706 6741 2719 6875 &

593 6871 1098 6999 quãdpoſant
1135 6871 1197 6999 le
1246 6871 1419 6999 pied
1468 6871 1468 6999 à
1530 6871 1727 6999 terre
1801 6871 2072 6999 devers
2121 6871 2170 6999 ſa
2244 6871 2503 6999 Partie,
2540 6871 2712 6999 avec

586 6993 638 7131 le
717 6993 939 7131 genou
1044 6993 1110 7131 de
1201 6993 1463 7131 devant
1529 6993 1660 7131 plié
1777 6993 1791 7131 &
1830 6993 1882 7131 le
1948 6993 2170 7131 corps
2236 6993 2498 7131 repoſé
2589 6993 2720 7131 deſ-
