5520 7640
2951 520 3246 653 gauche
3295 520 3308 653 à
3381 520 3676 653 droite,
3799 520 3812 653 &
3873 520 3922 653 le
3984 520 4352 653 plantant
4414 520 4598 653 avec
4660 520 4758 653 les
4832 520 5090 653 orteils

2936 645 3109 776 pres
3158 645 3208 776 le
3282 645 3664 776 Diametre
3713 645 3911 776 aſſez
3960 645 4133 776 pres
4194 645 4256 776 de
4305 645 4355 776 la
4404 645 4639 776 lettre
4725 645 4762 776 R,
4799 645 4848 776 ſe
4898 645 5107 776 tour-

2931 770 3113 898 nant
3181 770 3817 898 enſemblement
3863 770 3908 898 la
3965 770 4317 898 poitrine
4396 770 4726 898 devant,
4794 770 4976 898 avec
5032 770 5089 898 le

2936 894 3095 1028 bras
3205 894 3217 1028 &
3266 894 3548 1028 l’eſpee
3633 894 4062 1028 montante,
4111 894 4307 1028 pour
4368 894 4429 1028 ſe
4515 894 4931 1028 defendre.
5053 894 5090 1028 Et

2930 1020 3102 1153 puis
3163 1020 3286 1153 que
3336 1020 3655 1153 l’eſpee,
3717 1020 3950 1153 eſtant
3999 1020 4171 1153 ainſi
4245 1020 4528 1153 menée,
4565 1020 4761 1153 paſſe
4810 1020 4872 1153 au
4958 1020 5093 1153 deſ-

2924 1145 3030 1267 ſus
3136 1145 3195 1267 de
3253 1145 3300 1267 la
3383 1145 3571 1267 teſte
3653 1145 4346 1267 d’ALEXANDRE,
4405 1145 4664 1267 iceluy
4746 1145 5087 1267 s’avance

2936 1274 3070 1403 d’un
3167 1274 3289 1403 pas
3350 1274 3532 1403 avec
3605 1274 3653 1403 le
3726 1274 3896 1403 pied
3981 1274 4212 1403 droit,
4358 1274 4358 1403 &
4443 1274 4480 1403 en
4577 1274 4978 1403 panchant
5039 1274 5099 1403 le

2937 1398 3181 1531 corps,
3229 1398 3351 1531 luy
3412 1398 3680 1531 pouſſe
3741 1398 3790 1531 la
3851 1398 4107 1531 ſienne
4168 1398 4180 1531 à
4241 1398 4546 1531 travers
4583 1398 4632 1531 la
4693 1398 5083 1531 poitrine;

2927 1525 3096 1653 ainſi
3161 1525 3317 1653 qu’il
3382 1525 3473 1653 eſt
3538 1525 3992 1653 demonſtré
4044 1525 4161 1653 par
4226 1525 4265 1653 la
4317 1525 4603 1653 figure.

3042 1651 3081 1778 Il
3145 1651 3579 1778 adviendra
3668 1651 4294 1778 quelquesfois,
4371 1651 4498 1778 que
4562 1651 5098 1778 l’Adverſaire

2929 1777 2976 1903 en
3046 1777 3093 1903 ſe
3151 1777 3480 1903 retirant
3585 1777 3597 1903 &
3644 1777 3960 1903 tournãt
4019 1777 4065 1903 le
4124 1777 4382 1903 corps,
4417 1777 4499 1903 ne
4558 1777 4827 1903 pourra
4909 1777 5085 1903 eſtre

2930 1902 3337 2027 empeſché
3421 1902 3469 2027 de
3553 1902 3816 2027 mettre
3876 1902 3912 2027 ſa
3972 1902 4295 2027 poine
4367 1902 4415 2027 en
4487 1902 4894 2027 preſence.
4966 1902 5085 2027 Au-

2925 2026 3093 2151 quel
3165 2026 3273 2151 cas
3309 2026 3345 2151 il
3405 2026 3585 2151 vous
3657 2026 4137 2151 conviendra
4221 2026 4629 2151 aſſembler
4701 2026 4749 2151 le
4797 2026 4941 2151 fort
5025 2026 5085 2151 de

2925 2150 3173 2280 voſtre
3248 2150 3459 2280 eſpee
3521 2150 3571 2280 au
3645 2150 3881 2280 foible
3955 2150 4017 2280 de
4067 2150 4117 2280 la
4166 2150 4477 2280 ſienne,
4576 2150 4576 2280 &
4651 2150 5097 2280 conſequẽ-

2947 2277 3129 2406 ment
3178 2277 3226 2406 le
3287 2277 3589 2406 bleſſer,
3638 2277 3820 2406 avec
3880 2277 3929 2406 la
4026 2277 4522 2406 graduation,
4583 2277 4631 2406 en
4716 2277 4764 2406 la
4837 2277 5079 2406 forme

2924 2400 3037 2533 qui
3087 2400 3099 2533 a
3162 2400 3300 2533 eſté
3363 2400 3739 2533 deſcripte
3789 2400 3802 2533 à
3852 2400 4254 2533 pluſieurs
4304 2400 4442 2533 fois
4504 2400 4567 2533 cy
4655 2400 4969 2533 devant.

3662 2548 3976 2708 Cercle
4200 2548 4491 2708 N.1S.

3406 2751 3541 2884 Eſte
3638 2751 3981 2884 derniere
4079 2751 4482 2884 operation
4592 2751 4898 2884 depend
4983 2751 5093 2884 en-

3389 2883 3500 3000 cor
3549 2883 4238 3000 ſemblablement
4312 2883 4422 3000 des
4509 2883 4804 3000 Cercles
4914 2883 5087 3000 N.11.

3438 3014 3438 3132 &
3500 3014 3587 3132 12.
3712 3014 3812 3132 Car
3886 3014 3998 3132 dés
4073 3014 4820 3132 qu’ALEXANDRE
4870 3014 4994 3132 luy
5069 3014 5081 3132 a

3371 3136 3503 3263 tiré
3551 3136 3599 3263 le
3659 3136 3852 3263 coup
3924 3136 3984 3263 de
4044 3136 4309 3263 revers
4357 3136 4405 3263 au
4501 3136 4682 3263 coſté
4754 3136 4947 3263 droit
5007 3136 5079 3263 de

2906 3257 2944 3382 la
3021 3257 3275 3382 teſte;
3428 3257 3912 3382 ZACHARIE
3975 3257 4408 3382 recognoit
4510 3257 4662 3382 qu’il
4739 3257 4828 3382 eſt
4904 3257 5082 3382 deſia

2925 3383 3253 3488 derriere
3323 3383 3428 3488 ſon
3510 3383 3674 3488 dos;
3744 3383 3920 3488 dont
3966 3383 4002 3488 il
4060 3383 4107 3488 ſe
4177 3383 4469 3488 tourne
4540 3383 4645 3488 ſur
4703 3383 4809 3488 les
4891 3383 5078 3488 deux

2903 3508 3130 3633 pieds
3178 3508 3346 3633 ainſi
3393 3508 3752 3633 plantez,
3836 3508 3884 3633 en
3955 3508 4421 3633 preſentant
4493 3508 4541 3633 le
4625 3508 4840 3633 corps
4900 3508 5079 3633 avec

2898 3633 2946 3754 le
3006 3633 3175 3754 bras
3284 3633 3296 3754 &
3344 3633 3609 3754 l’eſpee
3681 3633 3959 3754 devers
4007 3633 4103 3754 ſon
4212 3633 4646 3754 Contraire.
4766 3633 4827 3754 Au
4935 3633 5092 3754 meſ-

2935 3763 3016 3884 me
3063 3763 3318 3884 temps
3400 3763 3970 3884 ALEXANDRE
4040 3763 4156 3884 luy
4226 3763 4435 3884 entre
4505 3763 4738 3884 deſſus
4796 3763 4971 3884 avec
5017 3763 5075 3884 le

2903 3884 3072 4015 pied
3149 3884 3473 4015 gauche,
3564 3884 3577 4015 &
3629 3884 3745 4015 luy
3810 3884 4250 4015 empoigne
4302 3884 4419 4015 par
4483 3884 4794 4015 deſſous
4846 3884 4885 4015 la
4950 3884 5092 4015 gar-

2923 4009 2983 4136 de
3068 4009 3128 4136 de
3177 4009 3491 4136 l’eſpee,
3551 4009 3721 4136 avec
3793 4009 3829 4136 la
3926 4009 4071 4136 main
4168 4009 4494 4136 gauche,
4615 4009 4615 4136 &
4675 4009 4723 4136 la
4796 4009 5074 4136 tourne

2905 4137 2951 4262 en
3045 4137 3104 4262 de
3150 4137 3361 4262 hors,
3408 4137 3993 4262 s’affermiſſant
4051 4137 4098 4262 le
4156 4137 4320 4262 bras
4367 4137 4554 4262 avec
4601 4137 4648 4262 ſa
4718 4137 4940 4262 garde
4999 4137 5057 4262 au

2905 4251 3139 4384 coſté,
3201 4251 3250 4384 en
3324 4251 3668 4384 aſſenant
3742 4251 3779 4384 la
3853 4251 4123 4384 pointe
4197 4251 4197 4384 à
4271 4251 4320 4384 la
4407 4251 4751 4384 poitrine
4837 4251 4899 4384 de
4960 4251 5059 4384 ſon

2924 4379 3356 4514 Contraire;
3403 4379 3451 4514 le
3499 4379 3679 4514 tout
3739 4379 3787 4514 en
3871 4379 4362 4514 conformité
4422 4379 4493 4514 de
4553 4379 4589 4514 la
4661 4379 4949 4514 figure.

643 538 775 661 luy
835 538 883 661 en
955 538 1291 661 ſautant,
1399 538 1399 661 &
1459 538 1831 661 tournant
1879 538 1915 661 la
1975 538 2323 661 poitrine
2395 538 2695 661 devant,
2779 538 2791 661 &

681 668 974 786 menant
1019 668 1030 786 à
1120 668 1379 786 meſme
1436 668 1684 786 temps
1751 668 1796 786 ſa
1864 668 2056 786 lame
2146 668 2214 786 de
2281 668 2405 786 bas
2484 668 2529 786 en
2608 668 2788 786 haut

657 792 763 905 par
835 792 1072 905 deſſus
1119 792 1155 905 ſa
1226 792 1439 905 teſte,
1546 792 1546 905 &
1617 792 2020 905 cõtinuant
2068 792 2080 905 à
2139 792 2186 905 en
2281 792 2566 905 donner
2613 792 2791 905 avec

666 918 1052 1036 extenſion
1140 918 1195 1036 du
1261 918 1426 1036 bras
1481 918 1548 1036 un
1625 918 1812 1036 coup
1889 918 1944 1036 de
2000 918 2297 1036 revers,
2363 918 2419 1036 au
2529 918 2793 1036 meſme

648 1039 934 1163 inſtant
1008 1039 1145 1163 que
1219 1039 1269 1163 le
1356 1039 1530 1163 pied
1605 1039 1891 1163 gauche
1978 1039 2028 1163 ſe
2102 1039 2351 1163 plante
2425 1039 2599 1163 avec
2686 1039 2798 1163 de-

638 1164 1212 1287 ſtournement
1269 1164 1326 1287 du
1407 1164 1567 1287 pied
1648 1164 1843 1287 droit
1923 1164 1969 1287 en
2049 1164 2359 1287 dehors,
2428 1164 2612 1287 pour
2692 1164 2795 1287 ve-

638 1291 743 1405 nir
813 1291 1128 1405 derriere
1174 1291 1233 1405 le
1314 1291 1722 1405 Contraire,
1816 1291 1816 1405 &
1886 1291 2259 1405 executer
2305 1291 2410 1405 ſur
2457 1291 2573 1405 luy
2632 1291 2783 1405 tant

647 1415 808 1536 plus
878 1415 1339 1536 rudement,
1408 1415 1581 1536 avec
1639 1415 1697 1536 le
1778 1415 1985 1536 corps
2055 1415 2389 1536 panché,
2459 1415 2505 1536 le
2585 1415 2770 1536 coup

641 1536 880 1662 aſſené
956 1536 1007 1662 au
1095 1536 1284 1662 coſté
1348 1536 1638 1662 gauche
1714 1536 1777 1662 de
1815 1536 1853 1662 ſa
1916 1536 2143 1662 teſte;
2181 1536 2446 1662 ſelonla
2509 1536 2787 1662 figure.

1333 1705 1665 1853 Cercle
1908 1705 2240 1853 N.12.

1139 1910 1255 2029 Our
1302 1910 1617 2029 rompre
1664 1910 1699 2029 la
1780 1910 2025 2029 courſe
2142 1910 2154 2029 &
2189 1910 2247 2029 le
2329 1910 2772 2029 mouvemẽt

1102 2029 1163 2156 du
1223 2029 1429 2156 ſaut,
1490 2029 1526 2156 il
1587 2029 1635 2156 ſe
1720 2029 2010 2156 panche
2083 2029 2095 2156 à
2156 2029 2483 2156 l’envers
2555 2029 2664 2156 ſur
2725 2029 2773 2156 le

1229 2158 1353 2400 'd
1435 2158 1599 2400 d'oit
1682 2158 1887 2400 pian'
1970 2158 2875 2400 'ge'Wi'at

634 2403 681 2522 te
739 2403 809 2522 un
879 2403 995 2522 peu
1076 2403 1274 2522 baſſe
1390 2403 1402 2522 &
1460 2403 1832 2522 avancée,
1891 2403 2112 2522 tirant
2170 2403 2170 2522 à
2263 2403 2402 2522 main
2495 2403 2763 2522 droite;

631 2529 798 2649 ainſi
876 2529 1043 2649 qu’il
1108 2529 1185 2649 eſt
1250 2529 1714 2649 repreſenté
1778 2529 1817 2649 en
1894 2529 1933 2649 la
1984 2529 2268 2649 figure.

1369 2676 1680 2843 Cercle
1992 2676 2192 2843 .

1097 2888 1121 3005 A
1191 2888 1495 3005 CHARIE
1577 2888 1975 3005 demeurãt
2033 2888 2337 3005 eſtonné
2396 2888 2513 3005 par
2560 2888 2606 3005 la
2677 2888 2759 3005 vi-

1077 3014 1144 3129 ve
1189 3014 1526 3129 atteinte
1593 3014 1751 3129 qu’il
1807 3014 1807 3129 a
1874 3014 2188 3129 receuë,
2233 3014 2391 3129 ſans
2435 3014 2492 3129 ſe
2570 3014 2761 3129 mou-

1075 3140 1254 3238 voir;
1333 3140 1872 3238 ALEXANDRE
1928 3140 2096 3238 leve
2141 3140 2669 3238 incontinent
2713 3140 2770 3238 le

1074 3263 1244 3404 pied
1304 3263 1631 3404 gauche,
1728 3263 1740 3404 &
1801 3263 1849 3404 en
1946 3263 2237 3404 marche
2322 3263 2588 3404 devers
2636 3263 2733 3404 ſon

642 3391 1085 3510 Contraire,
1144 3391 1540 3510 panchant
1610 3391 1657 3510 le
1739 3391 1960 3510 corps
2042 3391 2089 3510 en
2182 3391 2439 3510 avant,
2567 3391 2567 3510 &
2637 3391 2754 3510 luy

611 3514 964 3655 pouſſant
1049 3514 1097 3655 en
1182 3514 1498 3655 rigueur
1546 3514 1826 3655 l’eſpee
1874 3514 1887 3655 à
1947 3514 2239 3655 travers
2287 3514 2336 3655 le
2409 3514 2554 3655 dos.

1336 3670 1672 3820 Cercle
1882 3670 2197 3820 N4.

1104 3881 1262 4006 Oicy
1314 3881 1354 4006 la
1419 3881 1603 4006 ſuite
1682 3881 1787 4006 des
1878 3881 2180 4006 Cercles
2298 3881 2338 4006 N.
2403 3881 2495 4006 11.
2600 3881 2600 4006 &
2666 3881 2757 4006 12.

1106 4004 1274 4121 Dont
1382 4004 1394 4121 Z
1454 4004 1862 4121 ACHARIE
1933 4004 2533 4121 recognoiſſant
2617 4004 2749 4121 que

1061 4129 1640 4247 ſonContraire
1687 4129 1817 4247 luy
1876 4129 1958 4247 eſt
2029 4129 2194 4247 venu
2300 4129 2631 4247 derriere
2701 4129 2749 4247 le

1075 4250 1201 4350 dos
1293 4250 1465 4350 avec
1568 4250 1614 4350 le
1694 4250 1843 4350 ſaut
1992 4250 1992 4350 &
2072 4250 2553 4350 l’execution
2679 4250 2736 4350 du

614 4377 805 4502 coup
865 4377 1353 4502 precedent;
1425 4377 1461 4502 il
1520 4377 1580 4502 ſe
1652 4377 1878 4502 retire
1950 4377 1998 4502 en
2105 4377 2391 4502 voltant
2463 4377 2510 4502 le
2582 4377 2749 4502 pied

1557 4579 1722 4793 Eux
1832 4579 1979 4793 qui
2052 4579 2639 4793 viendront
2713 4579 2878 4793 par
2951 4579 3391 4793 fortune
3465 4579 3465 4793 à
3575 4579 4272 4793 contempler
4327 4579 4914 4793 lesfigures
5005 4579 5079 4793 de

1492 4791 1545 4962 ce
1637 4791 2004 4962 Tableau,
2056 4791 2280 4962 avant
2332 4791 2424 4962 les
2476 4791 2673 4962 avoir
2752 4791 3198 4962 deuement
3251 4791 3762 4962 examinées,
3815 4791 3828 4962 y
3894 4791 4392 4962 trouveront
4471 4791 4655 4962 peut
4733 4791 4917 4962 eſtre
4983 4791 5075 4962 aſ-

1486 4941 1582 5106 ſez
1638 4941 1638 5106 à
1707 4941 1983 5106 redire.
2121 4941 2232 5106 Car
2273 4941 2356 5106 ils
2397 4941 2480 5106 ne
2536 4941 2591 5106 ſe
2646 4941 3061 5106 pourront
3130 4941 3185 5106 du
3282 4941 4055 5106 commencement
4124 4941 4622 5106 perſuader,
4705 4941 4871 5106 qu’il
4940 4941 5064 5106 ſoit

1479 5083 1928 5229 praticable
1982 5083 1982 5229 à
2037 5083 2391 5229 homme
2445 5083 2731 5229 vivant,
2799 5083 2854 5229 de
2922 5083 3235 5229 gaigner
3290 5083 3480 5229 ainſi
3521 5083 3562 5229 le
3644 5083 3970 5229 derriere
4025 5083 4025 5229 à
4093 5083 4188 5229 ſon
4311 5083 4801 5229 Adverſaire,
4869 5083 5073 5229 com-

1508 5222 1590 5386 me
1645 5222 1810 5386 elles
1879 5222 2483 5386 demonſtrent;
2580 5222 2580 5386 &
2648 5222 2772 5386 que
2827 5222 3019 5386 ledit
3102 5222 3555 5386 Adverſaire
3638 5222 3926 5386 devroit
3981 5222 4146 5386 bien
4229 5222 4517 5386 ſonger
4572 5222 4627 5386 en
4723 5222 5067 5386 d’autres

1477 5361 1805 5539 affaires,
1873 5361 2091 5539 avant
2160 5361 2296 5539 que
2365 5361 2419 5539 de
2474 5361 2515 5539 le
2583 5361 3075 5539 permettre.
3253 5361 3389 5539 Mais
3444 5361 3485 5539 je
3539 5361 3635 5539 les
3703 5361 4059 5539 adverti,
4140 5361 4345 5539 qu’ils
4414 5361 4823 5539 prennent
4905 5361 5069 5539 pre-

643 5502 1113 5672 mierement
1167 5502 1207 5672 la
1261 5502 1638 5672 patience
1705 5502 1772 5672 de
1839 5502 2296 5672 conſiderer
2336 5502 2740 5672 loccaſion
2834 5502 2968 5672 que
3116 5502 3425 5672 acharie
3506 5502 3559 5672 en
3654 5502 3654 5672 a
3734 5502 4070 5672 baillée,
4191 5502 4205 5672 &
4258 5502 4742 5672 l’extremité
4836 5502 4877 5672 en
4971 5502 5065 5672 la-

626 5642 872 5820 quelle
916 5642 959 5820 il
1002 5642 1002 5820 a
1075 5642 1220 5820 eſté
1263 5642 1552 5820 reduit,
1596 5642 1813 5820 avant
1885 5642 2015 5820 que
2088 5642 2145 5820 de
2189 5642 2232 5820 la
2305 5642 2710 5820 preſenter
2753 5642 2797 5820 ſi
2840 5642 3057 5820 belle.
3158 5642 3317 5820 C’eſt
3390 5642 3520 5820 que
3563 5642 3621 5820 le
3679 5642 3867 5820 coup
3954 5642 4504 5820 d’Alexandre
4562 5642 4562 5820 a
4634 5642 4779 5820 eſté
4837 5642 5054 5820 porté

608 5782 719 5953 ſur
761 5782 886 5953 luy
956 5782 1123 5953 avec
1178 5782 1248 5953 un
1318 5782 1359 5953 ſi
1415 5782 1651 5953 grand
1707 5782 2124 5953 avantage,
2194 5782 2361 5953 quil
2389 5782 2514 5953 luy
2570 5782 2583 5953 a
2653 5782 2792 5953 eſté
2834 5782 3321 5953 impoſsible
3390 5782 3446 5953 de
3515 5782 3571 5953 le
3641 5782 3849 5953 parer
3905 5782 4447 5953 autrement,
4517 5782 4837 5953 qu’avec
4920 5782 5060 5953 vio-

604 5921 856 6094 lence.
949 5921 1002 6094 Et
1068 5921 1400 6094 comme
1453 5921 1625 6094 ainſi
1665 5921 1837 6094 ſoit,
1904 5921 2036 6094 que
2076 5921 2169 6094 les
2222 5921 2540 6094 aions
2593 5921 2978 6094 violentes
3031 5921 3110 6094 ne
3163 5921 3508 6094 puiſſent
3574 5921 3760 6094 eſtre
3826 5921 4290 6094 conduites,
4330 5921 4410 6094 ne
4489 5921 4993 6094 gouvernées
5033 5921 5033 6094 à

611 6062 962 6223 ſouhait,
1002 6062 1056 6223 le
1164 6062 1568 6223 Contraire
1622 6062 1676 6223 en
1757 6062 1757 6223 a
1824 6062 1945 6223 fait
2013 6062 2444 6223 tellement
2498 6062 2605 6223 ſon
2686 6062 2956 6223 profit,
3010 6062 3400 6223 qu’eſtant
3454 6062 4155 6223 preallablement
4222 6062 4397 6223 venu
4478 6062 4532 6223 en
4653 6062 4936 6223 meſure
5004 6062 5044 6223 e-

606 6205 917 6387 ſtroite,
985 6205 1256 6387 durant
1310 6205 1350 6387 le
1445 6205 1973 6387 mouvement
2027 6205 2352 6387 violent,
2392 6205 2419 6387 il
2473 6205 2473 6387 a
2541 6205 2744 6387 prins
2798 6205 2839 6387 le
2906 6205 3163 6387 temps
3231 6205 3285 6387 de
3353 6205 3583 6387 paſſer
3637 6205 3894 6387 outre.
4056 6205 4259 6387 Qu’ils
4313 6205 4395 6387 ne
4449 6205 4841 6387 trouvent
4909 6205 5044 6387 celà

609 6344 650 6522 ſi
691 6344 1073 6522 eſtrange,
1114 6344 1279 6522 puis
1347 6344 1484 6522 que
1538 6344 1716 6522 ceux
1798 6344 1908 6522 qui
1949 6344 2195 6522 tirent
2236 6344 2236 6522 à
2290 6344 2331 6522 la
2427 6344 2632 6522 mode
2687 6344 3111 6522 ancienne,
3152 6344 3207 6522 ſe
3261 6344 3712 6522 hazardent
3767 6344 3931 6522 bien
4027 6344 4082 6522 de
4136 6344 4314 6522 faire
4369 6344 4465 6522 les
4519 6344 4902 6522 paſſades,
4943 6344 5052 6522 en-

626 6481 819 6666 cores
888 6481 1095 6666 qu’ils
1150 6481 1425 6666 ſoyent
1494 6481 1536 6666 en
1660 6481 1922 6666 meſure
1977 6481 2211 6666 large,
2266 6481 2376 6666 dés
2445 6481 2638 6666 qu’ils
2693 6481 2997 6666 voyent
3052 6481 3520 6666 apparence
3603 6481 3727 6666 que
3796 6481 4072 6666 l’eſpee
4154 6481 4554 6666 contraire
4623 6481 4885 6666 ſortira
4995 6481 5050 6666 de

620 6620 1033 6770 preſence:
1111 6620 1163 6770 ce
1240 6620 1434 6770 qu’ils
1486 6620 1654 6770 font
1705 6620 1886 6770 avec
1938 6620 2261 6770 hazard,
2300 6620 2494 6770 nous
2532 6620 2584 6770 le
2675 6620 3127 6770 monſtrons
3179 6620 3346 6770 avec
3424 6620 3786 6770 ſeureté;
3863 6620 3954 6770 car
4018 6620 4212 6770 nous
4277 6620 4574 6770 venons
4626 6620 4729 6770 ſur
4781 6620 4833 6770 le
4884 6620 5052 6770 ſen-

622 6764 914 6954 timent
967 6764 1020 6954 en
1126 6764 1391 6954 meſure
1457 6764 1802 6954 eſtroite,
1908 6764 1908 6954 &
1974 6764 1987 6954 y
2040 6764 2359 6954 eſtants,
2398 6764 2597 6954 nous
2637 6764 2982 6954 forçons
3021 6764 3074 6954 le
3180 6764 3578 6954 Contraire
3631 6764 3644 6954 à
3697 6764 3751 6954 ſe
3843 6764 4214 6954 defendre
4281 6764 4453 6954 avec
4519 6764 4917 6954 violence,
4983 6764 5036 6954 de

609 6898 801 7060 ſorte
878 6898 1032 7060 qu’il
1083 6898 1276 7060 nous
1327 6898 1378 7060 en
1468 6898 1750 7060 ouvrira
1802 6898 1866 7060 le
1930 6898 2225 7060 chemin
2289 6898 2302 7060 à
2366 6898 2623 7060 noſtre
2687 6898 2931 7060 poſte,
2982 6898 3046 7060 ou
3110 6898 3149 7060 il
3200 6898 3251 7060 en
3328 6898 3636 7060 recevra
3688 6898 4085 7060 l’atteinte
4137 6898 4624 7060 inevitable.
