5520 7640
4748 6996 4887 7086 Cer-

1260 5031 1572 5203 Cercle
1905 5031 2016 5203 .1.

560 5260 855 5390 Alexandre
929 5260 1323 5390 aſſujettiſſant
1372 5260 1544 5390 l’eſpee
1593 5260 1864 5390 contraire
1913 5260 1950 5390 au
2012 5260 2122 5390 deçà
2184 5260 2221 5390 le
2307 5260 2565 5390 Diametre
2627 5260 2639 5390 à

643 5391 678 5509 la
748 5391 957 5509 Seconde
1004 5391 1283 5509 Inſtance;
1341 5391 1388 5509 au
1470 5391 1633 5509 meſme
1703 5391 1866 5509 temps
1959 5391 2215 5509 Zacharie
2285 5391 2308 5509 ſe
2390 5391 2646 5509 deſtourne

645 5501 716 5633 ſur
764 5501 823 5633 les
882 5501 1000 5633 deux
1059 5501 1201 5633 pieds
1248 5501 1272 5633 le
1319 5501 1437 5633 coſté
1496 5501 1614 5633 droit
1662 5501 1697 5633 en
1768 5501 1969 5633 dehors,
2016 5501 2052 5633 en
2099 5501 2229 5633 ſorte
2300 5501 2382 5633 que
2430 5501 2465 5633 le
2536 5501 2642 5633 bras

660 5636 772 5765 avec
834 5636 1021 5765 l’eſpee
1070 5636 1145 5765 luy
1195 5636 1431 5765 viennent
1493 5636 1779 5765 reſpondre
1816 5636 2102 5765 juſtement
2164 5636 2301 5765 deſſus
2351 5636 2376 5765 le
2426 5636 2550 5765 coſté
2612 5636 2637 5765 du

713 5766 895 5887 Quarré
965 5766 1174 5887 Inſcrit.

1019 5911 1068 6036 Es
1142 5911 1328 6036 deux
1427 5911 1861 6036 Contraires
1923 5911 2270 6036 s’eſtants
2319 5911 2629 6036 plantez

988 6038 1653 6166 preallablement
1704 6038 1807 6166 ſur
1858 6038 1909 6166 le
1999 6038 2242 6166 Cercle
2293 6038 2306 6166 à
2370 6038 2408 6166 la
2498 6038 2639 6166 Pre-

1010 6165 1220 6290 miere
1282 6165 1641 6290 Inſtance
1703 6165 1740 6290 en
1839 6165 2124 6290 droites
2161 6165 2458 6290 lignes,
2507 6165 2643 6290 ſui-

995 6292 1158 6417 vant
1208 6292 1245 6417 la
1320 6292 1558 6417 forme
1633 6292 1983 6417 requiſe;
2033 6292 2295 6417 l’eſpee
2370 6292 2645 6417 d’ALE-

544 6416 880 6529 XANDRE
952 6416 1312 6529 parallele
1360 6416 1420 6529 au
1504 6416 1804 6529 deſſous
1876 6416 1936 6529 de
1984 6416 2308 6529 l’autre;
2344 6416 2380 6529 il
2440 6416 2632 6529 com-

561 6536 808 6664 mence
858 6536 870 6664 à
932 6536 1317 6664 travailler
1391 6536 1440 6664 en
1502 6536 2110 6664 l’aſſujettiſſant
2159 6536 2159 6664 à
2221 6536 2258 6664 la
2357 6536 2630 6664 Secon-

555 6658 607 6795 de
698 6658 1049 6795 Inſtance
1114 6658 1348 6795 lettre
1466 6658 1531 6795 G,
1596 6658 1713 6795 par
1791 6658 1960 6795 deça
2025 6658 2090 6795 le
2207 6658 2637 6795 Diametre;

563 6786 709 6918 mais
757 6786 988 6918 avant
1049 6786 1207 6918 qu’il
1255 6786 1341 6918 ait
1401 6786 1912 6918 bonnement
1960 6786 2216 6918 planté
2264 6786 2373 6918 les
2422 6786 2641 6918 pieds

541 6913 588 7043 en
671 6913 920 7043 terre,
1014 6913 1014 7043 Z
1085 6913 1346 7043 ACHA
1417 6913 1547 7043 RIE
1607 6913 1654 7043 ſe
1713 6913 1997 7043 tourne
2045 6913 2140 7043 les
2199 6913 2459 7043 orteils
2519 6913 2637 7043 des

1066 1536 2486 1677 DECLARATION
2730 1536 2973 1677 DES
3237 1536 4414 1677 OPERATIONS

1871 1726 1990 1875 DV
2169 1726 2811 1875 TABLEAV
2990 1726 3617 1875 ONZIEME.

1502 1942 1765 2161 Vand
1840 1942 1953 2161 les
2160 1942 2649 2161 Medecins
2706 1942 2931 2161 font
3006 1942 3270 2161 leurs
3345 1942 3702 2161 vites,
3740 1942 4003 2161 pour
4079 1942 4417 2161 alleoir
4492 1942 4586 2161 un
4680 1942 4868 2161 bon

1408 2161 1868 2320 jugement,
1926 2161 1955 2320 il
1998 2161 2113 2320 n’y
2171 2161 2171 2320 a
2243 2161 2459 2320 choſe
2516 2161 2574 2320 au
2718 2161 2977 2320 Monde
3049 2161 3164 2320 qui
3208 2161 3294 2320 les
3352 2161 3668 2320 trouble
3740 2161 4230 2320 d’avantage,
4316 2161 4432 2320 que
4504 2161 4547 2320 la
4619 2161 4878 2320 ſimili-

1415 2306 1599 2454 tude
1669 2306 1726 2454 de
1782 2306 1994 2454 l’une
2092 2306 2403 2454 maladie
2473 2306 2473 2454 à
2544 2306 2840 2454 l’autre,
2911 2306 3024 2454 qui
3080 2306 3165 2454 eſt
3235 2306 3489 2454 cauſe,
3574 2306 3701 2454 que
3743 2306 3842 2454 les
3912 2306 4068 2454 plus
4138 2306 4406 2454 does
4505 2306 4759 2454 meſme
4886 2306 4886 2454 &

1402 2446 1492 2598 les
1581 2446 1810 2598 mieux
1874 2446 2486 2598 experimentez
2563 2446 2575 2598 y
2639 2446 2805 2598 ſont
2856 2446 3391 2598 aucunesfois
3442 2446 3850 2598 trompez,
3901 2446 3940 2598 en
4016 2446 4360 2598 prenant
4424 2446 4628 2598 l’une
4692 2446 4883 2598 pour

1404 2583 1704 2729 l’autre.
1867 2583 2003 2729 Mais
2071 2583 2397 2729 comme
2438 2583 2506 2729 ils
2560 2583 2601 2729 ſe
2669 2583 3050 2729 tiennent
3104 2583 3159 2729 en
3240 2583 3431 2729 ceſte
3499 2583 3839 2729 occaſion
3920 2583 4260 2729 pluſtoſt
4328 2583 4383 2729 au
4464 2583 4722 2729 raport
4818 2583 4872 2729 du

1402 2725 1669 2873 poulx,
1733 2725 2001 2873 qu’aux
2052 2725 2306 2873 autres
2396 2725 2739 2873 marques
2816 2725 2867 2873 de
2969 2725 3313 2873 moindre
3364 2725 3937 2873 importance:
3988 2725 4166 2873 ainſi
4230 2725 4281 2873 en
4345 2725 4638 2873 faiſons
4688 2725 4880 2873 nous

519 2863 1092 3013 pareillement
1162 2863 1204 3013 en
1288 2863 1554 3013 noſtre
1637 2863 2057 3013 Exercice;
2113 2863 2378 3013 quand
2420 2863 2462 3013 il
2504 2863 2588 3013 s’y
2644 2863 3007 3013 preſente
3077 2863 3426 3013 quelque
3482 2863 3720 3013 aion
3804 2863 3831 3013 ſi
3901 2863 4265 3013 difficile,
4363 2863 4488 3013 que
4558 2863 4614 3013 le
4670 2863 4852 3013 juge

551 3004 741 3147 ment
817 3004 880 3147 de
918 3004 968 3147 la
1032 3004 1221 3147 veüe
1297 3004 1310 3147 y
1424 3004 1804 3147 manque,
1867 3004 2069 3147 nous
2107 3004 2310 3147 nous
2386 3004 2791 3147 adreſſons
2841 3004 2905 3147 au
3006 3004 3512 3147 Sentiment,
3588 3004 3702 3147 qui
3753 3004 3942 3147 nous
4031 3004 4449 3147 deſcouvre
4499 3004 4550 3147 le
4600 3004 4892 3147 princi-

516 3143 648 3284 pe,
713 3143 858 3284 d’où
937 3143 976 3284 le
1068 3143 1608 3284 mouvement
1660 3143 1752 3284 eſt
1831 3143 2239 3284 contraint
2331 3143 2383 3284 de
2462 3143 2633 3284 tirer
2699 3143 2922 3284 toute
3001 3143 3106 3284 ſon
3198 3143 3606 3284 addreſſe,
3738 3143 3751 3284 &
3830 3143 4290 3284 l’intention
4395 3143 4645 3284 eſtant
4724 3143 4895 3284 cog-

522 3282 703 3428 nue,
759 3282 829 3428 on
885 3282 926 3428 la
996 3282 1177 3428 peut
1233 3282 1651 3428 touſiours
1707 3282 2181 3428 empeſcher
2264 3282 2320 3428 de
2390 3282 2613 3428 ſortir
2654 3282 2905 3428 l’effet
2975 3282 3226 3428 qu’elle
3323 3282 3574 3428 deſire.
3714 3282 3881 3428 C’eſt
3937 3282 3992 3428 ce
4076 3282 4188 3428 qui
4229 3282 4606 3428 paroiſtra
4689 3282 4898 3428 dore-

523 3420 901 3567 ſenavant
985 3420 1041 3567 de
1097 3420 1251 3567 plus
1307 3420 1363 3567 en
1433 3420 1601 3567 plus
1643 3420 1643 3567 à
1699 3420 1741 3567 la
1797 3420 1994 3567 ſuite
2078 3420 2134 3567 de
2190 3420 2316 3567 nos
2400 3420 2694 3567 Tables.
2890 3420 3002 3567 Car
3072 3420 3100 3567 ſi
3142 3420 3240 3567 les
3297 3420 3703 3567 occaſions
3773 3420 3829 3567 de
3871 3420 3927 3567 la
4011 3420 4333 3567 dixieme
4403 3420 4529 3567 ont
4599 3420 4740 3567 eſté
4824 3420 4880 3567 de

535 3556 759 3706 groſſe
842 3556 1149 3706 eſtoffe,
1205 3556 1261 3706 je
1331 3556 1428 3706 di,
1484 3556 1526 3706 ſi
1582 3556 1638 3706 ce
1708 3556 1819 3706 ont
1889 3556 2029 3706 eſté
2112 3556 2168 3706 de
2266 3556 2531 3706 grands
2615 3556 3229 3706 mouvements,
3341 3556 3355 3706 &
3410 3556 3522 3706 qui
3578 3556 3955 3706 eſtoyent
4025 3556 4164 3706 fort
4234 3556 4499 3706 faciles
4555 3556 4555 3706 à
4611 3556 4848 3706 recog

520 3698 814 3841 noiſtre
867 3698 1067 3841 pour
1147 3698 1627 3841 Alexandre,
1654 3698 2134 3841 l’Onzieme
2200 3698 2387 3841 vous
2454 3698 2507 3841 en
2614 3698 2867 3841 mettra
2960 3698 3227 3841 devant
3280 3698 3374 3841 les
3427 3698 3614 3841 yeux
3680 3698 3787 3841 des
3840 3698 4094 3841 autres
4147 3698 4307 3841 plus
4360 3698 4707 3841 ſubtiles.
4827 3698 4894 3841 Et

541 3837 857 3981 comme
925 3837 1104 3981 ainſi
1145 3837 1323 3981 ſoit,
1378 3837 1502 3981 que
1543 3837 1872 3981 juſques
1914 3837 2037 3981 icy
2092 3837 2353 3981 noſtre
2463 3837 2888 3981 Alexandre
2943 3837 3039 3981 ait
3094 3837 3492 3981 touſiours
3547 3837 3808 3981 taſché
3876 3837 4316 3981 d’aſſujettir
4371 3837 4645 3981 l’eſpee
4714 3837 4878 3981 con-

525 3978 742 4120 traire
797 3978 810 4120 à
864 3978 905 4120 la
987 3978 1339 4120 Secoude
1407 3978 1828 4120 Inſtance;
1909 3978 2153 4120 diſons
2221 3978 2384 4120 qu’il
2452 3978 2465 4120 y
2533 3978 2533 4120 a
2628 3978 2818 4120 deux
2913 3978 3279 4120 manieres
3347 3978 3822 4120 principales
3876 3978 4066 4120 pour
4134 3978 4256 4120 luy
4310 3978 4636 4120 rompre
4704 3978 4880 4120 ceſte

524 4114 996 4255 approche,
1049 4114 1259 4255 l’une
1337 4114 1390 4255 en
1495 4114 1980 4255 demeurant
2059 4114 2347 4255 ferme,
2439 4114 2623 4255 dont
2688 4114 2885 4255 nous
2938 4114 3174 4255 avons
3253 4114 3580 4255 propoſé
3659 4114 3751 4255 les
3817 4114 4223 4255 exemples
4276 4114 4407 4255 aux
4486 4114 4879 4255 Tableaux

522 4251 1049 4396 precedents,
1167 4251 1167 4396 &
1220 4251 1496 4396 l’autre
1549 4251 1602 4396 en
1681 4251 1733 4396 ſe
1799 4251 2141 4396 retirant
2220 4251 2273 4396 en
2365 4251 2694 4396 arriere.
2892 4251 3115 4396 Voicy
3208 4251 3405 4396 donc
3563 4251 3866 4396 acharie
3958 4251 4063 4396 qui
4129 4251 4247 4396 s’en
4340 4251 4392 4396 va
4471 4251 4879 4396 pratiquer

521 4383 610 4530 les
673 4383 1104 4530 retirades,
1155 4383 1598 4530 toutesfois
1649 4383 1814 4530 ſans
1903 4383 2296 4530 deſtacher
2372 4383 2460 4530 les
2537 4383 2841 4530 eſpees:
2929 4383 3018 4530 car
3082 4383 3500 4530 touchant
3576 4383 3665 4530 les
3753 4383 4146 4530 cavations
4273 4383 4273 4530 &
4337 4383 4894 4530 notamment

521 4524 613 4672 les
665 4524 953 4672 feintes
992 4524 1019 4672 il
1084 4524 1123 4672 en
1202 4524 1215 4672 a
1280 4524 1424 4672 eſté
1490 4524 1752 4672 parlé,
1857 4524 1857 4672 &
1935 4524 1988 4672 en
2053 4524 2197 4672 ſera
2289 4524 2629 4672 diſcouru
2721 4524 2996 4672 encore
3061 4524 3506 4672 autrepart.
3755 4524 4227 4672 Maintenant
4318 4524 4620 4672 voyons
4685 4524 4894 4672 com-

558 4662 742 4811 ment
821 4662 861 4811 il
940 4662 1203 4811 taſche
1282 4662 1282 4811 à
1361 4662 1493 4811 luy
1585 4662 1901 4811 rompre
1980 4662 2020 4811 la
2138 4662 2467 4811 meſure,
2612 4662 2625 4811 &
2717 4662 3033 4811 comme
3152 4662 3587 4811 Alexandre
3666 4662 4021 4811 reprend
4100 4662 4508 4811 touſiours
4587 4662 4877 4811 nouvel

521 4817 962 4944 avantage.

2805 5035 2988 5158 deux
3049 5035 3268 5158 pieds
3341 5035 3610 5158 devers
3670 5035 3719 5158 le
3841 5035 4280 5158 Diametre,
4402 5035 4414 5158 &
4500 5035 4621 5158 cela
4695 5035 4877 5158 avec

2778 5160 2928 5286 une
2978 5160 3216 5286 petite
3291 5160 3629 5286 retirade
3704 5160 3754 5286 du
3841 5160 4016 5286 pied
4091 5160 4454 5286 gauche,
4542 5160 4892 5286 deſtour-

2773 5286 2956 5414 nant
3004 5286 3114 5414 par
3174 5286 3344 5414 ainſi
3393 5286 3442 5414 le
3502 5286 3697 5414 coſté
3770 5286 3952 5414 droit
4013 5286 4049 5414 en
4147 5286 4426 5414 dehors
4475 5286 4535 5414 un
4608 5286 4730 5414 peu
4815 5286 4864 5414 en

2773 5411 3084 5538 arriere,
3171 5411 3183 5538 &
3233 5411 3519 5538 laiſſant
3582 5411 4316 5538 aller(moyennant
4391 5411 4727 5538 quelque
4776 5411 4888 5538 pe-

2776 5539 2901 5662 tite
2976 5539 3724 5662 deſgraduation)le
3786 5539 3949 5662 bras
4011 5539 4310 5662 eſtendu
4385 5539 4560 5662 avec
4597 5539 4872 5662 l’eſpee

2790 5663 2828 5786 en
2918 5663 3163 5786 droite
3201 5663 3445 5786 ligne,
3497 5663 3548 5786 au
3638 5663 3883 5786 deſſus
3921 5663 3973 5786 le
4037 5663 4230 5786 coſté
4307 5663 4358 5786 du
4474 5663 4731 5786 Quarré
4783 5663 4886 5786 In-

2778 5790 2970 5911 ſcrit,
3046 5790 3341 5911 marqué
3456 5790 3456 5911 X
3584 5790 3635 5911 N,
3687 5790 3866 5911 avec
3930 5790 4378 5911 Sentiment
4468 5790 4583 5911 Vif.

2916 5908 2986 6010 Le
3056 5908 3219 6010 tout
3288 5908 3335 6010 en
3393 5908 3789 6010 intention
3870 5908 4289 6010 d’attendre
4359 5908 4406 6010 en
4487 5908 4673 6010 ceſte
4732 5908 4871 6010 for-

2812 6038 2919 6163 me,
2990 6038 3585 6163 qu’ALExandre
3656 6038 3775 6163 luy
3859 6038 4120 6163 vienne
4168 6038 4442 6163 porter
4501 6038 4870 6163 derechef

2778 6161 3197 6286 l’eſtocade
3250 6161 3302 6286 au
3368 6161 3551 6286 long
3617 6161 4036 6286 duQuarré
4088 6161 4337 6286 Inſcrit
4390 6161 4403 6286 à
4455 6161 4495 6286 la
4573 6161 4875 6286 Troiſie-

2803 6287 2888 6413 me
2948 6287 3312 6413 Inſtance
3348 6287 3578 6413 lettre
3687 6287 3747 6413 N:
3808 6287 3905 6413 car
3953 6287 4122 6413 puis
4183 6287 4340 6413 qu’il
4401 6287 4619 6413 ſeroit
4703 6287 4873 6413 con-

2782 6411 3058 6532 train
3118 6411 3190 6532 de
3250 6411 3310 6532 ce
3370 6411 3538 6532 faire
3610 6411 3658 6532 en
3730 6411 4006 6532 paſſant
4079 6411 4247 6532 avec
4295 6411 4343 6532 la
4403 6411 4703 6532 pointe,
4763 6411 4871 6532 qui

2798 6531 2876 6662 eſt
2928 6531 2980 6662 le
3032 6531 3267 6662 foible
3345 6531 3397 6662 de
3449 6531 3723 6662 l’eſpee
3762 6531 3879 6662 par
3919 6531 3971 6662 le
4036 6531 4179 6662 fort
4257 6531 4323 6662 de
4375 6531 4414 6662 la
4466 6531 4792 6662 ſienme,
4844 6531 4883 6662 il

2780 6662 3024 6788 auroit
3110 6662 3354 6788 moyen
3440 6662 3501 6788 de
3550 6662 3660 6788 luy
3721 6662 4002 6788 fermer
4051 6662 4100 6788 la
4149 6662 4381 6788 ligne,
4491 6662 4491 6788 &
4576 6662 4625 6788 de
4699 6662 4882 6788 don-

2773 6788 2896 6880 ner
2953 6788 3279 6880 atteinte
3335 6788 3391 6880 au
3459 6788 3583 6880 lieu
3672 6788 3796 6880 d’en
3864 6788 4246 6880 recevoir.
