5520 7640
1351 475 1651 670 Cercle
1881 475 2158 670 N.2.

674 758 958 878 Alexandre
1001 758 1361 878 pourſuivant
1416 758 1732 878 l’operation
1775 758 2211 878 encommencée,
2266 758 2506 878 s’avance
2549 758 2582 878 le
2625 758 2734 878 pied

774 886 887 1001 droit
932 886 1179 1001 enſemble
1224 886 1336 1001 avec
1381 886 1404 1001 le
1460 886 1572 1001 coſté
1640 886 1842 1001 gauche
1899 886 1932 1001 du
1977 886 2123 1001 corps
2168 886 2213 1001 au
2281 886 2472 1001 dedans
2517 886 2551 1001 de
2607 886 2731 1001 l’an-

764 1012 854 1129 gle,
921 1012 1144 1129 mettant
1189 1012 1211 1129 le
1279 1012 1390 1129 pied
1458 1012 1614 1129 eſlevé
1670 1012 1681 1129 à
1748 1012 1883 1129 terre
1939 1012 1983 1129 au
2062 1012 2173 1129 deça
2229 1012 2263 1129 le
2352 1012 2610 1129 Diametre
2688 1012 2733 1129 au

760 1139 910 1249 point
998 1139 1036 1249 L.

1123 1320 1269 1442 Pres
1354 1320 1488 1442 que
1598 1320 2025 1442 ZACHARIE
2098 1320 2110 1442 à
2171 1320 2610 1442 parachevé
2683 1320 2719 1442 la

1093 1446 1587 1569 precedente
1661 1446 1982 1569 aion,
2143 1446 2143 1569 &
2241 1446 2402 1569 qu’il
2464 1446 2748 1569 attend

1113 1574 1241 1693 que
1311 1574 1404 1693 ſon
1533 1574 1917 1693 Contraire
1976 1574 2104 1693 luy
2185 1574 2454 1693 vienne
2535 1574 2745 1693 dere-

1099 1693 1256 1789 chef
1316 1693 1485 1789 tirer
1534 1693 1667 1789 une
1727 1693 2089 1789 eſtocade
2138 1693 2150 1789 à
2198 1693 2246 1789 la
2331 1693 2730 1789 Troiſieme

632 1801 1020 1942 Inſtance,
1081 1801 1117 1942 en
1214 1801 1663 1942 cheminant
1736 1801 1784 1942 du
1857 1801 2027 1942 pied
2087 1801 2269 1942 droit
2330 1801 2439 1942 par
2487 1801 2536 1942 la
2596 1801 2730 1942 tra-

639 1927 703 2063 ce
779 1927 829 2063 du
956 1927 1209 2063 Quarré
1272 1927 1576 2063 Inſcrit:
1652 1927 2310 2063 ALEXANDRE
2373 1927 2728 2063 pourſuit

620 2047 632 2185 à
713 2047 1106 2185 travailler
1152 2047 1279 2185 non
1360 2047 1475 2185 pas
1533 2047 1718 2185 ſelon
1799 2047 1995 2185 ceſte
2041 2047 2503 2185 intention,
2573 2047 2723 2185 mais

618 2174 802 2313 ſelon
875 2174 1378 2313 l’exigence,
1439 2174 1488 2313 en
1562 2174 1954 2313 avançant
2015 2174 2064 2313 le
2126 2174 2297 2313 pied
2395 2174 2579 2313 droit
2653 2174 2702 2313 du

618 2298 745 2442 lieu
835 2298 886 2442 où
962 2298 1000 2442 il
1051 2298 1268 2442 eſtoit
1319 2298 1574 2442 planté
1625 2298 1625 2442 à
1676 2298 1714 2442 la
1791 2298 2007 2442 Secon
2071 2298 2581 2442 deInſtance,
2606 2298 2747 2442 juſ-

646 2429 782 2564 qu’à
855 2429 892 2564 la
953 2429 1187 2564 lettre
1285 2429 1297 2564 L
1359 2429 1408 2564 au
1518 2429 1678 2564 deçà
1751 2429 1801 2564 le
1911 2429 2365 2564 Diametre;
2427 2429 2611 2564 avec
2685 2429 2734 2564 le

639 2560 851 2680 corps
895 2560 1197 2680 panché
1253 2560 1308 2680 un
1386 2560 1509 2680 peu
1587 2560 1632 2680 en
1721 2560 1989 2680 avant,
2134 2560 2134 2680 &
2212 2560 2726 2680 notamment

615 2674 663 2811 le
748 2674 929 2811 coſté
1002 2674 1352 2811 gauche,
1412 2674 1461 2811 en
1533 2674 1727 2811 ſorte
1811 2674 1968 2811 qu’il
2029 2674 2234 2811 entre
2282 2674 2403 2811 par
2464 2674 2524 2811 ce
2609 2674 2730 2811 mo-

635 2801 742 2929 yen
825 2801 1111 2929 dedans
1158 2801 1420 2929 l’angle
1492 2801 1551 2929 de
1599 2801 1872 2929 l’eſpee
1944 2801 2348 2929 contraire,
2396 2801 2729 2929 trainant

617 2925 668 3058 le
731 2925 896 3058 pied
959 2925 1250 3058 gauche
1314 2925 1415 3058 ſur
1466 2925 1567 3058 les
1630 2925 1884 3058 orteils
1960 2925 2276 3058 derriere
2327 2925 2606 3058 juſqu’à
2682 2925 2720 3058 la

615 3056 1011 3161 premiere
1083 3056 1358 3161 ſeion
1454 3056 1514 3161 de
1586 3056 1621 3161 la
1741 3056 2184 3161 Collaterale
2268 3056 2723 3161 exterieure

643 3174 902 3310 devant
976 3174 1013 3310 la
1087 3174 1321 3310 lettre
1408 3174 1445 3310 F.
1519 3174 1901 3310 ſujettant
2012 3174 2382 3310 derechef
2456 3174 2728 3310 l’eſpee

623 3312 1044 3434 contraire,
1101 3312 1295 3434 pour
1352 3312 1409 3434 en
1477 3312 1648 3434 tirer
1693 3312 1739 3434 la
1796 3312 2206 3434 pourſuite
2297 3312 2400 3434 des
2479 3312 2741 3434 opera-

620 3439 817 3552 tions
933 3439 944 3552 &
1037 3439 1512 3552 executions
1581 3439 2148 3552 repreſentées
2206 3439 2310 3552 ſur
2368 3439 2473 3552 les
2577 3439 2727 3552 Cer-

620 3564 752 3678 cles
884 3564 920 3678 N.
1015 3564 1051 3678 8.
1147 3564 1195 3678 9.
1255 3564 1327 3678 11.
1386 3564 1470 3678 12.
1530 3564 1614 3678 13.
1698 3564 1805 3678 qui
1877 3564 2224 3678 peuvent
2320 3564 2380 3678 ce
2464 3564 2739 3678 neant-

641 3686 860 3814 moins
909 3686 1299 3814 proceder
1348 3686 1519 3814 auſſi
1580 3686 1628 3814 en
1689 3686 1884 3814 ſuite
1957 3686 2006 3814 du
2116 3686 2360 3814 Cercle
2469 3686 2579 3814 N.5.
2616 3686 2725 3814 n’y

601 3811 836 3931 ayant
918 3811 1048 3931 que
1130 3811 1306 3931 ceſte
1376 3811 1576 3931 ſeule
1658 3811 2093 3931 difference
2187 3811 2246 3931 de
2328 3811 2739 3931 commen-

621 3940 727 4058 cer
786 3940 834 4058 en
905 3940 1023 4058 l’un
1094 3940 1271 4058 avec
1319 3940 1378 4058 le
1437 3940 1615 4058 pied
1686 3940 1875 4058 droit
1958 3940 2277 4058 devant,
2372 3940 2384 4058 &
2443 3940 2490 4058 en
2561 3940 2739 4058 l’au-

604 4068 712 4185 tre
760 4068 940 4185 avec
988 4068 1048 4185 le
1096 4068 1264 4185 pied
1336 4068 1660 4185 gauche.
1805 4068 2249 4185 Cependant
2309 4068 2549 4185 ſoyez
2621 4068 2741 4185 ad-

622 4191 807 4314 verti
869 4191 1004 4314 que
1066 4191 1115 4314 le
1189 4191 1362 4314 pied
1448 4191 1731 4314 gauche
1842 4191 1953 4314 d’A
2003 4191 2569 4314 1EXANDRE
2643 4191 2730 4314 eſt

610 4314 721 4443 icy
795 4314 1053 4443 planté
1152 4314 1201 4443 en
1287 4314 1336 4443 la
1410 4314 1656 4443 figure
1743 4314 1792 4443 au
1915 4314 2198 4443 dedans
2297 4314 2346 4443 du
2494 4314 2727 4443 Cercle

608 4439 713 4537 ſur
759 4439 806 4537 la
899 4439 1353 4537 Collaterale
1423 4439 1854 4537 interieure
1924 4439 2122 4537 entre
2169 4439 2273 4537 les
2343 4439 2530 4537 deux
2588 4439 2728 4537 let-

616 4565 765 4686 tres
864 4565 864 4686 G
989 4565 989 4686 &
1051 4565 1088 4686 I.
1163 4565 1225 4686 ce
1299 4565 1399 4686 qui
1448 4565 1461 4686 a
1523 4565 1660 4686 eſté
1709 4565 1834 4686 fait
1896 4565 2082 4686 pour
2169 4565 2430 4686 mettre
2480 4565 2517 4686 ſa
2592 4565 2741 4686 gar-

639 4693 699 4810 de
771 4693 819 4810 en
891 4693 1107 4810 veüe.
1275 4693 1419 4810 Mais
1467 4693 1515 4810 en
1587 4693 1635 4810 la
1707 4693 2067 4810 Pratique
2115 4693 2151 4810 il
2199 4693 2331 4810 ſera
2391 4693 2559 4810 plus
2631 4693 2739 4810 ex-

617 4816 950 4942 pedient
1049 4816 1468 4942 d’enſuivre
1554 4816 1603 4942 la
1714 4816 2281 4942 deſcription,
2392 4816 2725 4942 d’autant

635 4947 899 5070 qu’elle
965 4947 1044 5070 eſt
1096 4947 1254 5070 plus
1307 4947 1623 5070 propre.

791 5065 848 5185 Or
905 5065 1203 5185 comme
1283 5065 1466 5185 ceſte
1546 5065 1936 5185 operation
2050 5065 2371 5185 d’entrer
2440 5065 2611 5185 avec
2680 5065 2726 5185 le

622 5192 799 5318 pied
874 5192 1051 5318 droit
1102 5192 1115 5318 a
1178 5192 1317 5318 eſté
1380 5192 1797 5318 pratiquée
1873 5192 1911 5318 en
2012 5192 2075 5318 ce
2189 5192 2429 5318 Cercle
2517 5192 2555 5318 2.
2631 5192 2745 5318 par

652 5320 1233 5442 ALEXANDRE,
1279 5320 1500 5442 apres
1570 5320 1698 5442 que
1756 5320 1803 5442 le
1884 5320 2396 5442 mouvement
2454 5320 2512 5442 du
2617 5320 2733 5442 Cõ-

627 5443 853 5563 traire
904 5443 916 5563 a
979 5443 1118 5563 eſté
1194 5443 1370 5563 deſia
1433 5443 1610 5563 fini;
1673 5443 1862 5563 auſsi
1925 5443 1963 5563 la
2038 5443 2202 5563 faut
2240 5443 2278 5563 il
2328 5443 2744 5563 pratiquer

644 5568 914 5685 durant
949 5568 1008 5685 le
1102 5568 1360 5685 meſme
1430 5568 1689 5685 temps
1747 5568 1970 5685 avant
2053 5568 2205 5685 qu’il
2264 5568 2405 5685 ſoit
2487 5568 2651 5685 venu
2722 5568 2734 5685 à

631 5690 823 5810 bout
895 5690 955 5810 de
1016 5690 1112 5810 ſon
1172 5690 1617 5810 intention,
1725 5690 1737 5810 &
1809 5690 2074 5810 durant
2134 5690 2290 5810 qu’il
2351 5690 2435 5810 eſt
2507 5690 2735 5810 encor

639 5815 1049 5942 empeſché
1098 5815 1111 5942 à
1160 5815 1458 5942 former
1496 5815 1533 5942 la
1595 5815 2005 5942 ſituation:
2067 5815 2129 5942 ce
2191 5815 2352 5942 qu’il
2402 5815 2551 5942 faut
2625 5815 2750 5942 fai-

637 5941 687 6084 re
761 5941 798 6084 en
872 5941 1106 6084 ayant
1155 5941 1204 6084 le
1266 5941 1438 6084 pied
1488 5941 1796 6084 prompt
1857 5941 1857 6084 à
1907 5941 1968 6084 le
2017 5941 2523 6084 pourſuivre.

1377 6155 1691 6324 Cercle
1916 6155 2140 6324 N.3.

670 6430 863 6537 Durant
895 6430 927 6537 le
991 6430 1313 6537 mouvement
1366 6430 1398 6537 de
1441 6430 1655 6537 l’ation
1720 6430 1752 6537 de
1838 6430 2095 6537 Zacharie
2170 6430 2545 6537 dernierement
2620 6430 2727 6537 dite;

787 6551 1085 6674 Alexandre
1131 6551 1383 6674 s’avance
1451 6551 1486 6674 au
1566 6551 1726 6674 meſe
1795 6551 1955 6674 temps
2024 6551 2150 6674 aſſez
2207 6551 2482 6674 viſtement
2540 6551 2574 6674 le
2631 6551 2746 6674 pied

774 6679 883 6799 droit
926 6679 1025 6799 bien
1068 6679 1177 6799 pres
1232 6679 1264 6799 du
1363 6679 1668 6799 Diametre,
1711 6679 2028 6799 continuant
2071 6679 2082 6799 à
2126 6679 2431 6799 pourſuivre
2485 6679 2594 6799 tout
2638 6679 2736 6799 ſou-

768 6805 1061 6925 dainement
1108 6805 1213 6925 avec
1260 6805 1495 6925 l’autre,
1542 6805 1542 6925 à
1600 6805 1753 6925 volter
1812 6805 1847 6925 de
1905 6805 2069 6925 grand
2116 6805 2316 6925 viſteſſe
2363 6805 2363 6925 (
2503 6805 2539 6925 ce
2585 6805 2621 6925 en
2679 6805 2738 6925 de-

760 6926 997 7068 ſtachant
1047 6926 1110 7068 les
1148 6926 1360 7068 eſpees)
1398 6926 1486 7068 par
1561 6926 1786 7068 derriere
1836 6926 1874 7068 le
1936 6926 2036 7068 pied
2111 6926 2274 7068 droit,
2337 6926 2374 7068 de
2437 6926 2562 7068 ſorte
2625 6926 2750 7068 qu’il

3009 405 3145 547 vient
3213 405 3225 547 à
3281 405 3474 547 tomber
3531 405 3565 547 en
3621 405 3757 547 terre
3803 405 3894 547 par
3939 405 4041 547 delà
4086 405 4109 547 le
4200 405 4460 547 Diametre
4517 405 4585 547 ſur
4642 405 4676 547 la
4755 405 5016 547 Circonfe-

3010 529 3151 668 rence
3198 529 3340 668 entre
3470 529 3470 668 W
3588 529 3588 668 &
3706 529 3765 668 X,
3812 529 3847 668 en
3918 529 4131 668 donnant
4190 529 4473 668 l’eſtocade
4520 529 4532 668 à
4591 529 4626 668 ſa
4685 529 4862 668 partie
4933 529 5016 668 ad-

3018 668 3150 794 verſe
3194 668 3315 794 avec
3359 668 3381 794 le
3424 668 3534 794 bras
3589 668 3721 794 roide
3776 668 3776 794 à
3820 668 4039 794 travers
4083 668 4116 794 la
4171 668 4379 794 teſte.

3386 830 3556 983 Vant
3641 830 3762 983 que
3872 830 4322 983 ZACHARIE
4394 830 4480 983 ait
4552 830 4844 983 achevé
4917 830 5026 983 ce-

3371 970 3442 1110 dit
3526 970 3824 1110 dernier
3907 970 4468 1110 mouvement,
4551 970 4659 1110 qui
4718 970 4813 1110 eſt
4897 970 5016 1110 d’a-

3354 1095 3506 1229 voir
3587 1095 3868 1229 tourné
3938 1095 3997 1229 le
4078 1095 4242 1229 bras
4335 1095 4511 1229 avec
4581 1095 4861 1229 l’eſpee
4932 1095 4990 1229 au

3379 1219 3609 1358 deſſus
3677 1219 3731 1358 le
3799 1219 3988 1358 coſté
4070 1219 4110 1358 du
4246 1219 4503 1358 Quarré
4584 1219 4896 1358 Inſcrit;
5018 1219 5031 1358 &

2892 1347 3028 1492 que
3090 1347 3190 1492 ſon
3301 1347 3512 1492 eſpee
3586 1347 3698 1492 s’en
3797 1347 4194 1492 affoiblit,
4281 1347 4331 1492 en
4417 1347 4616 1492 ſorte
4703 1347 4864 1492 qu’il
4951 1347 4988 1492 en

2881 1470 3058 1614 perd
3129 1470 3318 1614 quaſi
3366 1470 3543 1614 tout
3591 1470 3638 1614 le
3709 1470 4194 1614 Sentiment;
4253 1470 4313 1614 au
4419 1470 4679 1614 meſme
4762 1470 5011 1614 temps

2912 1594 3546 1737 ALEXANDRE
3618 1594 3965 1737 S’avance
4084 1594 4084 1737 &
4144 1594 4347 1737 entre
4419 1594 4670 1737 deſſus
4718 1594 4897 1737 luy,
4957 1594 5005 1737 en

2876 1722 3197 1865 portant
3246 1722 3307 1865 le
3357 1722 3529 1865 pied
3603 1722 3788 1865 droit
3862 1722 4133 1865 depuis
4182 1722 4219 1865 la
4306 1722 4663 1865 Seconde
4725 1722 5033 1865 Inſtan-

2890 1849 2979 1991 ce,
3043 1849 3094 1991 où
3157 1849 3196 1991 il
3247 1849 3463 1991 eſtoit
3514 1849 3807 1991 planté,
3845 1849 4177 1991 juſques
4228 1849 4381 1991 bien
4470 1849 4635 1991 pres
4712 1849 4776 1991 du
4890 1849 5018 1991 Dia-

2904 1973 3164 2097 metre,
3201 1973 3436 2097 lettre
3535 1973 3596 2097 R,
3695 1973 3708 2097 &
3770 1973 4017 2097 oſtant
4066 1973 4103 2097 ſa
4165 1973 4351 2097 lame
4425 1973 4487 2097 de
4561 1973 4808 2097 deſſus
4858 1973 5018 2097 l’au-

2874 2103 3006 2235 tre,
3043 2103 3404 2235 pourſuit
3452 2103 3621 2235 tout
3693 2103 3826 2235 d’un
3898 2103 4067 2235 train
4139 2103 4139 2235 à
4200 2103 4380 2235 faire
4429 2103 4477 2235 la
4537 2103 4742 2235 volte
4802 2103 4802 2235 à
4863 2103 5031 2235 len-

2886 2227 3039 2370 vers
3110 2227 3300 2370 avec
3359 2227 3418 2370 le
3489 2227 3655 2370 pied
3749 2227 4093 2370 gauche,
4176 2227 4294 2370 qui
4341 2227 4625 2370 tombe
4684 2227 4732 2370 en
4815 2227 5016 2370 terre

2892 2350 3091 2481 entre
3241 2350 3241 2481 V
3378 2350 3378 2481 &
3490 2350 3502 2481 X
3589 2350 3826 2481 deſſus
3888 2350 3926 2481 la
4050 2350 4673 2481 Circonference
4735 2350 4922 2481 avec
4971 2350 5021 2481 le

2888 2483 3105 2608 corps
3177 2483 3478 2608 panché
3550 2483 3562 2608 à
3647 2483 3972 2608 l’envers
4080 2483 4333 2608 deſſus
4393 2483 4442 2608 le
4562 2483 4827 2608 meſme
4923 2483 5032 2608 ge-

2872 2602 3087 2735 nouil
3158 2602 3325 2735 plié,
3385 2602 3433 2735 en
3528 2602 3874 2735 donnant
3922 2602 3969 2735 le
4041 2602 4232 2735 coup
4327 2602 4768 2735 d’eſtocade
4840 2602 5019 2735 avec

2872 2728 2919 2832 le
2977 2728 3141 2832 bras
3199 2728 3503 2832 eſtendu
3585 2728 3585 2832 à
3655 2728 3948 2832 travers
3994 2728 4041 2832 la
4111 2728 4298 2832 teſte
4392 2728 4450 2832 de
4509 2728 4614 2832 ſon
4696 2728 5023 2832 contrai-

2872 2847 2970 2999 re,
3032 2847 3327 2999 comme
3377 2847 3414 2999 il
3475 2847 3561 2999 eſt
3623 2847 4090 2999 repreſenté
4152 2847 4201 2999 en
4275 2847 4484 2999 leurs
4533 2847 4866 2999 figures.

3636 3050 3960 3229 Cercle
4133 3050 4414 3229 N.4.

2894 3250 3017 3399 Ceſte
3053 3250 3323 3399 operation
3396 3250 3433 3399 ne
3494 3250 3665 3399 differe
3727 3250 3935 3399 guerres
3996 3250 4033 3399 de
4082 3250 4118 3399 la
4167 3250 4535 3399 precedente,
4596 3250 4718 3399 ſinon
4779 3250 4865 3399 que
4939 3250 5036 3399 Za-

2990 3379 3173 3526 charie
3208 3379 3242 3526 ſe
3288 3379 3529 3526 contente
3586 3379 3655 3526 icy
3712 3379 3747 3526 de
3792 3379 4010 3526 tourner
4056 3379 4079 3526 le
4125 3379 4274 3526 corps
4389 3379 4400 3526 &
4446 3379 4641 3526 l’eſpee
4698 3379 4813 3526 tant
4870 3379 5031 3526 ſeule-

3008 3514 3148 3644 ment,
3192 3514 3310 3644 ſans
3353 3514 3548 3644 retirer
3591 3514 3612 3644 le
3666 3514 3774 3644 pied
3828 3514 4023 3644 gauche
4066 3514 4109 3644 en
4163 3514 4454 3644 arriere.

3367 3677 3451 3807 Vis
3535 3677 3666 3807 que
3810 3677 3810 3807 Z
3882 3677 4277 3807 ACHARIE
4337 3677 4397 3807 ſe
4480 3677 4863 3807 contente
4959 3677 4995 3807 en

3346 3810 3407 3929 ce
3503 3810 3745 3929 Cercle
3830 3810 3866 3929 4.
3963 3810 4024 3929 de
4096 3810 4435 3929 tourner
4495 3810 5016 3929 ſimplement

3329 3937 3436 4057 les
3495 3937 3756 4057 orteils
3827 3937 3887 4057 de
3946 3937 4053 4057 ſes
4100 3937 4326 4057 pieds
4385 3937 4432 4057 en
4527 3937 4800 4057 devant
4871 3937 5026 4057 vers

3333 4064 3382 4183 le
3481 4064 3911 4183 Diametre,
3960 4064 4120 4183 ſans
4182 4064 4452 4183 retirer
4514 4064 4563 4183 le
4624 4064 4797 4183 pied
4870 4064 5030 4183 gau-

2883 4188 3039 4307 che,
3063 4188 3099 4307 il
3147 4188 3459 4307 s’enſuit
3531 4188 3711 4307 donc
3783 4188 3951 4307 qu’il
3987 4188 4071 4307 ne
4131 4188 4179 4307 ſe
4239 4188 4503 4307 recule
4551 4188 4671 4307 pas
4731 4188 4887 4307 tant
4959 4188 4995 4307 en

2873 4307 3188 4431 arriere,
3248 4307 3551 4431 comme
3599 4307 3660 4431 au
3769 4307 4011 4431 Cercle
4072 4307 4580 4431 precedent:
4653 4307 4689 4431 là
4774 4307 5016 4431 deſſus

2910 4431 3482 4552 ALEXANDRE
3563 4431 3925 4552 s’avance
4007 4431 4182 4552 avec
4263 4431 4322 4552 le
4392 4431 4567 4552 pied
4660 4431 4847 4552 droit
4928 4431 4998 4552 un

2875 4560 2998 4684 peu
3084 4560 3306 4684 outre
3343 4560 3405 4684 le
3503 4560 3762 4684 Centre
3823 4560 3922 4684 ſur
3983 4560 4033 4684 le
4131 4560 4501 4684 Diametre
4575 4560 4882 4684 oblicq,
4956 4560 5006 4684 en

2884 4684 3365 4807 continuant
3435 4684 3611 4807 tout
3694 4684 3752 4807 de
3823 4684 4010 4807 ſuite
4081 4684 4081 4807 à
4175 4684 4421 4807 volter
4491 4684 4667 4807 avec
4714 4684 4773 4807 le
4855 4684 5031 4807 pied

2888 4811 3260 4931 gauche;
3409 4811 3421 4931 &
3496 4811 3843 4931 d’autant
3918 4811 4079 4931 qu’il
4141 4811 4191 4931 ſe
4265 4811 4637 4931 retrouve
4699 4811 4811 4931 par
4885 4811 5022 4931 ceſt

2874 4936 3479 5057 advancement
3549 4936 3595 5057 au
3688 4936 3979 5057 dedans
4072 4936 4189 5057 des
4258 4936 5027 5057 perpendiculaires

2903 5063 2954 5186 de
3017 5063 3283 5186 l’eſpee
3346 5063 3790 5186 contraire,
3840 5063 3878 5186 il
3929 5063 3967 5186 la
4055 5063 4372 5186 quitte,
4524 5063 4537 5186 &
4613 5063 4727 5186 luy
4803 5063 5030 5186 porte

2871 5188 3056 5305 avec
3125 5188 3506 5305 extenſion
3621 5188 3668 5305 du
3760 5188 3922 5305 bras
3979 5188 4049 5305 un
4152 5188 4337 5305 coup
4429 5188 4880 5305 d’eſtocade
4949 5188 4995 5305 au

2889 5314 3090 5441 coſté
3152 5314 3340 5441 droit
3403 5314 3453 5441 du
3554 5314 3842 5441 viſage,
3905 5314 3955 5441 en
4043 5314 4432 5441 tournant
4507 5314 4557 5441 le
4645 5314 4821 5441 pied
4909 5314 5022 5441 qui

2895 5439 2972 5562 eſt
3024 5439 3281 5562 planté
3333 5439 3436 5562 ſur
3474 5439 3526 5562 le
3616 5439 3989 5562 Diametre
4054 5439 4311 5562 qblicq
4376 5439 4427 5562 en
4517 5439 4801 5562 dehors
4852 5439 4994 5562 bien

2880 5562 3049 5689 pres
3128 5562 3180 5689 de
3232 5562 3271 5689 la
3323 5562 3558 5689 lettre
3676 5562 3728 5689 Q,
3872 5562 3872 5689 &
3937 5562 4237 5689 voltant
4276 5562 4328 5689 le
4407 5562 4576 5689 pied
4642 5562 4942 5689 gauche
5007 5562 5020 5689 à

2873 5692 3203 5812 l’envers
3262 5692 3309 5812 en
3403 5692 3639 5812 ſorte,
3733 5692 3898 5812 qu’il
3957 5692 4169 5812 vient
4228 5692 4239 5812 à
4334 5692 4769 5812 deſcendre
4840 5692 5028 5812 avec

2876 5814 2974 5942 les
3035 5814 3304 5942 orteils
3353 5814 3463 5942 par
3537 5814 3671 5942 delà
3720 5814 3781 5942 le
3867 5814 4259 5942 Diametre
4308 5814 4381 5942 un
4442 5814 4577 5942 peu
4651 5814 4810 5942 plus
4859 5814 5030 5942 avãt

2896 5940 3024 6060 que
3088 5940 3754 6060 l’entrecoupure
3856 5940 3907 6060 de
3971 5940 4010 6060 la
4086 5940 4291 6060 ligne
4394 5940 4394 6060 S
4509 5940 4586 6060 X,
4688 5940 4739 6060 ſe
4829 5940 5021 6060 char-

2895 6060 3112 6192 geant
3150 6060 3201 6192 le
3265 6060 3482 6192 corps
3546 6060 3789 6192 deſſus
3840 6060 4018 6192 avec
4069 6060 4133 6192 le
4197 6060 4516 6192 genouil
4567 6060 4746 6192 plie,
4861 6060 4874 6192 &
4950 6060 4988 6192 en

2889 6190 3075 6290 ceſte
3156 6190 3470 6290 maniere
3528 6190 3563 6290 il
3621 6190 3911 6290 acheve
3981 6190 4016 6290 la
4097 6190 4318 6290 finale
4422 6190 4841 6290 execution
4945 6190 5015 6290 de

2881 6296 3310 6449 l’eſtocade
3398 6296 3411 6449 à
3512 6296 3815 6449 travers
3878 6296 3916 6449 la
4017 6296 4207 6449 teſte
4295 6296 4358 6449 de
4459 6296 5028 6449 l’Adverſaire;

2895 6446 3195 6569 comme
3267 6446 3303 6569 il
3363 6446 3639 6569 appert
3687 6446 3748 6569 au
3820 6446 4216 6569 pourtrait
4276 6446 4396 6569 des
4444 6446 4781 6569 figures.

3137 6562 3397 6684 Notez,
3471 6562 3730 6684 quand
3780 6562 4274 6684 l’adverſaire
4336 6562 4385 6684 ſe
4472 6562 4904 6684 deſtourne
4966 6562 5015 6684 le

2904 6676 3120 6814 corps
3168 6676 3349 6814 avec
3397 6676 3662 6814 l’eſpee
3734 6676 3782 6814 en
3866 6676 4179 6814 dehors,
4239 6676 4299 6814 au
4407 6676 4648 6814 deſſus
4708 6676 4756 6814 le
4828 6676 5021 6814 coſté

2909 6816 2962 6944 du
3094 6816 3345 6944 Quarré
3398 6816 3702 6944 Inſcrit,
3768 6816 3900 6944 que
3992 6816 4138 6944 c’eſt
4204 6816 4402 6944 alors
4468 6816 4521 6944 le
4587 6816 4745 6944 plus
4837 6816 5022 6944 ordi-

2893 6938 3136 7081 naire,
3200 6938 3328 7081 que
3380 6938 3418 7081 ſa
3469 6938 3661 7081 lame
3738 6938 3789 7081 en
3854 6938 4148 7081 perdle
4225 6938 4750 7081 Sentiment,
4853 6938 4917 7081 ou
5006 6938 5019 7081 à

4850 7105 5023 7173 tout
