5520 7640
3593 588 3892 804 Cercle
4169 588 4445 804 N.6.

2923 861 3216 1005 Cependant
3263 861 3685 1005 qu’Alexandre
3731 861 3790 1005 eſt
3825 861 3860 1005 en
3919 861 4071 1005 aion
4130 861 4352 1005 d’entrer
4399 861 4516 1005 avec
4551 861 4586 1005 le
4633 861 4738 1005 pied
4832 861 4832 1005 &
4879 861 5008 1005 coſté

3028 987 3213 1130 gauche
3260 987 3549 1130 audedans
3607 987 3641 1130 de
3676 987 3907 1130 l’angle,
3953 987 3965 1130 à
4011 987 4242 1130 l’inſtant
4312 987 4427 1130 qu’il
4485 987 4763 1130 commence
4821 987 4821 1130 à
4878 987 5006 1130 tom-

3014 1113 3118 1257 ber;
3199 1113 3442 1257 Zacharie
3488 1113 3511 1257 ſe
3557 1113 3719 1257 recule
3765 1113 3811 1257 en
3858 1113 4077 1257 arriere,
4146 1113 4435 1257 moyennant
4470 1113 4504 1257 le
4551 1113 4666 1257 pied
4712 1113 4932 1257 gauche,
4955 1113 4990 1257 ſe

3008 1239 3265 1384 courbant
3310 1239 3344 1384 au
3434 1239 3590 1384 meſme
3647 1239 3815 1384 temps
3860 1239 3882 1384 le
3949 1239 4050 1384 bras
4106 1239 4140 1384 de
4185 1239 4364 1384 l’eſpee
4431 1239 4543 1384 avec
4599 1239 4633 1384 la
4700 1239 4846 1384 garde
4902 1239 4992 1384 par

3024 1366 3176 1508 deſſus
3214 1366 3239 1508 la
3290 1366 3442 1508 teſte,
3480 1366 3582 1508 puis
3633 1366 3658 1508 il
3696 1366 3950 1508 recharge
4000 1366 4026 1508 le
4064 1366 4203 1508 corps
4241 1366 4318 1508 ſur
4368 1366 4394 1508 le
4432 1366 4622 1508 piedde
4685 1366 4901 1508 devant,
4990 1366 4990 1508 &

3023 1493 3161 1636 donne
3207 1493 3218 1636 à
3264 1493 3321 1636 ſon
3390 1493 3666 1636 Contraire
3712 1493 3746 1636 un
3792 1493 3907 1636 coup
3987 1493 4343 1636 d’Imbrocade
4412 1493 4458 1636 au
4515 1493 4630 1636 coſté
4687 1493 4882 1636 gauche
4951 1493 4986 1636 de

3000 1619 3034 1736 la
3080 1619 3397 1736 poitrine.

3373 1802 3495 1933 Eſte
3556 1802 3959 1933 operation
4032 1802 4386 1933 procede
4447 1802 4496 1933 en
4557 1802 4740 1933 ſuite
4825 1802 4886 1933 de
4935 1802 4972 1933 la

3333 1933 3883 2059 precedente,
3954 1933 4012 2059 au
4082 1933 4340 2059 temps
4434 1933 4984 2059 qu’ALEXAN-

3352 2057 3492 2184 DRE
3568 2057 3682 2184 fait
3771 2057 4127 2184 l’intrade
4216 2057 4267 2184 du
4368 2057 4546 2184 pied
4648 2057 4991 2184 gauche,

3332 2178 3590 2308 iceluy
3660 2178 3895 2308 eſtant
3953 2178 4000 2308 en
4082 2178 4235 2308 train
4340 2178 4411 2308 de
4481 2178 4797 2308 tomber
4880 2178 4985 2308 en-

2882 2303 3164 2429 ſemble
3222 2303 3398 2429 avec
3445 2303 3492 2429 le
3563 2303 3809 2429 corps.
3950 2303 4384 2429 ZAcHAlE
4490 2303 4666 2429 donc
4760 2303 4983 2429 retire

2868 2426 2916 2551 le
2977 2426 3147 2551 pied
3207 2426 3280 2551 de
3340 2426 3704 2551 derriere,
3764 2426 3813 2551 en
3885 2426 4237 2551 hauſſant
4358 2426 4370 2551 &
4430 2426 4818 2551 courbant
4903 2426 5000 2551 ce-

2884 2547 3168 2677 pendãt
3206 2547 3258 2677 le
3322 2547 3477 2677 bras
3542 2547 3606 2677 de
3658 2547 3929 2677 l’eſpee
3980 2547 4096 2677 par
4161 2547 4406 2677 deſſus
4457 2547 4496 2677 ſa
4561 2547 4767 2677 teſte,
4857 2547 4857 2677 &
4922 2547 4973 2677 en

2881 2676 3285 2801 ramenant
3334 2676 3370 2801 la
3444 2676 3713 2801 charge
3787 2676 3836 2801 du
3921 2676 4129 2801 corps
4191 2676 4301 2801 ſur
4362 2676 4411 2801 le
4484 2676 4656 2801 pied
4742 2676 4803 2801 de
4888 2676 4986 2801 de-

2881 2798 3078 2926 vant,
3115 2798 3152 2926 il
3201 2798 3447 2926 aſſene
3496 2798 3545 2926 ſa
3594 2798 3865 2926 pointe
3938 2798 3988 2926 en
4049 2798 4246 2926 ligne
4320 2798 4603 2926 courbe
4652 2798 4713 2926 au
4799 2798 4984 2926 coſté

2887 2924 3178 3051 gauche
3238 2924 3311 3051 de
3360 2924 3456 3051 ſon
3553 2924 4062 3051 Adverſaire;
4110 2924 4413 3051 ſuivant
4462 2924 4510 3051 la
4583 2924 4982 3051 repreſen-

2876 3051 3095 3172 tation
3193 3051 3303 3172 des
3352 3051 3669 3172 figures.

3017 3172 3105 3301 S’il
3156 3172 3470 3301 advient
3532 3172 4148 3301 qu’ALExandre
4211 3172 4374 3301 face
4424 3172 4776 3301 l’intrade
4826 3172 4977 3301 ſans

2879 3297 3139 3425 pauſer
3190 3297 3411 3425 avant
3476 3297 3631 3425 qu’il
3683 3297 3929 3425 plante
3994 3297 4046 3425 le
4124 3297 4292 3425 pied
4370 3297 4720 3425 gauche,
4772 3297 4979 3425 l’Ad-

2884 3425 3199 3548 verſaire
3281 3425 3327 3548 le
3409 3425 3677 3548 pourra
3759 3425 3899 3548 fort
3969 3425 4435 3548 facilement
4505 3425 4843 3548 toucher
4913 3425 4971 3548 de

2882 3548 3064 3639 ceſte
3113 3548 3622 3639 imbrocade.
3731 3548 3913 3639 Dont
3962 3548 3986 3639 il
4047 3548 4132 3639 eſt
4180 3548 4835 3639 tres-neceſſaire
4896 3548 4969 3639 de

2870 3673 3210 3796 prendre
3259 3673 3526 3796 bonne
3587 3673 3805 3796 garde
3866 3673 3878 3796 à
3963 3673 4012 3796 ce
4096 3673 4206 3796 qui
4279 3673 4364 3796 eſt
4424 3673 4716 3796 annoté
4776 3673 4886 3796 ſur
4922 3673 4971 3796 le

2914 3797 3148 3915 Cercle
3200 3797 3682 3915 precedent.
3773 3797 3812 3915 Et
3890 3797 3942 3915 de
4007 3797 4164 3915 fait,
4229 3797 4372 3915 c’eſt
4411 3797 4450 3915 la
4515 3797 4711 3915 ſeule
4776 3797 4971 3915 cauſe

2866 3918 3305 4050 pourquoy
3350 3918 3553 4050 nous
3609 3918 3665 4050 en
3744 3918 3980 4050 avons
4048 3918 4262 4050 voulu
4341 3918 4521 4050 vous
4566 3918 4971 4050 repreſen-

2861 4041 2960 4163 ter
3004 4041 3059 4163 le
3137 4041 3401 4163 danger
3479 4041 3744 4163 devanr
3799 4041 3898 4163 les
3953 4041 4185 4163 yeux:
4251 4041 4538 4163 duquel
4582 4041 4615 4163 il
4660 4041 4969 4163 s’enſuit

2899 4155 3364 4285 maintenant
3410 4155 3457 4285 le
3550 4155 3969 4285 Contraire.

3562 4366 3872 4537 Cercle
4115 4366 4381 4537 N7.

2887 4615 3135 4733 Zacharie
3188 4615 3393 4733 voulant
3458 4615 3630 4733 donner
3673 4615 3878 4733 encores
3921 4615 3954 4733 la
4018 4615 4169 4733 meſme
4212 4615 4568 4733 imbrocade;
4676 4615 4967 4733 Alexandre

2973 4736 3006 4864 ſe
3073 4736 3319 4864 deſtourne
3375 4736 3420 4864 au
3487 4736 3655 4864 meſme
3699 4736 3856 4864 temps
3901 4736 3923 4864 le
3968 4736 4091 4864 coſté
4158 4736 4348 4864 gauche
4415 4736 4449 4864 en
4516 4736 4717 4864 debors,
4762 4736 4974 4864 rever-

2974 4864 3086 4989 ſant
3130 4864 3153 4989 le
3198 4864 3309 4989 bras
3365 4864 3399 4989 de
3444 4864 3623 4989 l’eſpee
3679 4864 3791 4989 avec
3836 4864 3869 4989 la
3936 4864 4082 4989 garde
4205 4864 4205 4989 &
4261 4864 4597 4989 notamment
4653 4864 4686 4989 la
4753 4864 4977 4989 branche

2972 4990 3268 5115 interieure
3314 4990 3348 5115 en
3393 4990 3518 5115 haut
3564 4990 3655 5115 par
3700 4990 3848 5115 deſſus
3894 4990 3928 5115 la
3985 4990 4155 5115 meſure
4224 4990 4246 5115 de
4292 4990 4326 5115 la
4372 4990 4519 5115 teſte;
4565 4990 4599 5115 en
4667 4990 4883 5115 mettant
4929 4990 4963 5115 ſa

2971 5117 3144 5235 pointe
3213 5117 3397 5235 devant
3443 5117 3467 5235 le
3513 5117 3686 5235 viſage
3743 5117 3778 5235 du
3847 5117 4204 5235 Contraire.

3286 5314 3421 5445 'eſt
3482 5314 3592 5445 icy
3677 5314 4007 5445 encores
4068 5314 4117 5445 la
4215 5314 4471 5445 meſme
4544 5314 4935 5445 operation

3316 5441 3377 5566 du
3536 5441 3780 5566 Cercle
3865 5441 4403 5566 precedent,
4525 5441 4964 5566 toutesfois

3324 5565 3882 5691 ALEXANDRE
3987 5565 4034 5691 en
4150 5565 4534 5691 avançant
4627 5565 4685 5691 le
4778 5565 4953 5691 pied

3316 5689 3666 5817 gauche,
3716 5689 3941 5817 avant
4004 5689 4167 5817 qu’il
4204 5689 4267 5817 le
4304 5689 4505 5817 laiſſe
4567 5689 4893 5817 toucher
4943 5689 4955 5817 à

2852 5809 3087 5943 terre,
3136 5809 3173 5943 il
3235 5809 3284 5943 en
3358 5809 3371 5943 a
3420 5809 3544 5943 fait
3593 5809 3729 5943 une
3791 5809 4025 5943 petite
4087 5809 4334 5943 pauſe,
4371 5809 4556 5943 ſelon
4643 5809 4964 5943 l’adver-

2848 5940 3275 6061 tiſſement,
3333 5940 3459 6061 que
3517 5940 3713 6061 nous
3771 5940 4059 6061 venons
4128 5940 4244 6061 d’en
4336 5940 4659 6061 donner.
4774 5940 4947 6061 Dont

2852 6064 2901 6185 ſa
2951 6064 3197 6185 partie
3247 6064 3567 6185 adverſe
3616 6064 3703 6185 n’a
3752 6064 3912 6185 ſceu
3999 6064 4504 6185 commencer
4553 6064 4874 6185 pluſtoſt
4935 6064 4948 6185 à

2851 6188 2899 6310 ſe
2983 6188 3321 6310 mouvoir
3381 6188 3562 6310 pour
3623 6188 3671 6310 le
3719 6188 3996 6310 bleſſer
4093 6188 4455 6310 derechef
4527 6188 4575 6310 en
4660 6188 4696 6310 la
4804 6188 4961 6310 meſ-

2888 6313 2962 6436 me
3011 6313 3207 6436 ſorte
3268 6313 3317 6436 en
3378 6313 3586 6436 ligne
3648 6313 3990 6436 courbe,
4076 6313 4235 6436 qu’il
4296 6313 4370 6436 ne
4443 6313 4566 6436 s’en
4651 6313 4774 6436 ſoit
4847 6313 4958 6436 ap-

2850 6435 3124 6560 perceu
3195 6435 3374 6560 tout
3422 6435 3469 6560 au
3553 6435 3886 6560 premier
3934 6435 4219 6560 Inſtant
4279 6435 4398 6560 par
4434 6435 4481 6560 le
4541 6435 4946 6560 ſentimẽt:

2913 6560 2913 6689 &
2975 6560 3161 6689 pour
3198 6560 3322 6689 luy
3384 6560 3681 6689 rompre
3731 6560 3781 6689 le
3855 6560 4078 6689 coup,
4115 6560 4153 6689 il
4239 6560 4363 6689 met
4425 6560 4587 6689 tout
4661 6560 4959 6689 ſondai-

2849 6683 3176 6812 nement
3227 6683 3277 6812 le
3327 6683 3504 6812 pied
3542 6683 3554 6812 à
3617 6683 3806 6812 terre
3869 6683 3970 6812 ſur
4021 6683 4058 6812 la
4121 6683 4399 6812 ſeion
4500 6683 4563 6812 de
4626 6683 4676 6812 la
4739 6683 4941 6812 ligne

2918 6807 3047 6934 MS,
3112 6807 3421 6934 retirant
3486 6807 3873 6934 enſemble
3924 6807 3976 6934 le
4040 6807 4234 6934 coſté
4311 6807 4672 6934 gauche,
4814 6807 4827 6934 &
4891 6807 4943 6934 ſe

2845 6935 3239 7062 panchant
3288 6935 3301 7062 à
3350 6935 3682 7062 l’envers
3719 6935 3830 7062 ſur
3867 6935 3928 7062 le
3978 6935 4150 7062 pied
4212 6935 4396 7062 droit
4458 6935 4630 7062 avec
4679 6935 4729 7062 le
4778 6935 4950 7062 bras

4702 7066 4951 7167 roide,

659 450 824 602 tout
862 450 912 602 le
1001 450 1217 602 moins
1280 450 1547 602 qu’elle
1597 450 1711 602 s’en
1788 450 2117 602 affoiblit
2181 450 2358 602 fort,
2422 450 2739 602 d’autant

665 592 790 714 que
839 592 889 714 la
1001 592 1249 714 Nature
1336 592 1597 714 meſme
1634 592 1708 714 l’y
1770 592 2081 714 convie.
2205 592 2255 714 Et
2341 592 2490 714 c’eſt
2552 592 2751 714 alors

660 719 812 846 qu’il
859 719 1012 846 faut
1094 719 1352 846 mettre
1411 719 1516 846 ces
1587 719 1775 846 deux
1833 719 2232 846 dernieres
2291 719 2749 846 operations

653 838 701 983 en
797 838 1230 983 pratique,
1315 838 1363 983 en
1459 838 1868 983 obſervant
1953 838 2097 983 fort
2181 838 2747 983 ſerieuſement

656 971 922 1097 quand
960 971 998 1097 il
1062 971 1074 1097 y
1125 971 1303 1097 reſte
1366 971 1709 1097 quelque
1772 971 1963 1097 petit
2014 971 2470 1097 ſentiment,
2547 971 2610 1097 de
2661 971 2737 1097 ne

633 1093 682 1225 la
767 1093 1049 1225 quitter
1110 1093 1416 1225 jamais,
1501 1093 1623 1225 que
1709 1093 1893 1225 vous
1954 1093 2223 1225 n’ayez
2296 1093 2749 1225 preallable-

669 1215 851 1359 ment
900 1215 1191 1359 avancé
1300 1215 1313 1359 &
1361 1215 1616 1359 planté
1653 1215 1714 1359 le
1762 1215 1932 1359 pied
1993 1215 2175 1359 droit
2248 1215 2297 1359 en
2370 1215 2613 1359 terre,
2734 1215 2746 1359 &

658 1342 790 1485 que
838 1342 886 1485 le
958 1342 1246 1485 gauche
1306 1342 1438 1485 ſoit
1510 1342 1666 1485 deſia
1739 1342 1787 1485 en
1859 1342 2015 1485 ae
2099 1342 2231 1485 d’en
2327 1342 2735 1485 continuer

628 1467 677 1609 la
727 1467 1175 1609 pourſuite.
1275 1467 1412 1609 Mais
1461 1467 1499 1609 ſi
1536 1467 1586 1609 le
1648 1467 2034 1609 contraire
2096 1467 2109 1609 y
2171 1467 2221 1609 va
2283 1467 2395 1609 par
2445 1467 2743 1609 fineſſe,

688 1593 700 1739 &
763 1593 927 1739 qu’il
965 1593 1167 1739 laiſſe
1217 1593 1318 1739 les
1356 1593 1596 1739 lames
1646 1593 2126 1739 accouplées
2189 1593 2239 1739 en
2302 1593 2567 1739 bonne
2668 1593 2744 1739 Vi-

651 1715 881 1860 gneur
970 1715 1072 1860 Vif,
1136 1715 1327 1860 fort,
1404 1715 1468 1860 ou
1544 1715 1698 1860 plus
1749 1715 1953 1860 fort,
2029 1715 2093 1860 ce
2170 1715 2310 1860 que
2361 1715 2412 1860 le
2502 1715 2731 1860 Senti-

660 1841 848 1987 ment
907 1841 1095 1987 vous
1142 1841 1283 1987 fera
1354 1841 1836 1987 cognoiſtre,
1895 1841 2083 1987 alors
2130 1841 2165 1987 il
2212 1841 2295 1987 ne
2353 1841 2542 1987 vous
2600 1841 2730 1987 ſera

624 1963 1076 2110 nullement
1164 1963 1465 2110 loiſible
1565 1963 2167 2110 d’abandonner
2243 1963 2343 2110 ſon
2444 1963 2745 2110 l’eſpee,

634 2093 743 2254 par
816 2093 865 2254 ce
938 2093 1097 2254 qu’il
1146 2093 1389 2254 auroit
1475 2093 1719 2254 moyen
1804 2093 1877 2254 de
1938 2093 2121 2254 vous
2170 2093 2450 2254 fermer
2499 2093 2535 2254 la
2608 2093 2730 2254 lig-

620 2223 742 2359 ne,
803 2223 961 2359 mais
998 2223 1034 2359 il
1095 2223 1107 2359 y
1168 2223 1424 2359 faudra
1484 2223 1898 2359 appliquer
1947 2223 2044 2359 les
2105 2223 2556 2359 operations
2629 2223 2738 2359 qui

630 2343 818 2465 vous
865 2343 1030 2465 ſont
1101 2343 1513 2465 monſtrées
1595 2343 1642 2465 és
1725 2343 2019 2465 Cercles
2078 2343 2113 2465 2.
2231 2343 2231 2465 &
2301 2343 2348 2465 5.
2431 2343 2478 2465 du
2595 2343 2737 2465 der-

626 2466 777 2592 nier
847 2466 1197 2592 deſquels
1267 2466 1396 2592 ſuit
1454 2466 2049 2592 l’explication.

1291 3035 1621 3216 Cercle
1841 3035 2126 3216 N.5.

643 3283 946 3425 Alexandre
981 3283 1191 3425 s’ayant
1238 3283 1366 3425 laißé
1425 3283 1716 3425 eſchapper
1775 3283 2125 3425 l’oportunité
2195 3283 2230 3425 de
2300 3283 2591 3425 travailler
2661 3283 2731 3425 du-

721 3410 839 3550 rant
882 3410 914 3550 le
968 3410 1290 3550 mouvement
1344 3410 1376 3550 de
1430 3410 1462 3550 ſa
1516 3410 1688 3550 partie
1731 3410 1988 3550 adverſe,
2031 3410 2074 3550 ou
2128 3410 2214 3550 bien
2268 3410 2353 3550 que
2396 3410 2729 3550 l’attouche-

746 3533 858 3675 ment
892 3533 971 3675 luy
1016 3533 1276 3675 raporte,
1321 3533 1434 3675 qu’il
1468 3533 1660 3675 retient
1716 3533 1750 3675 un
1807 3533 2134 3675 raiſonnable
2179 3533 2484 3675 ſentiment;
2518 3533 2732 3675 ileſleve

727 3660 750 3797 le
809 3660 914 3797 pied
973 3660 1160 3797 gauche
1218 3660 1253 3797 du
1300 3660 1382 3797 lieu
1429 3660 1475 3797 ou
1510 3660 1545 3797 il
1604 3660 1744 3797 eſtoit
1791 3660 1966 3797 planté
2013 3660 2025 3797 à
2072 3660 2107 3797 la
2177 3660 2399 3797 Seconde
2457 3660 2715 3797 Inſtance,

724 3787 968 3923 l’avance
1011 3787 1117 3923 tout
1160 3787 1479 3923 bellement,
1521 3787 1553 3923 le
1596 3787 1766 3923 plante
1819 3787 2127 3923 finalement
2170 3787 2202 3923 en
2266 3787 2372 3923 deça
2415 3787 2446 3923 le
2532 3787 2723 3923 Diame-

724 3911 795 4048 tre
830 3911 913 4048 ſur
948 3911 984 4048 le
1031 3911 1219 4048 quarré
1267 3911 1443 4048 Inſcrit
1502 3911 1691 4048 devant
1738 3911 1773 4048 la
1809 3911 1962 4048 lettre
2021 3911 2080 4048 S,
2198 3911 2198 4048 &
2256 3911 2280 4048 ſe
2374 3911 2445 4048 met
2504 3911 2539 4048 le
2610 3911 2716 4048 coſte

738 4036 926 4173 gauche
985 4036 1020 4173 du
1068 4036 1303 4173 corps(en
1362 4036 1762 4173 aſſujettiſſant
1798 4036 1974 4173 l’eſpee
2021 4036 2316 4173 contraire)
2363 4036 2410 4173 un
2457 4036 2539 4173 peu
2610 4036 2716 4173 d’a-

724 4161 964 4279 vantage
1013 4161 1053 4279 au
1123 4161 1312 4279 dedans
1372 4161 1442 4279 des
1482 4161 2020 4279 perpendiculaires.

1073 4317 1227 4436 Pres
1346 4317 1465 4436 que
1595 4317 2059 4436 ZACHARIE
2130 4317 2142 4436 à
2249 4317 2570 4436 conduit
2653 4317 2712 4436 ce

1085 4439 1587 4561 mouvement
1635 4439 1647 4561 à
1694 4439 1862 4561 fin,
1933 4439 2256 4561 aſſavoir
2340 4439 2507 4561 qu’il
2567 4439 2722 4561 s’eſt

1051 4555 1330 4696 tourné
1378 4555 1427 4696 le
1499 4555 1718 4696 corps
1778 4555 1960 4696 avec
2008 4555 2287 4696 l’eſpee
2360 4555 2602 4696 deſſus
2663 4555 2711 4696 le

1072 4692 1272 4818 coſté
1339 4692 1392 4818 du
1526 4692 1779 4818 Quarré
1846 4692 2166 4818 Inſcrit;
2233 4692 2727 4818 l’adverſaire

591 4817 823 4937 ayant
872 4817 1043 4937 failli
1117 4817 1178 4937 de
1227 4817 1630 4937 travailler
1691 4817 1960 4937 durant
1997 4817 2058 4937 le
2132 4817 2389 4937 meſme
2437 4817 2719 4937 temps,

599 4946 658 5062 ou
751 4946 821 5062 ne
879 4946 1159 5062 l’ayant
1206 4946 1334 5062 pas
1393 4946 1603 5062 voulu
1673 4946 1848 5062 faire
1894 4946 2092 5062 pour
2151 4946 2209 5062 ce
2279 4946 2419 5062 que
2477 4946 2512 5062 il
2559 4946 2711 5062 ſen-

590 5067 735 5188 toit
796 5067 808 5188 y
880 5067 1050 5188 eſtre
1122 5067 1485 5188 conſervé
1545 5067 1606 5188 un
1715 5067 1920 5188 Poids
1969 5067 2513 5188 raiſonnable,
2634 5067 2682 5188 ou

586 5190 1065 5312 finalement
1137 5190 1293 5312 qu’il
1341 5190 1461 5312 luy
1521 5190 1604 5312 ait
1664 5190 1868 5312 voulu
1952 5190 2335 5312 accorder
2419 5190 2491 5312 de
2563 5190 2706 5312 par-

587 5317 764 5433 faire
811 5317 917 5433 ſon
987 5317 1434 5433 intention:
1505 5317 2046 5433 ALEXANDRE
2105 5317 2458 5433 pourſuit
2517 5317 2705 5433 donc

591 5420 603 5551 à
678 5420 1075 5551 travailler
1137 5420 1200 5551 de
1249 5420 1299 5551 la
1386 5420 1746 5551 Seconde
1809 5420 2157 5551 Inſtance
2244 5420 2293 5551 où
2380 5420 2418 5551 il
2492 5420 2703 5551 eſtoit

606 5566 899 5685 planté;
948 5566 984 5685 il
1058 5566 1338 5685 eſleve,
1497 5566 1497 5685 &
1583 5566 1863 5685 avance
1937 5566 2388 5685 lentement
2425 5566 2474 5685 le
2535 5566 2706 5685 pied

611 5692 937 5813 gauche,
1037 5692 1050 5813 &
1100 5692 1313 5813 avant
1388 5692 1538 5813 qu’il
1601 5692 1651 5813 le
1714 5692 1914 5813 laiſſe
1989 5692 2327 5813 toucher
2390 5692 2428 5813 la
2515 5692 2703 5813 terre

599 5818 710 5940 par
747 5818 1340 5940 l’avancement
1401 5818 1463 5940 du
1549 5818 1735 5940 coſté
1796 5818 2118 5940 gauche,
2155 5818 2192 5940 il
2241 5818 2290 5940 en
2364 5818 2476 5940 fait
2562 5818 2698 5940 une

604 5943 842 6067 petite
892 5943 1142 6067 pauſe,
1192 5943 1530 6067 prenant
1593 5943 2244 6067 ſoigneuſement
2332 5943 2545 6067 garde
2620 5943 2682 6067 au

613 6069 824 6173 Poids
899 6069 961 6173 de
1010 6069 1109 6173 ſon
1184 6069 1655 6173 adverſaire,
1717 6069 1804 6173 s’il
1853 6069 2163 6173 vouloit
2225 6069 2523 6173 taſcher
2585 6069 2709 6173 d’a-

595 6196 920 6315 venture
968 6196 980 6315 à
1028 6196 1209 6315 faire
1269 6196 1474 6315 autre
1546 6196 1799 6315 choſe;
1884 6196 2040 6315 mais
2089 6196 2245 6315 puis
2317 6196 2474 6315 qu’il
2522 6196 2595 6315 ne
2643 6196 2691 6315 ſe

617 6318 798 6444 meut
846 6318 1099 6444 point,
1148 6318 1184 6444 il
1232 6318 1485 6444 plante
1533 6318 1582 6444 le
1642 6318 1811 6444 pied
1871 6318 1919 6444 en
2004 6318 2197 6444 terre
2257 6318 2317 6444 au
2414 6318 2703 6444 dedans

610 6446 661 6569 du
789 6446 1044 6569 Quarré
1108 6446 1402 6569 Inſcrit,
1440 6446 1619 6569 avec
1657 6446 1760 6569 les
1811 6446 2079 6569 orteils
2143 6446 2411 6569 devant
2462 6446 2501 6569 la
2577 6446 2705 6569 let-

580 6567 679 6697 tre
754 6567 791 6697 S.
840 6567 1149 6697 entrant
1211 6567 1261 6697 du
1347 6567 1545 6697 coſté
1607 6567 1892 6697 gauche
1953 6567 2003 6697 au
2090 6567 2362 6697 dedans
2436 6567 2498 6697 de
2547 6567 2696 6697 l’an-

601 6699 689 6821 gle
764 6699 864 6821 des
939 6699 1126 6821 deux
1201 6699 1489 6821 eſpees,
1514 6699 1576 6821 le
1639 6699 1851 6821 corps
1914 6699 2201 6821 eſtẽdu,
2226 6699 2327 6821 les
2389 6699 2702 6821 genoux

582 6825 881 6945 roides,
988 6825 1000 6945 &
1048 6825 1096 6945 le
1156 6825 1323 6945 pied
1394 6825 1574 6945 droit
1633 6825 1908 6945 trainãt
1968 6825 2039 6945 un
2111 6825 2231 6945 peu
2302 6825 2517 6945 apres
2577 6825 2696 6945 ou-

575 6947 672 7064 tre
733 6947 770 7064 la
819 6947 1063 7064 lettre
1148 6947 1209 7064 G;
1258 6947 1551 7064 comme
1599 6947 1636 7064 il
1685 6947 1734 7064 ſe
1795 6947 1941 7064 voit
2002 6947 2051 7064 en
2112 6947 2161 7064 la
2222 6947 2490 7064 figure.
