5520 7640
691 506 947 617 roide,
1021 506 1070 617 en
1143 506 1522 617 tournant
1632 506 1632 617 &
1693 506 2047 617 hauſſant
2096 506 2132 617 la
2181 506 2536 617 branche
2597 506 2780 617 inte-

684 640 937 768 rieure
1000 640 1063 768 de
1113 640 1151 768 ſa
1227 640 1441 768 garde
1492 640 1656 768 plus
1694 640 1883 768 haut
1934 640 2072 768 que
2123 640 2161 768 ſa
2211 640 2426 768 teſte,
2489 640 2539 768 de
2590 640 2779 768 ſorte

705 765 864 888 qu’il
912 765 961 888 en
1047 765 1339 888 enſerre
1388 765 1425 888 la
1474 765 1669 888 lame
1766 765 2181 888 Contraire,
2291 765 2291 888 &
2340 765 2462 888 luy
2547 765 2669 888 met
2730 765 2767 888 la

686 892 961 1018 pointe
1009 892 1128 1018 par
1188 892 1606 1018 courtoiſie
1677 892 1940 1018 devant
1988 892 2047 1018 le
2107 892 2394 1018 viſage,
2441 892 2525 1018 ne
2573 892 2776 1018 tenãt

689 1014 824 1153 qu’à
886 1014 1008 1153 luy
1070 1014 1192 1153 d’en
1266 1014 1438 1153 faire
1487 1014 2027 1153 l’execution;
2089 1014 2395 1153 comme
2432 1014 2469 1153 il
2530 1014 2616 1153 eſt
2678 1014 2776 1153 re-

676 1147 1035 1269 preſenté
1099 1147 1202 1269 par
1253 1147 1356 1269 les
1407 1147 1728 1269 figures.

854 1268 1078 1362 Notez
1137 1268 1444 1362 comme
1538 1268 1880 1362 ZAcharie
1927 1268 1974 1362 ſe
2045 1268 2339 1362 courbe
2375 1268 2433 1362 le
2481 1268 2646 1362 bras
2705 1268 2752 1362 en

699 1387 998 1514 dehors,
1045 1387 1224 1514 pour
1272 1387 1451 1514 tirer
1499 1387 1595 1514 ſon
1678 1387 2203 1514 Imbrocade,
2287 1387 2621 1514 qu’ALEx
2669 1387 2777 1514 an-

678 1513 794 1643 dre
852 1513 1141 1643 courbe
1188 1513 1246 1643 le
1292 1513 1408 1643 ſien
1477 1513 1535 1643 au
1616 1513 1999 1643 contraire
2057 1513 2242 1643 pour
2312 1513 2486 1643 faire
2555 1513 2590 1643 ſa
2671 1513 2775 1643 de-

662 1638 900 1760 fenſe,
950 1638 1075 1760 luy
1138 1638 1513 1760 oppoſant
1563 1638 1626 1760 au
1739 1638 2001 1760 meſme
2064 1638 2327 1760 temps
2377 1638 2427 1760 la
2502 1638 2765 1760 pointe

672 1764 1113 1856 renverſée.

1392 2451 1701 2622 Cercle
2033 2451 2209 2622 .8.

666 2707 772 2828 Ceſt
808 2707 867 2828 icy
914 2707 996 2828 une
1044 2707 1315 2828 pourſuite
1374 2707 1409 2828 du
1480 2707 1634 2828 Cercle
1693 2707 1728 2828 5.
1834 2707 2129 2828 Alexandre
2176 2707 2200 2828 ſe
2259 2707 2306 2828 va
2353 2707 2577 2828 pancher
2625 2707 2695 2828 ſur
2743 2707 2754 2828 le

766 2831 878 2953 pied
935 2831 969 2953 de
1025 2831 1240 2953 devant,
1285 2831 1319 2953 en
1375 2831 1589 2953 laiſſant
1646 2831 1849 2953 trainer
1894 2831 1928 2953 un
1973 2831 2075 2953 bien
2131 2831 2199 2953 peu
2255 2831 2458 2953 l’autre
2504 2831 2650 2953 apres
2695 2831 2729 2953 ſu

768 2955 826 3075 les
873 2955 1093 3075 orteils;
1140 2955 1174 3075 ce
1221 2955 1488 3075 qu’eſtant
1534 2955 1650 3075 fait,
1674 2955 1708 3075 il
1755 2955 1999 3075 s’avance
2045 2955 2219 3075 quand
2312 2955 2312 3075 &
2370 2955 2544 3075 quand
2591 2955 2614 3075 le
2660 2955 2718 3075 pie

775 3080 967 3205 gauche
1003 3080 1123 3205 avec
1159 3080 1195 3205 le
1255 3080 1399 3205 milieu
1471 3080 1543 3205 ſur
1579 3080 1615 3205 la
1663 3080 1819 3205 lettre
1903 3080 1963 3205 S,
2023 3080 2059 3205 en
2131 3080 2335 3205 faiſant
2407 3080 2563 3205 prinſe
2646 3080 2682 3205 de
2730 3080 2754 3205 la

770 3206 924 3328 garde
968 3206 1254 3328 contraire,
1331 3206 1617 3328 moyennant
1661 3206 1694 3328 le
1749 3206 2134 3328 deſtachement
2189 3206 2256 3328 des
2300 3206 2465 3328 lames
2542 3206 2762 3328 deſquel-

756 3333 825 3449 les
871 3333 905 3449 il
939 3333 1146 3449 conduit
1215 3333 1249 3449 la
1318 3333 1513 3449 pointe
1571 3333 1594 3449 de
1651 3333 1685 3449 la
1743 3333 1903 3449 ſienne
1949 3333 2121 3449 contre
2156 3333 2190 3449 la
2248 3333 2466 3449 poitrine
2523 3333 2557 3449 de
2626 3333 2741 3449 l’ad

759 3461 1067 3566 verſaire.

1132 3639 1270 3761 Eſte
1345 3639 1746 3761 operation
1847 3639 2198 3761 procede
2273 3639 2323 3761 en
2411 3639 2599 3761 ſuite
2674 3639 2737 3761 du

1131 3764 1376 3872 Cercle
1449 3764 1486 3872 5.
1572 3764 1621 3872 où
1743 3764 2307 3872 ALEXANDRE
2393 3764 2479 3872 eſt
2565 3764 2761 3872 entré

1110 3891 1399 4016 dedans
1465 3891 1727 4016 l’angle
1819 3891 1990 4016 avec
2068 3891 2121 4016 le
2213 3891 2384 4016 pied
2462 3891 2764 4016 gauche

1113 4017 1383 4140 devant
1432 4017 1580 4140 bien
1654 4017 1826 4140 pres
1887 4017 1949 4140 de
1998 4017 2047 4140 la
2096 4017 2330 4140 lettre
2416 4017 2453 4140 S.
2564 4017 2748 4140 Main-

627 4139 898 4249 tenant
962 4139 1146 4249 donc
1211 4139 1243 4249 il
1287 4139 1341 4249 ſe
1405 4139 1459 4249 va
1524 4139 1870 4249 pancher
1924 4139 1978 4249 le
2043 4139 2227 4249 coſté
2302 4139 2540 4249 gaucli
2681 4139 2735 4249 du

634 4254 847 4376 corps
918 4254 965 4376 en
1036 4254 1260 4376 avant
1307 4254 1402 4376 ſur
1449 4254 1496 4376 le
1579 4254 1850 4376 meſme
1909 4254 2110 4376 pied,
2193 4254 2240 4376 en
2334 4254 2535 4376 ſorte
2618 4254 2748 4376 que

622 4375 890 4498 l’autre
937 4375 1182 4498 traine
1240 4375 1299 4498 un
1380 4375 1497 4498 peu
1590 4375 1964 4498 derriere,
2010 4375 2372 4498 hauſſant
2442 4375 2500 4498 au
2605 4375 2757 4498 meſ-

660 4503 731 4624 me
791 4503 1041 4624 temps
1089 4503 1148 4624 le
1196 4503 1363 4624 bras
1470 4503 1482 4624 &
1530 4503 1565 4624 la
1661 4503 1804 4624 main
1899 4503 2185 4624 gauche
2268 4503 2471 4624 entre
2566 4503 2757 4624 deux

693 4627 693 4751 &
743 4627 756 4751 à
806 4627 1021 4751 l’egal
1096 4627 1209 4751 des
1272 4627 1587 4751 eſpees,
1675 4627 1978 4751 comme
2028 4627 2066 4751 il
2154 4627 2230 4751 eſt
2293 4627 2746 4751 repreſenté

635 4753 749 4875 par
812 4753 850 4875 la
926 4753 1167 4875 figure
1268 4753 1928 4875 d’ALEXANDRE
1991 4753 2042 4875 au
2169 4753 2422 4875 Cercle
2549 4753 2587 4875 N.
2650 4753 2752 4875 10.

664 4875 727 5002 Ce
802 4875 1152 5002 qu’ayant
1202 4875 1390 5002 fait,
1465 4875 1640 5002 tout
1703 4875 1715 5002 à
1778 4875 2116 5002 l’inſtant
2178 4875 2203 5002 il
2278 4875 2629 5002 s’avance
2691 4875 2741 5002 le

635 5002 813 5123 pied
872 5002 1157 5123 gauche
1228 5002 1524 5123 comme
1595 5002 1643 5123 en
1714 5002 2094 5123 ſantelant
2141 5002 2319 5123 avec
2367 5002 2414 5123 le
2497 5002 2711 5123 milieu

631 5125 743 5248 ſur
793 5125 831 5248 la
893 5125 1118 5248 lettre
1193 5125 1230 5248 S,
1342 5125 1355 5248 &
1430 5125 1442 5248 à
1517 5125 1567 5248 ce
1667 5125 1929 5248 meſme
1991 5125 2253 5248 temps
2316 5125 2341 5248 il
2403 5125 2553 5248 oſte
2628 5125 2728 5248 ſon

648 5247 844 5372 eſpee
923 5247 989 5372 de
1054 5247 1290 5372 deſſus
1329 5247 1656 5372 l’autre,
1735 5247 1905 5372 dont
1971 5247 2010 5372 il
2075 5247 2193 5372 fait
2259 5247 2494 5372 prinſe
2586 5247 2651 5372 de
2704 5247 2743 5372 la

649 5371 865 5501 garde
937 5371 1057 5501 par
1141 5371 1465 5501 enhaut,
1525 5371 1573 5501 la
1645 5371 1777 5501 tire
1837 5371 1837 5501 à
1909 5371 2041 5501 ſoy
2113 5371 2161 5501 en
2257 5371 2641 5501 tournant
2689 5371 2725 5501 la

633 5501 977 5625 branche
1036 5501 1485 5625 interieure
1568 5501 1615 5625 en
1698 5501 1947 5625 haut,
2065 5501 2361 5625 menant
2432 5501 2491 5625 le
2574 5501 2739 5625 pied

651 5625 833 5748 droit
894 5625 943 5748 en
1015 5625 1197 5748 ſuite
1270 5625 1331 5748 de
1392 5625 1659 5748 l’autre
1719 5625 2010 5748 juſqu’à
2071 5625 2738 5748 l’entrecoupure

653 5748 716 5845 de
766 5748 803 5845 la
878 5748 1316 5845 collaterale
1441 5748 1453 5845 G
1566 5748 1603 5845 M.
1666 5748 2253 5845 s’affermiſſant
2316 5748 2366 5845 au
2491 5748 2753 5845 meſme

628 5873 886 5998 temps
921 5873 968 5998 la
1050 5873 1262 5998 garde
1320 5873 1590 5998 contre
1626 5873 1731 5998 les
1790 5873 2025 5998 coſtes
2072 5873 2248 5998 avec
2295 5873 2342 5998 la
2400 5873 2741 5998 branche

626 6001 1065 6123 interieure
1126 6001 1541 6123 verticale,
1651 6001 1651 6123 &
1700 6001 1737 6123 la
1822 6001 2091 6123 pointe
2164 6001 2567 6123 preſantée
2628 6001 2738 6123 par

642 6123 1065 6246 courtoiſie
1114 6123 1126 6246 à
1174 6123 1223 6246 la
1283 6123 1622 6246 poitrine
1694 6123 1755 6246 de
1803 6123 2360 6246 l’adverſaire:
2432 6123 2735 6246 comme

629 6250 729 6372 les
779 6250 1066 6372 figures
1116 6250 1703 6372 repreſentent.

789 6378 837 6498 En
921 6378 1101 6498 ceſte
1161 6378 1569 6498 operation
1653 6378 1713 6498 au
1785 6378 2049 6498 temps
2121 6378 2733 6498 qu’ALExandre

636 6498 982 6621 s’avance
1044 6498 1229 6621 pour
1278 6498 1328 6621 ſe
1389 6498 1747 6621 pancher
1797 6498 1896 6621 ſur
1945 6498 1994 6621 le
2044 6498 2229 6621 pied
2291 6498 2624 6621 gauche,
2735 6498 2748 6621 &

649 6623 813 6748 qu’il
851 6623 1116 6748 hauſſe
1153 6623 1217 6748 le
1267 6623 1431 6748 bras
1544 6623 1544 6748 &
1595 6623 1633 6748 la
1733 6623 1872 6748 main
1973 6623 2162 6748 pour
2225 6623 2402 6748 faire
2465 6623 2742 6748 prepa-

646 6746 860 6877 ration
973 6746 1036 6877 de
1086 6746 1124 6877 la
1187 6746 1476 6877 prinſe,
1526 6746 1564 6877 il
1615 6746 1765 6877 faut
1828 6746 1992 6877 qu’il
2055 6746 2369 6877 obſerve
2420 6746 2520 6877 ſur
2583 6746 2747 6877 tou-

642 6866 740 6995 tes
802 6866 1059 6995 choſes
1109 6866 1158 6995 le
1219 6866 1661 6995 Sentiment
1735 6866 1845 6995 des
1894 6866 2189 6995 lames,
2262 6866 2373 6995 afin
2471 6866 2631 6995 qu’il
2680 6866 2729 6995 ſe

630 6986 870 7126 puiſſe
946 6986 1338 7126 touſiours
1388 6986 1919 7126 appercevoir
1970 6986 1970 7126 à
2033 6986 2323 7126 temps,
2361 6986 2399 7126 ſi
2437 6986 2741 7126 l’Enne-

4879 6918 5012 7010 Cer-

2964 497 3053 632 my
3117 497 3536 632 n’affoiblit
3587 497 3714 632 pas
3752 497 3790 632 la
3853 497 4183 632 ſienne,
4285 497 4298 632 o
4437 497 4526 632 s’il
4590 497 4666 632 ne
4742 497 5059 632 laretire

2941 626 3159 752 point
3217 626 3263 752 en
3343 626 3687 752 arriere,
3825 626 4077 752 meſme
4146 626 4329 752 avec
4387 626 4903 752 reculement
4983 626 5041 752 du

2949 749 3201 880 corps.
3326 749 3427 880 Car
3515 749 3553 880 en
3666 749 3716 880 ce
3779 749 3880 880 cas
3930 749 3968 880 là
4031 749 4069 880 la
4132 749 4371 880 prinſe
4459 749 4522 880 de
4585 749 4635 880 la
4698 749 4912 880 garde
4975 749 5050 880 ne

2926 876 3207 1000 pourra
3265 876 3476 1000 ſortir
3523 876 3535 1000 a
3605 876 3804 1000 effet.
3874 876 3933 1000 Au
4015 876 4412 1000 contraire
4459 876 4494 1000 il
4541 876 4693 1000 faut
4752 876 4939 1000 alors
4998 876 5056 1000 a-

2942 1003 3203 1134 vancer
3253 1003 3302 1134 le
3377 1003 3563 1134 coſté
3638 1003 3849 1134 droit,
3899 1003 4296 1134 enſemble
4346 1003 4396 1134 le
4458 1003 4619 1134 bras
4731 1003 4731 1134 &
4781 1003 5054 1134 l’eſpee

2929 1128 3113 1259 pour
3163 1128 3212 1259 le
3261 1128 3605 1259 toucher
3679 1128 3728 1259 au
3826 1128 4085 1259 meſme
4146 1128 4404 1259 temps
4454 1128 4503 1259 au
4589 1128 4859 1259 viſage.

3671 1389 3988 1622 Cercle
4191 1389 4463 1622 N.9.

2932 1664 3047 1816 Ceſt
3104 1664 3243 1816 encor
3300 1664 3381 1816 une
3427 1664 3576 1816 autre
3634 1664 3910 1816 pourſuite
3991 1664 4026 1816 du
4095 1664 4256 1816 Cercle
4313 1664 4359 1816 5.
4486 1664 4555 1816 Dés
4613 1664 5050 1816 qu’Alexandre

3061 1817 3353 1947 commence
3396 1817 3407 1947 à
3461 1817 3752 1947 approcher
3806 1817 3849 1947 la
3903 1817 4065 1947 partie
4119 1817 4432 1947 ſuperieure
4486 1817 4529 1947 du
4583 1817 4723 1947 corps
4766 1817 4809 1947 en
4863 1817 5047 1947 avant,

3065 1944 3184 2070 pour
3231 1944 3266 2070 ſe
3314 1944 3550 2070 charger
3609 1944 3692 2070 ſur
3751 1944 3786 2070 le
3845 1944 3951 2070 pied
4022 1944 4270 2070 gauche;
4365 1944 4625 2070 Zacharie
4696 1944 4979 2070 augmente
5027 1944 5050 2070 le

3056 2070 3351 2194 ſentiment
3407 2070 3430 2194 de
3475 2070 3521 2194 ſa
3566 2070 3724 2194 lame,
3770 2070 4008 2194 enuſant
4064 2070 4098 2194 de
4143 2070 4279 2194 force
4336 2070 4460 2194 pour
4528 2070 4879 2194 tranſporter
4936 2070 5049 2194 celle

3072 2190 3486 2328 d’Alexandre;
3544 2190 3624 2328 ſur
3670 2190 3785 2328 quoy
3889 2190 4188 2328 Alexandre
4257 2190 4521 2328 approche
4579 2190 4763 2328 durant
4809 2190 4832 2328 le
4901 2190 5050 2328 meſme

3068 2322 3239 2447 temps
3299 2322 3324 2447 le
3384 2322 3494 2447 pied
3567 2322 3737 2447 droit,
3847 2322 3859 2447 &
3919 2322 4163 2447 d’autant
4223 2322 4345 2447 qu’il
4394 2322 4686 2447 recognoiſt
4734 2322 4819 2447 par
4868 2322 4892 2447 le
4953 2322 5050 2447 ſen-

3065 2450 3283 2573 timent,
3329 2450 3421 2573 que
3455 2450 3490 2573 la
3559 2450 3685 2573 lame
3742 2450 4018 2573 contraire
4076 2450 4156 2573 s’en
4202 2450 4259 2573 va
4294 2450 4374 2573 luy
4420 2450 4707 2573 eſchapper
4753 2450 4845 2573 par
4902 2450 5075 2573 deſſus.

3120 2573 3120 2691 &
3183 2573 3320 2691 outre
3369 2573 3407 2691 la
3456 2573 3606 2691 teſte,
3643 2573 3668 2691 il
3705 2573 3743 2691 la
3792 2573 3929 2691 laiſſe
3979 2573 4153 2691 enfuir
4191 2573 4228 2691 en
4278 2573 4452 2691 oſtant
4502 2573 4526 2691 la
4576 2573 4738 2691 ſienne
4800 2573 4825 2691 de
4887 2573 5061 2691 deſſus,

3115 2692 3115 2821 &
3163 2692 3308 2821 icelle
3356 2692 3729 2821 affermiſſant
3777 2692 3946 2821 contre
3982 2692 4054 2821 ſes
4103 2692 4247 2821 coſtes
4307 2692 4355 2821 au
4404 2692 4524 2821 coſté
4584 2692 4741 2821 droit,
4837 2692 4873 2821 en
4946 2692 5066 2821 mar-

3064 2817 3220 2951 chant
3280 2817 3316 2951 du
3365 2817 3485 2951 pied
3533 2817 3726 2951 gauche
3786 2817 3942 2951 deſſus
3978 2817 4002 2951 le
4063 2817 4207 2951 milieu
4291 2817 4327 2951 du
4375 2817 4604 2951 quarrée
4676 2817 4893 2951 Inſcrit,
4941 2817 4977 2951 où
5037 2817 5061 2951 il

3058 2943 3157 3078 fait
3206 2943 3243 3078 la
3292 2943 3489 3078 charge
3538 2943 3575 3078 du
3624 2943 3771 3078 corps
3833 2943 3993 3078 deſſus
4030 2943 4153 3078 avec
4190 2943 4214 3078 le
4276 2943 4485 3078 genouil
4522 2943 4669 3078 plié,
4718 2943 4743 3078 en
4804 2943 5050 3078 aſſenant

3062 3073 3098 3193 ſa
3158 3073 3327 3193 pointe
3376 3073 3424 3193 au
3472 3073 3593 3193 coſté
3641 3073 3762 3193 droit
3834 3073 3858 3193 de
3906 3073 4365 3193 l’adverſaire.

3392 3304 3534 3432 Eſte
3598 3304 3996 3432 operation
4073 3304 4433 3432 procede
4484 3304 4651 3432 auſſi
4728 3304 4780 3432 du
4908 3304 5050 3432 Cer-

3374 3429 3468 3551 cle
3528 3429 3575 3551 5.
3705 3429 3824 3551 Des
3895 3429 4630 3551 qu’ALEXANDRE
4701 3429 5056 3551 commẽ-

3376 3555 3438 3684 ce
3499 3555 3499 3684 à
3560 3555 3904 3684 avancer
3953 3555 4002 3684 le
4076 3555 4260 3684 coſté
4334 3555 4666 3684 gauche,
4752 3555 4936 3684 pour
4997 3555 5046 3684 ſe

3366 3686 3713 3807 pancher
3812 3686 3911 3807 ſur
3986 3686 4048 3807 le
4147 3686 4407 3807 meſme
4493 3686 4667 3807 pied
4778 3686 4890 3807 qui
4964 3686 5051 3807 eſt

2916 3805 3085 3929 deſia
3158 3805 3448 3929 planté;
3508 3805 3544 3929 en
3641 3805 3701 3929 ce
3798 3805 4052 3929 meſme
4112 3805 4378 3929 temps
4426 3805 4523 3929 ſon
4644 3805 5042 3929 Contraire

2894 3936 3019 4060 luy
3082 3936 3522 4060 augmente
3573 3936 3623 4060 le
3686 3936 3912 4060 poids
3987 3936 4050 4060 de
4100 3936 4151 4060 ſa
4201 3936 4452 4060 lame:
4503 3936 4515 4060 à
4591 3936 4792 4060 quoy
4880 3936 5043 4060 ALE-

2923 4065 3265 4182 XANDRE
3322 4065 3447 4182 ſait
3504 4065 3572 4182 un
3663 4065 3789 4182 peu
3880 4065 3948 4182 de
4005 4065 4438 4182 reſiſtence
4495 4065 4552 4182 au
4643 4065 5053 4182 commen-

2914 4190 3254 4308 cement,
3324 4190 3371 4308 en
3441 4190 3957 4308 approchant
4016 4190 4063 4308 le
4133 4190 4309 4308 pied
4379 4190 4602 4308 droit;
4660 4190 4825 4308 mais
4871 4190 5036 4308 puis

2920 4295 3047 4427 que
3139 4295 3672 4427 l’Adverſaire
3776 4295 4158 4427 continue
4239 4295 4250 4427 à
4320 4295 4864 4427 l’augmenter
4980 4295 5038 4427 de

2901 4424 3065 4553 plus
3128 4424 3179 4553 en
3254 4424 3481 4553 plus,
3569 4424 3859 4553 juſqu’à
3935 4424 4098 4553 uſer
4174 4424 4237 4553 de
4313 4424 4527 4553 force
4577 4424 4779 4553 pour
4829 4424 5056 4553 tranſ-

2899 4551 3165 4688 porter
3213 4551 3310 4688 les
3382 4551 3684 4688 lames;
3817 4551 3817 4688 &
3926 4551 4772 4688 qu’ALEXANDRE
4881 4551 5050 4688 cog-

2903 4674 3095 4811 noiſt
3146 4674 3261 4811 par
3312 4674 3363 4811 le
3440 4674 3914 4811 Sentiment,
3991 4674 4247 4811 qu’elle
4311 4674 4426 4811 s’en
4515 4674 4567 4811 va
4656 4674 5040 4811 forligner

2913 4799 3101 4916 d’elle
3188 4799 3438 4916 meſme
3500 4799 3612 4916 par
3675 4799 3924 4916 deſſus
4037 4799 4049 4916 &
4112 4799 4324 4916 outre
4374 4799 4411 4916 ſa
4498 4799 4761 4916 teſte,
4835 4799 5035 4916 voire

2957 4926 2957 5059 &
3025 4926 3285 5059 qu’elle
3367 4926 3380 5059 y
3435 4926 3572 5059 fera
3668 4926 3736 5059 un
3804 4926 3982 5059 aſſez
4050 4926 4283 5059 grand
4365 4926 4625 5059 Angle;
4666 4926 4707 5059 il
4734 4926 4789 5059 la
4843 4926 5035 5059 laiſſe

2907 5051 3202 5161 enfuir,
3275 5051 3324 5161 en
3410 5051 3643 5161 oſtant
3766 5051 3766 5161 &
3815 5051 4343 5161 affermiſſant
4392 5051 4429 5161 la
4490 5051 4760 5161 ſienne
4833 5051 4833 5161 a
4907 5051 5017 5161 ſon

2905 5177 3095 5305 coſté
3166 5177 3356 5305 droit
3415 5177 3593 5305 avec
3652 5177 3700 5305 la
3771 5177 4044 5305 garde,
4115 5177 4518 5305 avançant
4601 5177 5040 5305 enſemble-

2922 5303 3099 5443 ment
3163 5303 3226 5443 le
3302 5303 3466 5443 pied
3555 5303 3846 5443 gauche
3922 5303 4023 5443 ſur
4087 5303 4137 5443 le
4251 5303 4466 5443 milieu
4568 5303 4644 5443 de
4707 5303 4745 5443 la
4821 5303 5023 5443 ligne

2947 5429 2947 5563 N
3052 5429 3117 5563 X,
3183 5429 3235 5563 où
3301 5429 3327 5563 il
3380 5429 3432 5563 ſe
3498 5429 3774 5563 charge
3905 5429 3905 5563 &
3970 5429 4272 5563 panche
4325 5429 4377 5563 le
4469 5429 4679 5563 corps
4784 5429 5034 5563 deſſus

2891 5556 3065 5688 avec
3140 5556 3189 5688 le
3289 5556 3613 5688 genouil
3687 5556 3824 5688 plié
3911 5556 4409 5688 cependant,
4472 5556 4521 5688 le
4584 5556 4758 5688 pied
4845 5556 5019 5688 droit

2889 5681 3240 5813 pourſuit
3324 5681 3361 5813 en
3457 5681 3699 5813 forme
3772 5681 4219 5813 circulaire,
4279 5681 4630 5813 juſqu’au
4739 5681 5017 5813 Diame-

2890 5805 2987 5942 tre
3036 5805 3806 5942 perpendiculaire,
3855 5805 4087 5942 lettre
4209 5805 4258 5942 M.
4368 5805 4381 5942 &
4466 5805 4918 5942 cependant
4992 5805 5028 5942 il

2891 5931 3115 6057 bleſſe
3165 5931 3202 6057 ſa
3264 5931 3501 6057 partie
3563 5931 3874 6057 adverſe
3936 5931 3986 6057 en
4048 5931 4385 6057 l’aixelle
4472 5931 4783 6057 droite;
4883 5931 5019 6057 ſui-

2899 6055 3061 6196 vant
3110 6055 3148 6196 la
3222 6055 3843 6196 repreſentation
3943 6055 4054 6196 des
4104 6055 4440 6196 figures.
