5520 7640
2896 501 3059 628 qu’il
3097 501 3148 628 le
3198 501 3462 628 plante
3563 501 3814 628 meſme
3902 501 4217 628 derriere
4280 501 4330 628 le
4405 501 4619 628 corps
4707 501 4770 628 de
4808 501 4971 628 l’ad-

2898 627 3266 759 verſaire,
3351 627 3511 759 puis
3572 627 3609 759 il
3670 627 3719 759 ſe
3805 627 3854 759 va
3927 627 4270 759 pancher
4319 627 4331 759 à
4380 627 4711 759 l’envers
4773 627 4871 759 ſur
4920 627 4969 759 le

2920 754 3217 885 meſme,
3278 754 3328 885 en
3414 754 3747 885 eſlevant
3797 754 3846 885 le
3896 754 4068 885 pied
4130 754 4476 885 gauche,
4599 754 4612 885 &
4661 754 4982 885 attirant

2888 877 2901 1009 à
2951 877 3064 1009 ſoy
3126 877 3289 1009 vers
3327 877 3377 1009 le
3427 877 3615 1009 haut
3652 877 3690 1009 la
3778 877 3991 1009 garde
4078 877 4241 1009 qu’il
4304 877 4492 1009 tient
4567 877 4617 1009 en
4705 877 4981 1009 prinſe,

2886 1001 3400 1123 affermiſſant
3461 1001 3901 1123 cependant
3950 1001 3987 1123 la
4048 1001 4305 1123 ſienne
4354 1001 4415 1123 au
4501 1001 4684 1123 coſté
4758 1001 4978 1123 droit,

2940 1132 2953 1261 &
3004 1132 3043 1261 ſa
3106 1132 3362 1261 pointe
3426 1132 3477 1261 au
3566 1132 3758 1261 coſté
3821 1132 4000 1261 droit
4077 1132 4128 1261 de
4179 1132 4217 1261 la
4294 1132 4626 1261 poitrine
4715 1132 4779 1261 de
4856 1132 4945 1261 ſon

2894 1258 3305 1388 contraire,
3366 1258 3668 1388 comme
3716 1258 3753 1388 il
3789 1258 3849 1388 ſe
3910 1258 4043 1388 voit
4091 1258 4224 1388 aux
4285 1258 4599 1388 figures.

3587 1502 3905 1676 Cercle
4110 1502 4406 1676 N.

3379 1792 3466 1932 Eſt
3516 1792 3553 1932 la
3628 1792 3976 1932 derniere
4063 1792 4597 1932 continuation
4734 1792 4734 1932 &
4821 1792 4970 1932 exe-

3346 1931 3581 2056 cution
3681 1931 3730 2056 en
3792 1931 3978 2056 ſuite
4040 1931 4152 2056 des
4214 1931 4735 2056 precedẽtes:
4784 1931 4970 2056 aſça-

3343 2053 3487 2176 voir
3559 2053 4245 2176 qu’ALEXANDRE
4305 2053 4618 2176 s’avãce,
4702 2053 4702 2176 &
4774 2053 4967 2176 entre

3342 2174 3525 2300 avec
3562 2174 3611 2300 le
3672 2174 3843 2300 pied
3904 2174 4185 2300 gauche
4246 2174 4405 2300 vers
4442 2174 4491 2300 le
4564 2174 4980 2300 contraire,

2882 2297 3159 2430 juſqu’à
3225 2297 3265 2430 le
3317 2297 3620 2430 planter
3699 2297 3910 2430 entre
3950 2297 4055 2430 les
4121 2297 4306 2430 deux
4358 2297 4569 2430 pieds
4635 2297 4991 2430 d’iceluy,

2890 2424 2943 2556 en
3010 2424 3276 2556 faiſant
3330 2424 3370 2556 la
3436 2424 3703 2556 charge
3797 2424 4023 2556 deſſus
4103 2424 4277 2556 avec
4344 2424 4397 2556 le
4477 2424 4784 2556 genouil
4864 2424 4997 2556 plié

2940 2554 2940 2676 &
2989 2554 3049 2676 le
3110 2554 3316 2676 corps
3377 2554 3669 2676 panché
3741 2554 3802 2676 de
3899 2554 4227 2676 meſme,
4373 2554 4373 2676 &
4458 2554 4798 2676 donnant
4871 2554 4980 2676 par

2905 2674 3166 2802 meſme
3225 2674 3415 2802 voye
3474 2674 3522 2802 le
3593 2674 3771 2802 coup
3854 2674 4281 2802 d’eſtocade
4352 2674 4352 2802 à
4424 2674 4519 2802 ſon
4590 2674 4898 2802 homme
4970 2674 4970 2802 à

2878 2801 3178 2922 travers
3238 2801 3298 2922 le
3370 2801 3658 2922 corps;
3742 2801 3922 2922 ainſi
4006 2801 4162 2922 qu’il
4222 2801 4486 2922 appert
4582 2801 4714 2922 aux
4786 2801 4978 2922 figu-

2881 2965 3016 3020 res.

1605 4442 1605 4661 E
1733 4442 1883 4661 qui
1968 4442 2096 4661 eſt
2182 4442 2246 4661 le
2353 4442 2566 4661 plus
2652 4442 3100 4661 notable
3271 4442 3292 4661 &
3378 4442 3741 4661 ſpecial
3847 4442 3911 4661 en
4061 4442 4125 4661 ce
4274 4442 4702 4661 Tableau
4830 4442 5022 4661 pre-

1510 4644 1662 4796 ſent
1718 4644 1842 4796 par
1912 4644 2147 4796 deſſus
2189 4644 2286 4796 les
2328 4644 2633 4796 autres,
2688 4644 2854 4796 c’eſt
2896 4644 2938 4796 la
3035 4644 3353 4796 maniere
3423 4644 3478 4796 de
3534 4644 3589 4796 ſe
3686 4644 3936 4796 mettre
4019 4644 4310 4796 dedans
4352 4644 4435 4796 les
4490 4644 4781 4796 angles,
4809 4644 4989 4796 avec

1508 4787 1588 4931 les
1655 4787 1897 4931 ſuites
1978 4787 2085 4931 qui
2139 4787 2192 4931 en
2286 4787 2797 4931 dependent.
2985 4787 3079 4931 Car
3146 4787 3468 4931 encores
3535 4787 3656 4931 que
3696 4787 3790 4931 les
3858 4787 4260 4931 occaſions
4301 4787 4583 4931 ſoyent
4636 4787 4999 4931 infinies,

1569 4926 1569 5078 &
1666 4926 1819 5078 qu’il
1888 4926 2013 5078 ſoit
2097 4926 2569 5078 impoſsible
2680 4926 2736 5078 de
2819 4926 3319 5078 repreſenter
3403 4926 3625 5078 touts
3695 4926 3792 5078 les
3875 4926 4473 5078 changements
4584 4926 4695 5078 qui
4764 4926 5001 5078 pour-

1513 5066 1806 5212 royent
1860 5066 2219 5212 ſurvenir
2286 5066 2352 5212 un
2446 5066 2446 5212 à
2526 5066 2672 5212 un,
2739 5066 3165 5212 toutesfois
3205 5066 3245 5212 il
3298 5066 3392 5212 eſt
3472 5066 3725 5212 certain
3831 5066 3965 5212 que
4124 5066 4431 5212 acharie
4498 5066 4577 5212 ne
4644 5066 4990 5212 ſçauroit

1516 5205 1650 5353 rien
1730 5205 2144 5353 pratiquer
2198 5205 2251 5353 en
2331 5205 2491 5353 telle
2558 5205 2892 5353 occaſion
2972 5205 3146 5353 avec
3226 5205 3466 5353 eſpees
3533 5205 4108 5353 touchantes,
4188 5205 4295 5353 qui
4361 5205 4442 5353 ne
4508 5205 4749 5353 puiſſe
4829 5205 5003 5353 aiſe-

682 5343 870 5492 ment
923 5343 977 5492 ſe
1030 5343 1378 5492 raporter
1431 5343 1431 5492 à
1511 5343 1605 5492 ces
1698 5343 2006 5492 meſmes
2046 5343 2327 5492 leçons
2394 5343 2514 5492 que
2594 5343 2781 5492 nous
2835 5343 2888 5492 en
2968 5343 3196 5492 avons
3249 5343 3717 5492 propoſées.
3864 5343 3958 5492 Car
4038 5343 4131 5492 dés
4198 5343 4372 5492 qu’il
4426 5343 4653 5492 ouvre
4693 5343 5000 5492 l’angle,

649 5482 786 5628 ſoit
855 5482 1115 5628 grand,
1170 5482 1307 5628 ſoit
1376 5482 1623 5628 petit,
1705 5482 2199 5628 moyennant
2281 5482 2404 5628 que
2473 5482 2528 5628 ce
2583 5482 2706 5628 ſoit
2775 5482 2843 5628 un
2912 5482 3200 5628 angle,
3296 5482 3734 5628 Alexandre
3830 5482 3872 5628 ſe
3940 5482 4269 5628 prepare
4338 5482 4530 5628 pour
4612 5482 4626 5628 y
4708 5482 4996 5628 entrer,

645 5622 776 5766 non
893 5622 1286 5766 pourtant
1351 5622 1508 5766 qu’il
1560 5622 1612 5766 ſe
1665 5622 2057 5766 precipite
2096 5622 2136 5766 là
2240 5622 2515 5766 dedans
2580 5622 2580 5766 à
2672 5622 2881 5766 corps
2946 5622 3234 5766 perdu,
3312 5622 3626 5766 comme
3692 5622 3888 5766 pour
3992 5622 4267 5766 mourir
4345 5622 4398 5766 ou
4502 5622 4790 5766 vaincre
4868 5622 4868 5766 à
4934 5622 4986 5766 la

679 5760 1217 5904 deſeſperade.
1383 5760 1507 5904 Mais
1590 5760 1756 5904 c’eſt
1838 5760 2004 5904 avec
2087 5760 2542 5904 prudence,
2666 5760 2666 5904 &
2735 5760 2901 5904 avec
2970 5760 3136 5904 telle
3191 5760 3688 5904 obſervation
3798 5760 3853 5904 du
3936 5760 4433 5904 Sentiment,
4502 5760 4626 5904 que
4681 5760 4999 5904 l’adver-

651 5897 829 6045 ſaire
898 5897 980 6045 ne
1049 5897 1227 6045 peut
1295 5897 1473 6045 faire
1542 5897 1583 6045 là
1693 5897 2035 6045 moindre
2131 5897 2337 6045 faute
2419 5897 2419 6045 à
2501 5897 2913 6045 l’obſerver
2981 5897 3543 6045 pareillement
3653 5897 3708 6045 de
3776 5897 3817 6045 ſa
3899 5897 4119 6045 part,
4201 5897 4352 6045 qu’il
4434 5897 4571 6045 n’en
4681 5897 4818 6045 ſoit
4886 5897 4996 6045 in-

666 6033 1096 6165 continent
1174 6033 1474 6165 touché
1565 6033 1774 6165 d’une
1878 6033 2217 6165 mortelle
2283 6033 2687 6165 atteinte,
2765 6033 3078 6165 comme
3130 6033 3156 6165 il
3208 6033 3261 6165 ſe
3339 6033 3482 6165 voit
3561 6033 3600 6165 és
3717 6033 4004 6165 Cercles
4069 6033 4108 6165 3.
4212 6033 4226 6165 &
4304 6033 4356 6165 4.
4565 6033 4617 6165 Et
4721 6033 4995 6165 meſme

645 6176 863 6321 apres
944 6176 1108 6321 qu’il
1162 6176 1379 6321 l’aura
1447 6176 1719 6321 ouvert
1787 6176 1964 6321 avec
2018 6176 2154 6321 bon
2236 6176 2739 6321 ſentiment,
2847 6176 3282 6321 Alexandre
3378 6176 3459 6321 ne
3541 6176 3731 6321 laiſſe
3813 6176 4207 6321 pourtant
4302 6176 4356 6321 de
4424 6176 4519 6321 s’y
4587 6176 4805 6321 loger
4886 6176 4995 6321 de-

665 6314 838 6458 dans
904 6314 1076 6458 avec
1143 6314 1183 6458 le
1262 6314 1435 6458 pied
1528 6314 1713 6458 droit
1793 6314 1846 6458 ou
1939 6314 2231 6458 gauche
2324 6314 2629 6458 devant,
2669 6314 2854 6458 ſelon
2947 6314 3080 6458 que
3173 6314 3664 6458 l’ouverture
3730 6314 3823 6458 eſt
3902 6314 4247 6458 grande,
4367 6314 4380 6458 &
4446 6314 4990 6458 l’oportunité

664 6451 828 6595 qu’il
910 6451 951 6595 en
1046 6451 1361 6595 trouve.
1566 6451 1620 6595 Ce
1716 6451 1867 6595 qu’il
1935 6451 2058 6595 fait
2140 6451 2605 6595 cependant
2659 6451 2837 6595 avec
2892 6451 2933 6595 la
3042 6451 3316 6595 meſme
3398 6451 3685 6595 adreſſe
3794 6451 3808 6595 &
3876 6451 4505 6595 circonſpecion
4614 6451 4983 6595 qu’aupa-

650 6582 967 6736 ravant,
1050 6582 1105 6736 ſe
1188 6582 1520 6736 gardant
1589 6582 1685 6736 ſur
1768 6582 1934 6736 tout
2030 6582 2086 6736 de
2155 6582 2597 6736 prodigner
2666 6582 2762 6736 ſes
2859 6582 3411 6736 mouvements
3480 6582 3591 6736 par
3646 6582 3784 6736 une
3853 6582 4143 6736 viſteſſe
4240 6582 4350 6736 mal
4433 6582 4765 6736 adviſée.
4930 6582 4999 6736 Et

646 6724 857 6872 apres
950 6724 1108 6872 quil
1161 6724 1253 6872 eſt
1306 6724 1517 6872 entré
1609 6724 1938 6872 dedans,
1991 6724 2215 6872 avant
2294 6724 2413 6872 que
2492 6724 2545 6872 de
2637 6724 2901 6872 mettre
2954 6724 3455 6872 l’advantage
3534 6724 3587 6872 en
3732 6724 4008 6872 œuvre,
4074 6724 4206 6872 ſoit
4272 6724 4285 6872 à
4351 6724 4523 6872 faire
4602 6724 4839 6872 prinſe
4931 6724 4984 6872 de

653 6863 692 7011 la
795 6863 1002 7011 garde
1093 6863 1520 7011 contraire,
1584 6863 1636 7011 ou
1714 6863 2127 7011 execution
2218 6863 2283 7011 de
2347 6863 2632 7011 pointe
2709 6863 2761 7011 ou
2865 6863 2916 7011 de
2994 6863 3240 7011 taille,
3317 6863 3447 7011 que
3524 6863 3576 7011 ce
3641 6863 3783 7011 ſoit
3860 6863 4261 7011 touſiours
4326 6863 4494 7011 avec
4572 6863 4623 7011 la
4727 6863 4999 7011 meſme

4644 7011 5000 7153 pruden-

1312 594 1635 757 Cercle
1866 594 2166 757 N.10.

1136 844 1291 973 Oicy
1382 844 1498 973 qui
1576 844 1925 973 procede
2002 844 2235 973 encor
2326 844 2365 973 du
2507 844 2740 973 Cercle

1093 972 1129 1096 5.
1226 972 1480 1096 quand
1613 972 2121 1096 ZACHARIE
2206 972 2254 1096 en
2339 972 2617 1096 attend
2689 972 2726 1096 la

1085 1095 1527 1220 pourſuite,
1596 1095 2225 1220 ALEXANDRE
2294 1095 2643 1220 S’avance
2690 1095 2736 1220 le

1100 1228 1298 1347 coſté
1403 1228 1682 1347 gauche
1787 1228 1833 1347 du
1938 1228 2206 1347 corps,
2299 1228 2729 1347 entrainant

635 1353 896 1471 quand
1020 1353 1032 1471 &
1106 1353 1367 1471 quand
1416 1353 1478 1471 le
1553 1353 1714 1471 pied
1800 1353 1986 1471 droit
2048 1353 2272 1471 apres
2334 1353 2445 1471 ſur
2495 1353 2594 1471 les
2656 1353 2743 1471 or-

626 1475 844 1593 teils,
952 1475 952 1593 &
1013 1475 1364 1593 hauſſant
1412 1475 1472 1593 au
1569 1475 1823 1593 meſme
1896 1475 2149 1593 temps
2210 1475 2270 1593 le
2331 1475 2500 1593 bras
2621 1475 2621 1593 &
2694 1475 2730 1593 la

651 1602 799 1722 main
885 1602 1180 1722 gauche
1241 1602 1254 1722 à
1315 1602 1537 1722 l’egal
1660 1602 1672 1722 &
1746 1602 1955 1722 entre
2016 1602 2115 1722 les
2201 1602 2386 1722 deux
2447 1602 2742 1722 lames;

635 1727 935 1872 comme
998 1727 1036 1872 il
1098 1727 1186 1872 eſt
1236 1727 1686 1872 repreſenté
1749 1727 1799 1872 en
1887 1727 1924 1872 la
1987 1727 2262 1872 figure.

1379 1978 1671 2141 Cercle
1918 1978 2166 2141 N.11.

1140 2228 1216 2372 Eſt
1292 2228 1343 2372 la
1432 2228 1979 2372 continuation
2093 2228 2144 2372 du
2246 2228 2742 2372 precedent:

1099 2372 1146 2498 où
1276 2372 1817 2498 ALEXANDRE
1888 2372 2241 2498 s’avance
2311 2372 2417 2498 par
2488 2372 2547 2498 un
2629 2372 2747 2498 pe-

1091 2500 1165 2617 tit
1214 2500 1373 2617 ſaut
1447 2500 1631 2617 avec
1668 2500 1730 2617 le
1779 2500 1951 2617 picd
2025 2500 2307 2617 gauche
2369 2500 2467 2617 ſur
2516 2500 2553 2617 la
2602 2500 2749 2617 let-

1094 2620 1191 2738 tre
1287 2620 1360 2738 S,
1420 2620 1819 2738 panchant
1903 2620 1952 2738 le
2048 2620 2266 2738 corps
2338 2620 2435 2738 ſur
2496 2620 2556 2738 le
2641 2620 2737 2738 de-

633 2744 834 2865 vant,
893 2744 941 2865 en
1012 2744 1201 2865 ſorte
1283 2744 1413 2865 que
1461 2744 1508 2865 le
1591 2744 1768 2865 pied
1851 2744 2040 2865 droit
2099 2744 2406 2865 s’eſleve
2489 2744 2725 2865 quand

688 2868 688 2985 &
784 2868 1024 2985 quand
1096 2868 1144 2985 en
1216 2868 1396 2985 haut
1456 2868 1504 2985 en
1588 2868 1780 2985 ſuite
1852 2868 1912 2985 de
1960 2868 2272 2985 l’autre,
2393 2868 2393 2985 &
2441 2868 2489 2985 au
2597 2868 2741 2985 meſ-

658 2993 729 3114 me
789 2993 1049 3114 temps
1121 2993 1168 3114 en
1239 2993 1547 3114 portant
1618 2993 1666 3114 la
1761 2993 1915 3114 main
1986 2993 2104 3114 par
2164 2993 2412 3114 deſſus
2460 2993 2507 3114 le
2555 2993 2744 3114 long

637 3117 759 3238 des
820 3117 1014 3238 deux
1050 3117 1330 3238 lames,
1354 3117 1391 3238 il
1439 3117 1561 3238 fait
1609 3117 1840 3238 prinſe
1913 3117 1974 3238 de
2022 3117 2071 3238 la
2144 3117 2362 3238 garde
2423 3117 2751 3238 contrai-

627 3243 722 3361 re,
792 3243 1098 3361 comme
1145 3243 1240 3361 les
1299 3243 1581 3361 figures
1652 3243 2229 3361 demonſtrent.

1301 3483 1613 3659 Cercle
1835 3483 2147 3659 N.12.

1130 3764 1671 3879 LEXANDRE
1742 3764 2095 3879 pourſuit
2166 3764 2178 3879 à
2237 3764 2649 3879 continuer
2696 3764 2731 3879 la

1095 3889 1602 4004 precedente
1693 3889 2189 4004 operation,
2290 3889 2595 4004 voltant
2663 3889 2719 4004 un

1108 4008 1336 4128 grand
1408 4008 1516 4128 pas
1600 4008 1612 4128 à
1708 4008 2080 4128 l’envers,
2188 4008 2368 4128 avec
2440 4008 2488 4128 le
2572 4008 2740 4128 pied

1112 4132 1295 4248 droit
1380 4132 1490 4248 qui
1550 4132 1769 4248 eſtoit
1842 4132 1903 4248 j’à
1988 4132 2305 4248 eſlevé,
2414 4132 2463 4248 en
2548 4132 2743 4248 ſorte
