5520 7640
613 402 1065 552 prudence.
1215 402 1585 552 Somme,
1667 402 1791 552 que
1859 402 2133 552 jamais
2188 402 2229 552 il
2284 402 2366 552 ne
2434 402 2475 552 ſe
2544 402 2763 552 haſte
2818 402 3105 552 juſqu’à
3187 402 3352 552 tant
3420 402 3543 552 que
3612 402 3886 552 toutes
3941 402 4036 552 les
4091 402 4666 552 preparations
4707 402 4995 552 ſoyent

613 545 878 696 faites;
976 545 990 696 &
1060 545 1213 696 qu’il
1283 545 1408 696 ſoit
1464 545 1645 696 venu
1729 545 1841 696 ſur
1896 545 1938 696 le
2008 545 2245 696 point
2315 545 2371 696 de
2454 545 2719 696 mettre
2775 545 2845 696 fin
2928 545 2942 696 à
3012 545 3598 696 l’entreprinſe.
3723 545 3765 696 Si
3807 545 3961 696 lors
4016 545 4142 696 s’en
4226 545 4309 696 eſt
4365 545 4421 696 le
4477 545 4644 696 vray
4700 545 4993 696 temps,

617 686 741 834 afin
850 686 988 834 que
1043 686 1454 834 l’occaſion
1537 686 1619 834 ne
1674 686 1811 834 luy
1893 686 2291 834 eſchappe
2360 686 2538 834 hors
2621 686 2730 834 des
2826 686 3101 834 mains,
3156 686 3293 834 non
3389 686 3622 834 point
3718 686 3993 834 devant
4075 686 4199 834 afin
4322 686 4487 834 qu’il
4569 686 4651 834 ne
4734 686 4789 834 ſe
4871 686 5008 834 tra-

622 827 829 970 vaille
898 827 953 970 en
1049 827 1242 970 vain.
1462 827 1559 970 Car
1655 827 1917 970 quand
1972 827 2000 970 il
2082 827 2096 970 y
2179 827 2234 970 va
2303 827 2840 970 lentement,
2923 827 2950 970 il
3019 827 3116 970 eſt
3212 827 3446 970 mieux
3515 827 3625 970 ſur
3694 827 3791 970 ſes
3873 827 4204 970 gardes,
4328 827 4342 970 &
4410 827 4521 970 n’y
4589 827 4769 970 peut
4837 827 4975 970 rien

608 968 888 1114 arriver
971 968 1027 1114 de
1083 968 1209 1114 par
1265 968 1809 1114 l’Adverſaire
1879 968 1991 1114 qui
2033 968 2075 1114 le
2131 968 2368 1114 puiſſe
2452 968 2997 1114 grandement
3108 968 3360 1114 mettre
3443 968 3499 1114 en
3611 968 4044 1114 deſordre,
4128 968 4240 1114 par
4323 968 4379 1114 ce
4477 968 4645 1114 qu’il
4714 968 4798 1114 ne
4882 968 4994 1114 fait

613 1108 744 1267 rien
831 1108 962 1267 luy
1078 1108 1340 1267 meſme
1412 1108 1572 1267 qu’il
1630 1108 1703 1267 ne
1761 1108 1994 1267 puiſſe
2066 1108 2459 1267 touſiours
2546 1108 2880 1267 changer
2953 1108 2967 1267 à
3040 1108 3316 1267 temps,
3389 1108 3650 1267 quand
3694 1108 4115 1267 l’occaſion
4202 1108 4246 1267 ſe
4333 1108 4667 1267 change.
