5520 7640
2879 5018 3042 5152 miné
3130 5018 3307 5152 avec
3370 5018 3420 5152 le
3470 5018 3647 5152 pied
3710 5018 3898 5152 droit
3961 5018 4075 5152 par
4112 5018 4150 5152 la
4213 5018 4415 5152 trace
4490 5018 4540 5152 du
4692 5018 4943 5152 Quarré

2853 5148 3112 5277 Inſcrit
3177 5148 3462 5277 juſqu’à
3527 5148 3566 5277 la
3656 5148 4058 5277 Troiſieme
4123 5148 4123 5277 à
4174 5148 4213 5277 la
4291 5148 4511 5277 lettre
4641 5148 4692 5277 N,
4757 5148 4951 5277 pour

2862 5277 2910 5398 en
2994 5277 3379 5398 graduant
3439 5277 3704 5398 l’eſpee
3788 5277 4173 5398 contraire
4233 5277 4353 5398 luy
4449 5277 4738 5398 donner
4798 5277 4942 5398 une

2865 5396 3231 5522 eſtocade
3281 5396 3332 5522 au
3420 5396 3672 5522 viſage,
3735 5396 3899 5522 dont
3937 5396 3987 5522 le
4038 5396 4214 5522 pied
4277 5396 4567 5522 gauche
4631 5396 4706 5522 eſt
4769 5396 4933 5522 deſia

2857 5520 2902 5648 en
2982 5520 3141 5648 train
3244 5520 3301 5648 de
3369 5520 3756 5648 cheminer
3813 5520 4029 5648 apres
4075 5520 4393 5648 l’autre:
4462 5520 4473 5648 à
4553 5520 4610 5648 ce
4689 5520 4940 5648 meſme

2849 5644 3110 5766 temps
3212 5644 3642 5766 ZACHARIE
3710 5644 3767 5766 ſe
3835 5644 4118 5766 tourne
4186 5644 4288 5766 les
4367 5644 4616 5766 orteils
4696 5644 4741 5766 en
4843 5644 4945 5766 de-

2867 5768 3025 5898 vant
3086 5768 3243 5898 vers
3280 5768 3328 5898 le
3425 5768 3802 5898 Diametre
3850 5768 4008 5898 ſans
4056 5768 4360 5898 bouger
4432 5768 4493 5898 de
4554 5768 4651 5898 ſon
4784 5768 4954 5898 Qua-

2880 5892 3215 6016 drangle,
3290 5892 3339 6016 en
3426 5892 3625 6016 ſorte
3712 5892 3836 6016 que
3898 5892 3947 6016 le
4034 5892 4220 6016 coſté
4307 5892 4493 6016 droit
4580 5892 4630 6016 du
4729 5892 4952 6016 corps

2853 6011 2967 6139 s’en
3059 6011 3277 6139 retire
3346 6011 3357 6139 à
3437 6011 3815 6139 quartier,
3930 6011 4217 6139 menant
4274 6011 4331 6139 le
4388 6011 4549 6139 bras
4618 6011 4916 6139 eſtendu

2854 6134 3034 6263 avec
3095 6134 3360 6263 l’eſpee
3432 6134 3480 6263 en
3540 6134 3721 6263 haut
3781 6134 3830 6263 en
3902 6134 4119 6263 angle
4179 6134 4408 6263 obtus
4456 6134 4504 6263 au
4588 6134 4829 6263 deſſus
4890 6134 4950 6263 le

2877 6259 3072 6389 coſté
3137 6259 3189 6389 du
3319 6259 3566 6389 Quarré
3631 6259 3892 6389 Inſcrit
4009 6259 4009 6389 X
4139 6259 4139 6389 N
4191 6259 4360 6389 avec
4412 6259 4634 6389 poids
4712 6259 4764 6389 de
4816 6259 4959 6389 for-

2874 6385 2985 6515 ce;
3084 6385 3145 6515 de
3219 6385 3428 6515 façon
3514 6385 3650 6515 que
3711 6385 4179 6515 l’eſtocade,
4265 6385 4388 6515 que
4462 6385 4942 6515 l’adverſaire

2847 6508 2969 6642 luy
3041 6508 3345 6642 penſoit
3442 6508 3722 6642 donner
3795 6508 3843 6642 au
3940 6508 4208 6642 viſage,
4281 6508 4329 6642 en
4426 6508 4499 6642 eſt
4584 6508 4949 6642 divertie:

2884 6634 2943 6763 Au
3073 6634 3334 6763 meſme
3405 6634 3665 6763 temps
3759 6634 4398 6763 ALEXANDRE
4481 6634 4824 6763 s’abaiſſe
4883 6634 4942 6763 le

2859 6758 3017 6888 bras
3127 6758 3139 6888 &
3188 6758 3225 6888 la
3298 6758 3542 6888 garde,
3677 6758 3677 6888 &
3738 6758 3921 6888 avec
3970 6758 4019 6888 la
4092 6758 4361 6888 pointe
4446 6758 4715 6888 dreſſée
4788 6758 4959 6888 con-

2860 6882 3201 7003 trement
3264 6882 3302 7003 il
3340 6882 3390 7003 ſe
3441 6882 3858 7003 l’affermiſt
3908 6882 3971 7003 au
4047 6882 4249 7003 coſté
4325 6882 4515 7003 droit
4578 6882 4767 7003 pour
4856 6882 4957 7003 de-

4755 7013 4953 7098 fenſe

1583 1744 1753 1960 Ous
1859 1744 2474 1960 enſuivrons
2580 1744 2644 1960 en
2792 1744 2856 1960 ce
2983 1744 3407 1960 Tableau
3619 1744 3831 1960 XII.
3916 1744 4446 1960 l’exemple
4574 1744 4658 1960 de
4743 1744 4977 1960 ceux

1484 1958 1595 2099 qui
1664 1958 1996 2099 traitent
2051 1958 2148 2099 les
2245 1958 2591 2099 matieres
2674 1958 2784 2099 des
2840 1958 3490 2099 fortifications.
3628 1958 3738 2099 Car
3808 1958 4015 2099 apres
4098 1958 4292 2099 qu’ils
4375 1958 4499 2099 ont
4568 1958 4941 2099 enſeigné

1457 2095 1552 2236 les
1607 2095 1892 2236 figures
1960 2095 2436 2236 regulieres,
2491 2095 2572 2236 ils
2613 2095 2668 2236 ſe
2736 2095 3225 2236 contentent
3307 2095 3375 2236 de
3457 2095 3838 2236 monſtrer
3892 2095 4463 2236 briefvement
4518 2095 4518 2236 à
4586 2095 4953 2236 leurs-di-

1471 2233 1774 2378 ſciples,
1843 2233 2036 2378 qu’en
2105 2233 2146 2378 la
2229 2233 2587 2378 Pratique
2629 2233 2670 2378 il
2725 2233 2821 2378 les
2863 2233 3028 2378 faut
3083 2233 3689 2378 accommoder
3744 2233 3937 2378 ſelon
4020 2233 4116 2378 les
4185 2233 4791 2378 particularitez
4874 2233 4943 2378 de

1485 2371 1871 2519 chaſcune
1940 2371 2189 2519 place;
2285 2371 2630 2519 d’autant
2699 2371 2851 2519 qu’il
2906 2371 2989 2519 eſt
3044 2371 3513 2519 impoſſible
3582 2371 3637 2519 de
3692 2371 3789 2519 les
3830 2371 4037 2519 avoir
4092 2371 4492 2519 touſiours
4547 2371 4547 2519 à
4602 2371 4947 2519 ſouhait.

1505 2513 1700 2655 Ainſi
1765 2513 1960 2655 donc
2012 2513 2208 2655 pour
2260 2513 2442 2655 faire
2494 2513 2546 2655 le
2650 2513 2924 2655 meſme
3002 2513 3041 2655 en
3145 2513 3393 2655 noſtre
3497 2513 3874 2655 Exercice,
3926 2513 4096 2655 puis
4187 2513 4304 2655 que
4382 2513 4577 2655 nous
4656 2513 4942 2655 venons

619 2647 672 2796 de
753 2647 1089 2796 declarer
1130 2647 1170 2796 la
1277 2647 1587 2796 maniere
1681 2647 2004 2796 d’entrer
2098 2647 2380 2796 dedans
2420 2647 2514 2796 les
2568 2647 2864 2796 angles,
2931 2647 3052 2796 qui
3119 2647 3200 2796 eſt
3267 2647 3335 2796 un
3442 2647 3550 2796 des
3617 2647 3886 2796 points
3980 2647 4034 2796 de
4088 2647 4249 2796 plus
4316 2647 4599 2796 grande
4652 2647 4962 2796 impor-

589 2790 856 2934 tance;
949 2790 1402 2934 monſtrons
1496 2790 1989 2934 maintenant
2056 2790 2415 2934 combien
2495 2790 2762 2934 l’uſage
2829 2790 2882 2934 en
2962 2790 3055 2934 eſt
3095 2790 3389 2934 ample,
3495 2790 3495 2934 &
3562 2790 3882 2934 comme
3922 2790 4402 2934 l’Eſcholier
4468 2790 4575 2934 s’en
4655 2790 4935 2934 pourra

599 2923 983 3072 prevaloir
1063 2923 1116 3072 en
1209 2923 1593 3072 pluſieurs
1659 2923 2229 3072 occurrences.
2362 2923 3025 3072 Contemplation
3131 2923 3250 3072 qui
3303 2923 3422 3072 luy
3502 2923 3634 3072 ſera
3701 2923 4111 3072 tresutile,
4231 2923 4231 3072 &
4297 2923 4946 3072 tresaggreable,

606 3062 1125 3211 conſiderant
1206 3062 1329 3211 que
1397 3062 1438 3211 le
1493 3062 1697 3211 petit
1820 3062 2148 3211 Nombre
2216 3062 2270 3211 de
2325 3062 2420 3211 ſes
2475 3062 2898 3211 preceptes
2952 3062 3048 3211 eſt
3089 3062 3416 3211 baſtant
3457 3062 3470 3211 à
3525 3062 3716 3211 tenir
3784 3062 3839 3211 en
3934 3062 4180 3211 devoir
4248 3062 4439 3211 voire
4548 3062 4548 3211 &
4602 3062 4602 3211 à
4684 3062 4957 3211 domp-

589 3202 692 3349 ter
796 3202 1067 3349 meſme
1158 3202 1261 3349 des
1364 3202 1920 3349 mouvements
1985 3202 2024 3349 ſi
2101 3202 2799 3349 extraordinaires.
2915 3202 3096 3349 Pour
3174 3202 3225 3349 ce
3290 3202 3471 3349 faire
3523 3202 3716 3349 nous
3768 3202 4324 3349 propoſerons
4375 3202 4492 3349 icy
4569 3202 4957 3349 quelques

596 3342 1208 3487 particularitez
1289 3342 1793 3487 d’exemples,
1861 3342 1915 3487 ou
2106 3342 2405 3487 acharie
2459 3342 2582 3487 luy
2650 3342 2772 3487 fait
2826 3342 3316 3487 l’ouverture
3384 3342 3452 3487 de
3507 3342 3779 3487 l’angle
3860 3342 3915 3487 en
4024 3342 4336 3487 diverſes
4432 3342 4826 3487 manieres,
4949 3342 4949 3487 &

589 3480 954 3627 aucunes
1036 3480 1360 3627 d’icelles
1414 3480 1577 3627 bien
1658 3480 2077 3627 eſtranges.
2212 3480 2267 3627 Et
2348 3480 2402 3627 de
2456 3480 2578 3627 fait
2632 3480 2659 3627 il
2713 3480 2848 3627 luy
2929 3480 2970 3627 en
3078 3480 3335 3627 donne
3430 3480 3525 3627 des
3606 3480 4012 3627 occaſions
4093 3480 4160 3627 de
4214 3480 4485 3627 toutes
4553 3480 4810 3627 ſortes;
4864 3480 4958 3627 les

594 3616 789 3764 unes
854 3616 958 3764 qui
1023 3616 1465 3764 conſiſtent
1517 3616 1568 3764 en
1646 3616 1919 3764 ſimple
2010 3616 2348 3764 defenſe,
2387 3616 2478 3764 les
2543 3616 2789 3764 autres
2854 3616 3309 3764 conjointes
3361 3616 3543 3764 avec
3595 3616 3997 3764 intention
4114 3616 4582 3764 d’offenſer;
4647 3616 4945 3764 tantoſt

599 3754 626 3899 il
681 3754 914 3899 ouvre
955 3754 1230 3899 l’angle
1298 3754 1476 3899 tout
1545 3754 1545 3899 à
1600 3754 1751 3899 fait,
1805 3754 2107 3899 tantoſt
2176 3754 2203 3899 il
2272 3754 2409 3899 n’en
2491 3754 2628 3899 fait
2710 3754 2834 3899 que
2902 3754 2943 3899 la
2998 3754 3190 3899 ſeule
3259 3754 3807 3899 preparation;
3848 3754 3903 3899 le
3958 3754 4136 3899 tout
4191 3754 4355 3899 avec
4438 3754 4492 3899 de
4547 3754 4671 3899 tels
4767 3754 4959 3899 mou-

605 3894 1008 4035 vements,
1075 3894 1222 4035 qu’il
1303 3894 1544 4035 eſpere
1611 3894 1745 4035 luy
1799 3894 1853 4035 en
1947 3894 2309 4035 troubler
2363 3894 2416 4035 le
2470 3894 2899 4035 jugement
2953 3894 3074 4035 par
3127 3894 3168 4035 la
3235 3894 3704 4035 nouveauté
3798 3894 4094 4035 meſme.
4228 3894 4362 4035 Mais
4429 3894 4630 4035 quoy
4711 3894 4939 4035 donc?

658 4030 839 4171 Direz
916 4030 1135 4171 vous,
1213 4030 1264 4171 ce
1342 4030 1509 4171 ſont
1600 4030 1703 4171 des
1780 4030 2180 4171 occaſions
2231 4030 2592 4171 inutiles,
2670 4030 2850 4171 pour
2928 4030 2992 4171 ce
3069 4030 3366 4171 qu’elles
3430 4030 3598 4171 ſont
3662 4030 3907 4171 rares?
4036 4030 4101 4171 Au
4191 4030 4616 4171 contraire,
4668 4030 4720 4171 le
4784 4030 4952 4171 plus

613 4164 1010 4311 eſtranges
1065 4164 1106 4311 ſe
1160 4164 1339 4311 ſont
1380 4164 1475 4311 les
1530 4164 1681 4311 plus
1736 4164 2229 4311 neceſſaires.
2379 4164 2475 4311 Car
2530 4164 2996 4311 l’Ennemy
3050 4164 3133 4311 ne
3215 4164 3626 4311 manquera
3694 4164 3804 4311 pas
3845 4164 3858 4311 à
3913 4164 4091 4311 faire
4146 4164 4283 4311 une
4338 4164 4584 4311 aion
4667 4164 4954 4311 eſtran-

608 4307 702 4451 ge,
756 4307 837 4451 s’il
892 4307 1121 4451 penſe
1189 4307 1351 4451 qu’il
1405 4307 1581 4451 vous
1649 4307 1689 4451 en
1811 4307 2054 4451 mettra
2122 4307 2176 4451 en
2271 4307 2663 4451 deſordre:
2784 4307 2784 4451 &
2865 4307 3339 4451 d’autrepart
3420 4307 3771 4451 combien
3879 4307 4042 4451 qu’il
4096 4307 4177 4451 ne
4244 4307 4339 4451 les
4380 4307 4542 4451 face
4596 4307 4718 4451 pas
4772 4307 4947 4451 avec

593 4447 633 4590 la
725 4447 1002 4590 meſme
1042 4447 1503 4590 intention,
1609 4447 1609 4590 &
1674 4447 1727 4590 en
1793 4447 1833 4590 la
1925 4447 2202 4590 meſme
2255 4447 2439 4590 ſuite
2505 4447 2808 4590 qu’elles
2861 4447 3019 4590 ſont
3085 4447 3191 4590 icy
3270 4447 3850 4590 repreſentées,
3916 4447 4351 4590 toutesfois
4417 4447 4469 4590 on
4548 4447 4601 4590 ſe
4654 4447 4957 4590 retrou-

607 4580 673 4728 ve
727 4580 914 4728 aſſez
967 4580 1301 4728 ſouvent
1381 4580 1421 4728 en
1501 4580 1715 4728 telles
1822 4580 1822 4728 &
1875 4580 2356 4728 ſemblables
2409 4580 2836 4728 ſituations
2903 4580 3023 4728 par
3063 4580 3157 4728 les
3224 4580 3824 4728 changements
3905 4580 4011 4728 des
4078 4580 4492 4728 occaſions
4572 4580 4626 4728 de
4679 4580 4839 4728 part
4946 4580 4959 4728 &

623 4724 930 4867 d’autre.
1050 4724 1357 4867 Soyons
1437 4724 1624 4867 donc
1691 4724 2078 4867 preparez
2118 4724 2131 4867 à
2184 4724 2398 4867 tout.
2545 4724 2638 4867 Car
2705 4724 2772 4867 au
2838 4724 2972 4867 fait
3052 4724 3145 4867 des
3239 4724 3532 4867 Armes,
3586 4724 3799 4867 apres
3866 4724 3999 4867 que
4039 4724 4080 4867 la
4160 4724 4373 4867 faute
4453 4724 4533 4867 eſt
4600 4724 4947 4867 commi-

600 4863 682 4988 ſe,
736 4863 777 4988 il
818 4863 928 4988 n’y
1010 4863 1010 4988 a
1091 4863 1173 4988 ny
1255 4863 1583 4988 remede
1638 4863 1720 4988 ny
1788 4863 2047 4988 excuſe
2116 4863 2444 4988 valable.

1128 1371 2555 1538 DECLARATION
2792 1371 3050 1538 DES
3288 1371 4496 1538 OPERATIONS

1890 1574 2003 1659 DV
2173 1574 2808 1659 TABLEAV
2991 1574 3740 1659 DOVZIEME.

1306 5020 1617 5204 Cercle
1884 5020 2084 5204 N.1.

625 5230 919 5353 Alexandre
978 5230 1119 5353 ayant
1166 5230 1355 5353 ſujetté
1390 5230 1578 5353 l’eſpee
1625 5230 1896 5353 contraire
1943 5230 1943 5353 à
2002 5230 2037 5353 la
2096 5230 2308 5353 Seconde
2367 5230 2614 5353 Inſtance,
2696 5230 2696 5353 &

710 5363 822 5478 puis
878 5363 1069 5478 marché
1136 5363 1249 5478 avec
1294 5363 1316 5478 le
1383 5363 1496 5478 pied
1563 5363 1675 5478 droit
1731 5363 1731 5478 à
1788 5363 1821 5478 la
1900 5363 2192 5478 Troiſieme,
2259 5363 2293 5478 en
2349 5363 2472 5478 ſorte
2517 5363 2607 5478 que
2663 5363 2697 5478 le

712 5488 824 5602 pied
880 5488 1069 5602 gauche
1136 5488 1192 5602 eſt
1247 5488 1359 5602 deſia
1403 5488 1448 5602 en
1515 5488 1638 5602 train
1716 5488 1716 5602 à
1782 5488 2095 5602 pourſuivre
2139 5488 2396 5602 l’autre,
2462 5488 2574 5602 avec
2630 5488 2697 5602 in-

714 5611 910 5735 tention
979 5611 1002 5735 de
1049 5611 1233 5735 bleſſer
1268 5611 1291 5735 le
1360 5611 1625 5735 Contraire
1683 5611 1717 5735 au
1775 5611 1879 5735 long
1948 5611 1982 5735 de
2029 5611 2063 5735 ſa
2109 5611 2351 5735 lame:
2421 5611 2455 5735 en
2501 5611 2536 5735 ce
2594 5611 2697 5735 meſ-

739 5735 785 5851 me
843 5735 1005 5851 temps
1086 5735 1341 5851 Zacharie
1388 5735 1411 5851 ſe
1481 5735 1736 5851 deſtourne
1770 5735 1805 5851 le
1840 5735 1956 5851 coſté
2025 5735 2153 5851 droit
2199 5735 2234 5851 en
2304 5735 2489 5851 dehors,
2547 5735 2698 5851 hauſ-

849 5860 1988 6102 WW''W'''W''
2070 5860 2802 6102 ao''''e

716 6113 838 6229 vant
926 6113 1215 6229 Alexandre
1259 6113 1292 6229 il
1325 6113 1469 6229 laiſſe
1514 6113 1636 6229 aller
1691 6113 1724 6229 au
1791 6113 1946 6229 meſme
1990 6113 2168 6229 temps
2201 6113 2245 6229 ſa
2290 6113 2456 6229 pointe
2500 6113 2700 6229 contre-

752 6235 887 6355 mont,
936 6235 961 6355 en
1023 6235 1281 6355 abaiſſant
1380 6235 1380 6355 &
1429 6235 1798 6355 affermiſſant
1835 6235 1872 6355 la
1921 6235 2069 6355 coude
2118 6235 2131 6355 à
2180 6235 2241 6355 ſon
2291 6235 2438 6355 coſté,
2524 6235 2524 6355 &
2598 6235 2709 6355 met-

714 6359 830 6478 tant
865 6359 900 6478 le
947 6359 1052 6478 pied
1110 6359 1297 6478 gaucbe
1343 6359 1355 6478 à
1402 6359 1530 6478 terre
1588 6359 1775 6478 dedans
1810 6359 1845 6478 le
1926 6359 2264 6478 Quadrangle
2311 6359 2311 6478 à
2346 6359 2381 6478 la
2427 6359 2579 6478 lettre
2672 6359 2707 6478 O.

1083 6517 1232 6633 Pres
1294 6517 2002 6633 qu’ALEXANDRE
2052 6517 2064 6633 a
2114 6517 2387 6633 ſujetté
2424 6517 2697 6633 l’eſpee

1066 6642 1495 6753 contraire,
1567 6642 1627 6753 de
1686 6642 1734 6753 la
1829 6642 2211 6753 Premiere
2271 6642 2628 6753 Inſtance
2688 6642 2700 6753 à

1055 6768 1091 6886 la
1176 6768 1526 6886 Seconde
1587 6768 1647 6886 au
1756 6768 1913 6886 deça
1985 6768 2034 6886 le
2142 6768 2517 6886 Diametre
2565 6768 2698 6886 let-

1057 6891 1152 7016 tre
1271 6891 1307 7016 G.
1402 6891 1414 7016 &
1474 6891 1700 7016 ayant
1759 6891 2486 7016 conſequemment
2545 6891 2700 7016 che-
