5520 7640
3532 2867 3857 3030 Cercle
4094 2867 4375 3030 N.6.

3305 3067 3435 3202 Eſte
3500 3067 3735 3202 aion
3813 3067 4061 3202 prend
4113 3067 4217 3202 ſon
4309 3067 4608 3202 origine
4674 3067 4974 3202 duCer-

3295 3196 3385 3327 cle
3449 3196 3488 3327 1.
3552 3196 3564 3327 à
3641 3196 4115 3327 condition,
4192 3196 4359 3327 qu’il
4423 3196 4436 3327 y
4487 3196 4577 3327 ait
4654 3196 4820 3327 plus
4910 3196 4961 3327 de

3278 3324 3506 3460 poids
3566 3324 3614 3460 en
3687 3324 3723 3460 la
3795 3324 3987 3460 lame
4059 3324 4480 3460 contraire.
4637 3324 4805 3460 Dont
4901 3324 4974 3460 A-

3286 3450 3767 3584 LEXANDRE
3839 3450 4199 3584 pourſuit
4271 3450 4271 3584 à
4356 3450 4788 3584 travailler,
4897 3450 4933 3584 en

2813 3574 3088 3710 faiſant
3136 3574 3207 3710 un
3291 3574 3518 3710 grand
3577 3574 3697 3710 pas
3768 3574 3936 3710 tout
4031 3574 4210 3710 droit
4294 3574 4342 3710 en
4425 3574 4652 3710 avant
4724 3574 4974 3710 lente-

2844 3696 3030 3833 ment
3092 3696 3279 3833 avec
3328 3696 3378 3833 le
3440 3696 3614 3833 pied
3714 3696 3937 3833 droit,
4012 3696 4584 3833 s’approchant
4634 3696 4683 3833 le
4746 3696 4957 3833 corps

2817 3826 2981 3965 plus
3031 3826 3208 3965 pres
3271 3826 3334 3965 de
3385 3826 3486 3965 ſon
3574 3826 3826 3965 eſpee,
3927 3826 3940 3965 &
3991 3826 4319 3965 prenant
4382 3826 4533 3965 fort
4597 3826 4975 3965 ſerieuſe-

2849 3955 3030 4071 ment
3103 3955 3321 4071 garde
3382 3955 3443 4071 au
3528 3955 4000 4071 ſentiment,
4061 3955 4085 4071 ſi
4158 3955 4595 4071 daventure
4643 3955 4692 4071 le
4789 3955 4970 4071 Con-

2815 4083 3040 4214 traire
3128 4083 3390 4214 venoit
3440 4083 3440 4214 à
3528 4083 3853 4214 changer
3928 4083 3990 4214 de
4053 4083 4303 4214 poids,
4365 4083 4553 4214 pour
4628 4083 4953 4214 changer

2815 4199 2981 4350 auſſi
3045 4199 3581 4350 d’operation.

3558 4350 3869 4544 Cercle
4180 4350 4336 4544 p7.

3318 4550 3405 4681 Eſt
3454 4550 3504 4681 la
3578 4550 4124 4681 continuation
4211 4550 4273 4681 du
4347 4550 4831 4681 precedent,
4880 4550 4942 4681 ou

3300 4676 3843 4781 ALEXANDRE
3932 4676 4220 4781 marche
4286 4676 4508 4781 encor
4575 4676 4641 4781 un
4741 4676 4951 4781 autre

3288 4803 3513 4934 grand
3560 4803 3690 4934 pas
3749 4803 3927 4934 tout
4009 4803 4199 4934 droit
4269 4803 4317 4934 en
4400 4803 4624 4934 avant
4742 4803 4742 4934 &
4801 4803 4955 4934 len-

3268 4930 3583 5062 tement
3633 4930 3810 5062 avec
3860 4930 3910 5062 le
3961 4930 4137 5062 pied
4200 4930 4502 5062 gauche
4552 4930 4565 5062 à
4628 4930 4829 5062 coſté
4892 4930 4955 5062 de

2808 5051 3341 5185 l’adverſaire;
3377 5051 3910 5185 pourſuivant
3957 5051 4183 5185 apres
4230 5051 4242 5185 à
4301 5051 4586 5185 eſlever
4692 5051 4704 5185 &
4740 5051 4965 5185 avan-

2829 5178 2932 5314 cer
2983 5178 3035 5314 le
3086 5178 3267 5314 pied
3331 5178 3550 5314 droit,
3576 5178 3859 5314 lequel
3898 5178 3937 5314 il
3975 5178 4169 5314 joint
4220 5178 4400 5314 tout
4452 5178 4619 5314 pres
4684 5178 4748 5314 de
4800 5178 4954 5314 l’au-

2811 5303 2950 5434 tre;
3066 5303 3066 5434 &
3136 5303 3438 5434 comme
3484 5303 3519 5434 il
3566 5303 3717 5434 ſent
3786 5303 3926 5434 que
3972 5303 4007 5434 la
4065 5303 4262 5434 lame
4332 5303 4715 5434 contraire
4785 5303 4948 5434 con-

2811 5429 3026 5561 tinue
3109 5429 3335 5561 encor
3407 5429 3466 5561 au
3574 5429 3824 5561 meſme
3883 5429 4146 5561 poids,
4181 5429 4217 5561 il
4265 5429 4324 5561 ſe
4396 5429 4682 5561 tbourne
4741 5429 4849 5561 ſur
4896 5429 4944 5561 le

2819 5553 2988 5693 pied
3053 5553 3339 5693 gauche
3416 5553 3520 5693 qui
3585 5553 3663 5693 eſt
3715 5553 3975 5693 planté
4026 5553 4195 5693 tout
4273 5553 4455 5693 droit
4520 5553 4779 5693 contre
4831 5553 4948 5693 luy

2816 5681 3005 5807 pour
3056 5681 3106 5807 le
3156 5681 3559 5807 regarder.

3555 5827 3885 6013 Cercle
4192 5827 4390 6013 .8.

2849 6042 3147 6178 Alexandre
3193 6042 3434 6178 pourſuit
3480 6042 3537 6178 les
3594 6042 3904 6178 operations
3949 6042 4328 6178 precedentes,
4442 6042 4454 6178 &
4500 6042 4729 6178 entrant
4786 6042 4935 6178 dve.

2934 6165 2958 6298 le
3042 6165 3317 6298 Conrraire
3365 6165 3437 6298 luy
3496 6165 3652 6298 aſſene
3700 6165 3747 6298 ſa
3795 6165 3963 6298 pointe
4023 6165 4058 6298 au
4118 6165 4238 6298 coſté
4310 6165 4453 6298 droit,
4489 6165 4848 6298 l’executant
4919 6165 4955 6298 de

2943 6300 3102 6407 pleine
3136 6300 3364 6407 force.

3327 6420 3740 6523 Ontinuant
3801 6420 3862 6523 le
3959 6420 4214 6523 meſme
4311 6420 4749 6523 Sentiment
4834 6420 4943 6523 des

3273 6543 3544 6678 lames,
3630 6543 4270 6678 ALEXANDRE
4320 6543 4677 6678 pourſuit
4726 6543 4947 6678 l’ope-

3278 6667 3562 6807 ration,
3611 6667 3661 6807 en
3747 6667 4204 6807 deſtachant
4241 6667 4352 6807 les
4413 6667 4672 6807 eſpees
4722 6667 4956 6807 (dont

3279 6796 3539 6930 l’eſpee
3617 6796 3994 6930 contraire
4059 6796 4176 6930 luy
4254 6796 4436 6930 paſſe
4514 6796 4631 6930 par
4709 6796 4956 6930 deſſus

2815 6918 2853 7078 la
2915 6918 3140 7078 teſte)
3253 6918 3265 7078 &
3315 6918 3378 7078 au
3490 6918 3753 7078 meſme
3803 6918 4090 7078 inſtant
4153 6918 4190 7078 il
4265 6918 4478 7078 entre
4578 6918 4840 7078 devers
4890 6918 4953 7078 le

4779 7064 4957 7154 Con-

573 394 785 532 fenſe
848 394 910 532 de
960 394 997 532 la
1060 394 1297 532 partie
1347 394 1772 532 inferieure
1847 394 1896 532 de
1946 394 1996 532 ſa
2046 394 2471 532 perſonne,
2533 394 2683 532 met-

585 520 731 655 tant
792 520 1426 655 enſemblement
1475 520 1524 655 le
1585 520 1755 655 pied
1841 520 2133 655 gauche
2182 520 2194 655 à
2267 520 2499 655 terre,
2572 520 2682 655 de-

590 644 759 784 dans
811 644 863 784 le
981 644 1450 784 Quadrangle
1502 644 1515 784 à
1567 644 1606 784 la
1671 644 1893 784 lettre
2010 644 2062 784 O,
2114 644 2284 784 avec
2336 644 2388 784 le
2479 644 2687 784 corps

586 771 952 903 eſtendu;
1050 771 1343 903 comme
1404 771 1501 903 les
1562 771 1855 903 figures
1916 771 2502 903 demonſtrent.

1295 940 1614 1120 Cercle
1841 940 2114 1120 N.

607 1161 898 1296 Alexandre
959 1161 1189 1296 eſlevant
1238 1161 1262 1296 le
1311 1161 1420 1296 pied
1468 1161 1590 1296 droit
1638 1161 1674 1296 en
1747 1161 1893 1296 l’air,
1941 1161 2123 1296 abaiſſe
2172 1161 2414 1296 enſemble
2463 1161 2681 1296 quelque

692 1284 774 1419 peu
833 1284 1009 1419 l’eſpee
1068 1284 1103 1419 de
1150 1284 1209 1419 ſon
1279 1284 1585 1419 Contraire,
1655 1284 1879 1419 laquelle
1937 1284 2008 1419 (en
2078 1284 2325 1419 plantant
2372 1284 2407 1419 le
2466 1284 2619 1419 meſme
2677 1284 2677 1419 à

689 1412 830 1546 terre
889 1412 1067 1546 devant
1102 1412 1137 1546 la
1185 1412 1338 1546 lettre
1409 1412 1539 1546 S)il
1575 1412 1870 1546 aſſujettit,
1905 1412 2177 1546 avançant
2224 1412 2248 1546 le
2295 1412 2413 1546 coſté
2461 1412 2673 1546 gauche,

746 1537 746 1672 &
815 1537 1078 1672 panchant
1158 1537 1193 1672 du
1250 1537 1399 1672 corps
1456 1537 1525 1672 ſur
1571 1537 1594 1672 le
1662 1537 1834 1672 devant
1891 1537 2098 1672 encores
2155 1537 2235 1672 ſur
2281 1537 2304 1672 le
2372 1537 2521 1672 meſme
2567 1537 2682 1672 pied

693 1662 738 1794 au
806 1662 987 1794 dedans
1044 1662 1078 1794 de
1135 1662 1362 1794 l’angle,
1430 1662 1747 1794 entrainant
1793 1662 1963 1794 quand
2054 1662 2054 1794 &
2110 1662 2281 1794 quand
2315 1662 2337 1794 le
2383 1662 2496 1794 pied
2541 1662 2678 1794 gau-

683 1790 768 1913 che
816 1790 1046 1913 derriere
1082 1790 1288 1913 juſqu’à
1336 1790 1373 1913 la
1409 1790 1566 1913 lettre
1687 1790 1723 1913 N.

1052 1916 1619 2050 LEXANDRE
1707 1916 1808 2050 dés
1909 1916 2061 2050 qu’il
2136 1916 2149 2050 à
2237 1916 2678 2050 parachevé

1019 2050 1297 2174 l’aion
1381 2050 1937 2174 precedente,
2022 2050 2143 2174 fait
2215 2050 2360 2174 une
2420 2050 2674 2174 petite

1021 2167 1295 2297 pauſe,
1369 2167 1481 2297 afin
1581 2167 1705 2297 que
1780 2167 1817 2297 ſi
1867 2167 2365 2297 l’adverſaire
2427 2167 2689 2297 taſche

1035 2292 1425 2425 d’avẽture
1477 2292 1477 2425 à
1541 2292 1918 2425 travailler
1996 2292 2255 2425 deſſus,
2294 2292 2320 2425 il
2385 2292 2398 2425 y
2450 2292 2683 2425 puiſſe

583 2426 865 2549 donner
947 2426 1194 2549 ordre.
1347 2426 1476 2549 Mais
1546 2426 1793 2549 quand
1852 2426 1887 2549 il
1934 2426 1993 2549 le
2063 2426 2216 2549 voit
2275 2426 2686 2549 attendre,

561 2544 597 2669 il
657 2544 1065 2669 pourſuit,
1173 2544 1221 2669 en
1305 2544 1689 2669 avançant
1821 2544 1833 2669 &
1893 2544 2253 2669 hauſſant
2313 2544 2373 2669 le
2457 2544 2673 2669 corps

558 2668 691 2800 ave
788 2668 837 2800 le
897 2668 1067 2800 pied
1127 2668 1345 2800 droit,
1454 2668 1466 2800 &
1515 2668 1890 2800 abaiſſant
1951 2668 2350 2800 enſemble
2399 2668 2471 2800 un
2544 2668 2665 2800 peu

552 2788 656 2925 les
714 2788 945 2925 lames
1014 2788 1072 2925 au
1153 2788 1407 2925 raport
1499 2788 1546 2925 du
1638 2788 2135 2925 Sentiment,
2204 2788 2377 2925 avec
2447 2788 2678 2925 pareil

552 2922 1145 3041 advancement
1228 2922 1287 3041 du
1382 2922 1583 3041 coſté
1666 2922 2022 3041 gauche;
2117 2922 2165 3041 en
2248 2922 2449 3041 ſorte
2532 2922 2674 3041 qu’à

553 3046 878 3165 l’inſtant
965 3046 1090 3165 que
1152 3046 1202 3165 le
1290 3046 1514 3165 corps
1589 3046 1964 3165 deſcend,
2101 3046 2101 3165 &
2188 3046 2313 3165 que
2376 3046 2426 3165 le
2501 3046 2675 3165 pied

579 3169 753 3300 droit
815 3169 1076 3300 tombe
1138 3169 1151 3300 à
1200 3169 1399 3300 terre
1474 3169 1748 3300 devant
1797 3169 1835 3300 la
1884 3169 2121 3300 lettre
2245 3169 2245 3300 ,
2295 3169 2332 3300 il
2370 3169 2693 3300 aſſujet-

551 3285 626 3414 tit
676 3285 952 3414 l’eſpee
1027 3285 1090 3414 de
1140 3285 1653 3414 l’adverſaire,
1703 3285 1753 3414 ſe
1829 3285 2217 3414 panchant
2305 3285 2355 3414 du
2467 3285 2680 3414 corps

547 3421 657 3541 ſur
706 3421 755 3541 le
828 3421 1122 3541 devant,
1233 3421 1233 3541 &
1318 3421 1759 3541 entrainant
1821 3421 1870 3541 le
1931 3421 2114 3541 pied
2176 3421 2470 3541 gauche
2543 3421 2690 3541 der-

557 3548 734 3665 riere
785 3548 1115 3665 juſqu’au
1191 3548 1407 3665 point
1521 3548 1559 3665 N.
1712 3548 1889 3665 Dont
1927 3548 1966 3665 il
2029 3548 2080 3665 ſe
2169 3548 2283 3665 met
2346 3548 2461 3665 par
2511 3548 2676 3665 ainſi

564 3671 846 3787 dedans
905 3671 1223 3787 l’angle,
1352 3671 1352 3787 &
1411 3671 1470 3787 au
1576 3671 1858 3787 dedans
1940 3671 2058 3787 des
2129 3671 2682 3787 perpendicu-

539 3783 752 3920 laires
834 3783 905 3920 de
988 3783 1450 3920 l’ennemy;
1556 3783 1852 3920 comme
1923 3783 1958 3920 il
2029 3783 2112 3920 eſt
2219 3783 2526 3920 evident
2597 3783 2645 3920 au

544 3918 934 4044 pourtrait
1008 3918 1118 4044 des
1167 3918 1484 4044 figures.

1241 4057 1554 4223 Cercle
1822 4057 2067 4223 N.3.

1047 4265 1548 4395 LEXANDRE
1641 4265 2119 4395 continuant
2189 4265 2655 4395 l’operation

1028 4385 1714 4518 encommencée,
1773 4385 1821 4518 ſe
1880 4385 2176 4518 panche
2235 4385 2306 4518 un
2377 4385 2495 4518 peu
2590 4385 2685 4518 da-

1025 4509 1385 4648 vantage,
1421 4509 1768 4648 hauſſant
1828 4509 1995 4648 tout
2067 4509 2199 4648 d’un
2271 4509 2534 4648 temps
2606 4509 2642 4648 en

1014 4640 1237 4768 avant
1295 4640 1342 4768 ſa
1448 4640 1589 4768 main
1694 4640 1988 4768 gauche
2070 4640 2269 4768 entre
2363 4640 2551 4768 deux
2668 4640 2668 4768 &

551 4758 563 4900 à
638 4758 850 4900 l’egal
950 4758 1063 4900 des
1125 4758 1437 4900 lames,
1512 4758 1674 4900 puis
1737 4758 1774 4900 il
1837 4758 2186 4900 s’avance
2286 4758 2536 4900 quand
2660 4758 2673 4900 &

572 4886 812 5019 quand
884 4886 932 5019 en
1016 4886 1316 5019 ſautant
1388 4886 1436 5019 du
1508 4886 1688 5019 pied
1747 4886 1963 5019 droit,
2023 4886 2359 5019 eſlevant
2419 4886 2467 5019 en
2539 4886 2671 5019 ſui-

562 5017 612 5140 te
687 5017 737 5140 le
812 5017 987 5140 pied
1074 5017 1424 5140 gauche,
1573 5017 1573 5140 &
1661 5017 1985 5140 prenant
2085 5017 2472 5140 enſemble
2547 5017 2672 5140 par

577 5142 819 5264 deſſus
870 5142 921 5264 le
972 5142 1163 5264 long
1240 5142 1354 5264 des
1418 5142 1660 5264 lames
1711 5142 1762 5264 la
1839 5142 2056 5264 garde
2119 5142 2170 5264 du
2285 5142 2680 5264 Contraire

552 5269 738 5393 avec
787 5269 837 5393 ſa
923 5269 1072 5393 main
1146 5269 1480 5393 gauche,
1542 5269 1591 5393 le
1665 5269 1851 5393 coſté
1925 5269 2209 5393 gauche
2296 5269 2358 5393 du
2457 5269 2667 5393 corps

562 5393 861 5520 panché
957 5393 1185 5520 encor
1280 5393 1771 5520 davantage;
1867 5393 2034 5520 ainſi
2118 5393 2310 5520 quon
2381 5393 2441 5520 le
2525 5393 2669 5520 voit

555 5520 949 5644 pourtrait
1011 5520 1060 5644 en
1134 5520 1171 5644 la
1232 5520 1516 5644 figure.

1310 5667 1639 5854 Cercle
1814 5667 2077 5854 N.4.

591 5876 883 6008 Alexandre
927 5876 1163 6008 pourſuit
1219 5876 1275 6008 les
1320 5876 1633 6008 operations
1689 5876 2059 6008 precedentes,
2126 5876 2339 6008 donnant
2395 5876 2395 6008 à
2451 5876 2507 6008 ſon
2563 5876 2675 6008 con-

670 6003 842 6136 traire
888 6003 934 6136 un
991 6003 1094 6136 coup
1163 6003 1198 6136 de
1255 6003 1427 6136 pointe
1473 6003 1519 6136 au
1565 6003 1680 6136 coſté
1737 6003 1863 6136 droit
1909 6003 1989 6136 par
2035 6003 2070 6136 le
2127 6003 2173 6136 fil
2219 6003 2253 6136 de
2299 6003 2334 6136 ſa
2380 6003 2529 6136 lame.

1070 6143 1155 6283 Eſt
1227 6143 1457 6283 encor
1517 6143 1566 6283 la
1650 6143 2194 6283 continuation
2279 6143 2339 6283 du
2412 6143 2665 6283 prece-

1047 6272 1237 6404 dent,
1309 6272 1356 6404 ou
1475 6272 1487 6404 A
1559 6272 2023 6404 LEXANDRE
2094 6272 2439 6404 pourſuit
2511 6272 2665 6404 ſou-

1031 6395 1494 6531 dainement
1543 6395 1555 6531 à
1604 6395 1787 6531 faire
1836 6395 1909 6531 un
1995 6395 2214 6531 grand
2263 6395 2385 6531 pas
2446 6395 2678 6531 circu-

1020 6529 1199 6653 laire
1263 6529 1441 6653 avec
1505 6529 1556 6653 le
1620 6529 1798 6653 pied
1862 6529 2193 6653 gauche,
2270 6529 2372 6653 qui
2448 6529 2665 6653 eſtoit

585 6637 750 6757 deſia
813 6637 1080 6757 eſlevé,
1118 6637 1169 6757 au
1257 6637 1536 6757 dehors
1600 6637 1650 6757 du
1764 6637 1993 6757 Cercle
2043 6637 2056 6757 à
2119 6637 2310 6757 coſté
2386 6637 2449 6757 de
2500 6637 2665 6757 l’ad-

568 6769 943 6904 verſaire;
1027 6769 1547 6904 pourſuivant
1607 6769 2175 6904 pareillement
2272 6769 2308 6904 en
2429 6769 2671 6904 cercle

561 6894 744 7030 avec
810 6894 1071 7030 l’autre
1137 6894 1359 7030 pied,
1438 6894 1752 7030 aſſavoir
1818 6894 1870 7030 le
1935 6894 2106 7030 pied
2197 6894 2433 7030 droit,
2524 6894 2682 7030 qu’il

2836 370 3127 507 avance
3254 370 3254 507 &
3330 370 3533 507 volte
3622 370 3685 507 de
3761 370 4065 507 pareille
4154 370 4471 507 viſteſſe,
4522 370 4788 507 faiſant
4864 370 4927 507 un

2847 503 3079 634 grand
3144 503 3260 634 pas
3350 503 3673 634 derriere
3751 503 3802 634 le
3867 503 4047 634 pied
4125 503 4473 634 gauche,
4564 503 4822 634 pouſſe
4951 503 4951 634 &

2830 627 3111 761 tourne
3193 627 3637 761 cependant
3707 627 3754 761 le
3824 627 3988 761 bras
4117 627 4117 761 &
4164 627 4210 761 la
4281 627 4503 761 garde
4573 627 4947 761 contraire

2838 753 2888 887 au
2976 753 3238 887 loing,
3364 753 3364 887 &
3426 753 3551 887 luy
3651 753 3889 887 donne
3952 753 4064 887 par
4127 753 4177 887 le
4252 753 4314 887 fil
4402 753 4465 887 de
4515 753 4565 887 la
4615 753 4815 887 lame
4865 753 4928 887 un

2843 881 3026 1012 coup
3111 881 3172 1012 de
3221 881 3489 1012 pointe
3550 881 3599 1012 au
3685 881 3880 1012 coſté
3941 881 4173 1012 droit;
4258 881 4563 1012 comme
4612 881 4649 1012 il
4722 881 4807 1012 eſt
4856 881 4954 1012 re-

2831 1014 3191 1160 preſenté
3255 1014 3294 1160 en
3371 1014 3410 1160 la
3474 1014 3757 1160 figure.

3555 1162 3884 1318 Cercle
4082 1162 4367 1318 N..

2857 1362 3158 1490 Alexandre
3218 1362 3422 1490 faiſant
3471 1362 3507 1490 la
3555 1362 3699 1490 finale
3759 1362 4048 1490 execution
4108 1362 4277 1490 pouſſe
4337 1362 4397 1490 ſon
4457 1362 4686 1490 eſtocade
4734 1362 4782 1490 au
4855 1362 4963 1490 tra-

2935 1492 3049 1620 vers
3083 1492 3117 1620 le
3162 1492 3310 1620 corps
3355 1492 3389 1620 de
3435 1492 3492 1620 ſon
3571 1492 3843 1620 Contraire
3900 1492 3934 1620 de
3980 1492 4139 1620 pleine
4184 1492 4400 1620 force.

3330 1632 3402 1729 Eſt
3463 1632 3500 1729 la
3597 1632 3948 1729 derniere
3997 1632 4191 1729 ſuite
4276 1632 4337 1729 de
4410 1632 4446 1729 la
4543 1632 4956 1729 continua-

3276 1758 3409 1881 tion
3481 1758 4037 1881 precedente,
4097 1758 4279 1881 faite
4351 1758 4472 1881 par
4569 1758 4967 1881 ALEXAN-

3288 1881 3429 1981 DRE
3511 1881 3558 1981 en
3664 1881 4004 1981 eſlevant
4075 1881 4239 1981 tout
4310 1881 4322 1981 à
4392 1881 4721 1981 l’inſtant
4838 1881 4850 1981 &
4909 1881 4956 1981 a-

3273 2007 3607 2133 vançant
3669 2007 3730 2133 le
3817 2007 3990 2133 pied
4077 2007 4374 2133 gauche
4485 2007 4745 2133 devers
4832 2007 4931 2133 ſon

2859 2130 3297 2261 Contraire,
3374 2130 3413 2261 en
3477 2130 3747 2261 faiſant
3811 2130 3850 2261 la
3927 2130 4197 2261 charge
4261 2130 4326 2261 du
4403 2130 4622 2261 corps
4686 2130 4956 2261 deſſus,

2884 2256 2884 2390 &
2948 2256 3076 2390 luy
3140 2256 3510 2390 pouſſant
3561 2256 3676 2390 par
3728 2256 3906 2390 ainſi
3958 2256 4392 2390 l’eſtocade
4469 2256 4469 2390 à
4545 2256 4839 2390 travers
4903 2256 4954 2390 le

2832 2390 3042 2510 corps
3116 2390 3178 2510 de
3227 2390 3487 2510 pleine
3537 2390 3784 2510 force.
