5520 7640
2851 482 3123 601 l’eſpee
3217 482 3595 601 contraire
3701 482 3748 601 en
3842 482 4090 601 haut,
4244 482 4255 601 &
4362 482 4822 601 conduiſant
4892 482 4940 601 la

2849 608 3129 735 pointe
3218 608 3274 735 de
3330 608 3374 735 la
3430 608 3687 735 ſienne
3754 608 4268 735 contremont
4335 608 4458 735 par
4525 608 4837 735 derriere
4882 608 4938 735 le

2863 732 3019 857 dos.
3151 732 3319 857 Voilà
3391 732 3679 857 comme
3727 732 3763 857 il
3823 732 3967 857 s’eſt
4015 732 4327 857 preparé
4375 732 4423 857 le
4483 732 4699 857 corps
4747 732 4939 857 pour

2860 855 3064 981 venir
3155 855 3868 981 conſequemment
3936 855 3948 981 à
4016 855 4469 981 l’operation
4548 855 4933 981 ſuivante;

2860 979 3158 1106 comme
3230 979 3277 1106 on
3349 979 3421 1106 l’y
3480 979 3623 1106 voit
3683 979 3838 1106 tout
3898 979 4244 1106 appreſté
4303 979 4351 1106 en
4422 979 4470 1106 la
4530 979 4816 1106 figure.

3547 1135 3862 1324 Cercle
4109 1135 4379 1324 N.11.

3354 1345 3440 1468 Eſt
3489 1345 3526 1468 la
3587 1345 3771 1468 ſuite
3833 1345 3894 1468 du
3955 1345 4422 1468 precedent.
4544 1345 4937 1468 ALEXAN-

3331 1473 3461 1602 DRE
3532 1473 3734 1602 ſaute
3817 1473 3995 1602 avec
4066 1473 4125 1602 le
4208 1473 4386 1602 pied
4481 1473 4766 1602 gauche
4849 1473 4920 1602 un

3321 1597 3536 1716 grand
3593 1597 3706 1716 pas
3763 1597 4398 1716 circulairement
4455 1597 4512 1716 en
4580 1597 4795 1716 avant
4852 1597 4909 1716 au

3328 1720 3596 1845 dehors
3656 1720 3705 1845 du
3815 1720 4058 1845 Cercle
4119 1720 4131 1845 à
4192 1720 4302 1845 peu
4375 1720 4545 1845 pres
4606 1720 4935 1845 derriere

2848 1841 3373 1968 l’adverſaire;
3422 1841 3714 1968 auquel
3775 1841 3812 1968 il
3885 1841 4129 1968 donne
4190 1841 4288 1968 (en
4385 1841 4763 1968 panchant
4861 1841 4910 1968 du

2863 1970 3082 2089 corps
3139 1970 3243 2089 ſur
3300 1970 3358 2089 le
3438 1970 3737 2089 devant,
3841 1970 3852 2089 &
3910 1970 4370 2089 continuant
4427 1970 4427 2089 à
4519 1970 4749 2089 mener
4818 1970 4933 2089 cir-

2863 2091 3374 2211 culairement
3434 2091 3493 2211 le
3553 2091 3719 2211 pied
3803 2091 3981 2211 droit
4052 2091 4100 2211 en
4183 2091 4326 2211 l’air
4397 2091 4707 2211 derriere
4766 2091 4945 2211 l’au-

2852 2215 2994 2337 tre)
3065 2215 3124 2337 un
3207 2215 3384 2337 coup
3467 2215 3526 2337 de
3585 2215 3845 2337 revers
3893 2215 3952 2337 au
4035 2215 4176 2337 gras
4247 2215 4307 2337 de
4354 2215 4389 2337 la
4460 2215 4721 2337 jambe
4780 2215 4945 2337 gau-

2861 2340 3021 2456 che,
3067 2340 3422 2456 pouſſant
3490 2340 4119 2456 enſemblement
4177 2340 4325 2456 vers
4371 2340 4417 2456 le
4485 2340 4611 2456 bas
4668 2340 4714 2456 le
4771 2340 4932 2456 bras

2903 2459 2915 2580 &
2965 2459 3238 2580 l’eſpee
3312 2459 3734 2580 contraire,
3783 2459 4118 2580 laquelle
4168 2459 4205 2580 il
4255 2459 4676 2580 s’affermiſt
4738 2459 4751 2580 à
4813 2459 4912 2580 ſon

2866 2585 3059 2729 coſté
3136 2585 3484 2729 gauche;
3587 2585 3754 2729 ainſi
3844 2585 3998 2729 qu’il
4076 2585 4153 2729 eſt
4230 2585 4668 2729 pourtrai
4758 2585 4796 2729 en
4887 2585 4925 2729 la

2854 2713 3129 2829 figure.

3547 2830 3855 2993 Cercle
4053 2830 4383 2993 N.12.

3344 3035 3426 3127 Eſt
3485 3035 3533 3127 la
3615 3035 4147 3127 continuation
4253 3035 4312 3127 de
4371 3035 4418 3127 la
4501 3035 4761 3127 meſme
4808 3035 4938 3127 ſui-

3294 3160 3387 3284 te,
3433 3160 3606 3284 faite
3664 3160 3768 3284 par
3848 3160 4426 3284 ALEXANDRE,
4495 3160 4541 3284 en
4610 3160 4934 3284 retirant

3348 3284 3361 3404 &
3410 3284 3767 3404 plantant
3816 3284 4370 3404 ſoudainemẽt
4419 3284 4468 3404 le
4518 3284 4690 3404 pied
4764 3284 4936 3404 droit

3314 3407 3352 3530 en
3427 3407 3742 3530 arriere,
3804 3407 3905 3530 ſur
3968 3407 4232 3530 lequel
4295 3407 4320 3530 il
4383 3407 4433 3530 ſe
4496 3407 4823 3530 redreſſe
4936 3407 4936 3530 &

2840 3533 2888 3654 ſe
2949 3533 3239 3654 panche
3300 3533 3300 3654 à
3360 3533 3711 3654 l’envers,
3771 3533 3820 3654 en
3904 3533 4231 3654 eſlevant
4279 3533 4328 3654 le
4388 3533 4557 3654 pied
4618 3533 4932 3654 gauche,

2904 3654 2904 3773 &
2977 3654 3295 3773 retirant
3368 3654 3380 3773 à
3478 3654 3588 3773 ſoy
3674 3654 3723 3773 le
3796 3654 3955 3773 bras
4089 3654 4089 3773 &
4163 3654 4432 3773 l’eſpee
4517 3654 4945 3773 contraire,

2868 3777 3125 3894 meſme
3174 3777 3346 3894 auſſi
3383 3777 3419 3894 la
3481 3777 3774 3894 ſienne,
3823 3777 4154 3894 laquelle
4203 3777 4240 3894 il
4301 3777 4620 3894 conduit
4669 3777 4669 3894 à
4742 3777 4938 3894 coſté

2863 3899 2921 4018 de
2979 3899 3026 4018 ſa
3096 3899 3479 4018 perſonne
3538 3899 3549 4018 à
3631 3899 3770 4018 main
3863 3899 4131 4018 droite,
4177 3899 4212 4018 la
4270 3899 4538 4018 pointe
4596 3899 4933 4018 tournée

2846 4023 3004 4138 vers
3060 4023 3117 4138 le
3185 4023 3365 4138 bas;
3444 4023 3748 4138 comme
3827 4023 3872 4138 on
3963 4023 4008 4138 le
4087 4023 4233 4138 voit
4301 4023 4752 4138 repreſenté
4820 4023 4820 4138 à
4887 4023 4933 4138 la

2844 4149 3108 4262 figure.

3523 4269 3842 4431 Cercle
4140 4269 4353 4431 .

2869 4472 3159 4589 Alexandre
3226 4472 3438 4589 execute
3483 4472 3539 4589 iy
3595 4472 3650 4589 ſon
3695 4472 3851 4589 coup,
3941 4472 3941 4589 &
3985 4472 4130 4589 perce
4175 4472 4209 4589 ſa
4253 4472 4432 4589 partie
4499 4472 4599 4589 d’un
4655 4472 4767 4589 bras
4800 4472 4934 4589 roide

2957 4605 2996 4713 au
3045 4605 3262 4713 travers
3321 4605 3350 4713 du
3409 4605 3576 4713 corps.

3351 4739 3351 4857 N
3413 4739 3623 4857 voicy
3673 4739 3722 4857 la
3772 4739 3995 4857 finale
4056 4739 4514 4857 execution.
4576 4739 4737 4857 c’eſt
4811 4739 4947 4857 qu’-

3321 4863 3332 4980 A
3401 4863 3950 4980 LEXANDRE
4053 4863 4339 4980 marche
4396 4863 4580 4980 avec
4637 4863 4694 4980 le
4763 4863 4934 4980 pied

3296 4982 3588 5102 gauche
3647 4982 3881 5102 deſſus
3927 4982 4033 5102 ſon
4103 4982 4454 5102 homme,
4582 4982 4582 5102 &
4653 4982 4688 5102 en
4770 4982 4933 5102 pan-

3297 5107 3518 5230 chant
3555 5107 3604 5230 le
3678 5107 3886 5230 corps
3948 5107 4009 5230 de
4095 5107 4377 5230 meſme,
4414 5107 4451 5230 il
4488 5107 4610 5230 luy
4672 5107 4929 5230 pouſſe

2849 5229 2982 5350 d’un
3055 5229 3212 5350 bras
3273 5229 3479 5350 roide
3588 5229 3588 5350 &
3648 5229 3939 5350 eſtendu
4024 5229 4278 5350 l’eſpee
4351 5229 4399 5350 au
4496 5229 4775 5350 travers
4859 5229 4908 5350 du

2845 5386 3093 5474 corps.

3554 5812 3860 5982 Cercle
4206 5812 4390 5982 .14.

2866 6012 3158 6134 Alexandre
3205 6012 3356 6134 ayant
3415 6012 3660 6134 aſſujetti
3718 6012 3905 6134 l’eſpee
3952 6012 4255 6134 contraire,
4349 6012 4594 6134 Zacharie
4652 6012 4828 6134 taſche
4898 6012 4933 6134 de

2947 6128 3117 6253 bleſſer
3162 6128 3208 6253 ſa
3253 6128 3423 6253 partie
3468 6128 3502 6253 en
3570 6128 3865 6253 deſtachant
3910 6128 3944 6253 ſa
4001 6128 4148 6253 lame,
4250 6128 4534 6253 Alexandre
4579 6128 4658 6253 s’en
4715 6128 4919 6253 aperce-

2953 6257 3073 6377 vant
3121 6257 3145 6377 le
3205 6257 3433 6377 pourſuit
3493 6257 3746 6377 vivement
3854 6257 3854 6377 &
3926 6257 4202 6377 graduant
4250 6257 4286 6377 ſa
4359 6257 4527 6377 pointe
4587 6257 4923 6377 l’aſſujettiſt

2960 6389 3221 6498 derechef.

3316 6529 3855 6646 LEXANDRE
3961 6529 4183 6646 ayant
4265 6529 4921 6646 preallablement

3286 6655 3623 6775 aſſujetti
3683 6655 3948 6775 l’eſpee
4032 6655 4418 6775 contraire
4478 6655 4490 6775 à
4538 6655 4574 6775 la
4658 6655 4935 6775 Secon-

3315 6775 3365 6894 de
3427 6775 3776 6894 Inſtance
3839 6775 4063 6894 lettre
4176 6775 4213 6894 G,
4276 6775 4325 6894 au
4413 6775 4575 6894 deça
4650 6775 4712 6894 du
4800 6775 4937 6894 Dia-

3321 6900 3592 7018 metre,
3663 6900 3840 7018 ſelon
3934 6900 4028 7018 les
4099 6900 4524 7018 preceptes
4642 6900 4654 7018 &
4736 6900 4783 7018 en
4866 6900 4913 7018 la

4672 7031 4916 7114 forme

1303 4564 1607 4739 Cercle
1911 4564 2107 4739 .10.

628 4777 877 4895 Zacharie
924 4777 1114 4895 faiſant
1161 4777 1434 4895 reſiſtance
1469 4777 1730 4895 hauſſant
1765 4777 1789 4895 le
1836 4777 1978 4895 poids
2038 4777 2109 4895 des
2144 4777 2322 4895 lames,
2417 4777 2701 4895 Alexandre

720 4902 1016 5018 deſgradue
1061 4902 1118 5018 les
1163 4902 1323 5018 lames
1425 4902 1425 5018 &
1482 4902 1505 5018 ſe
1562 4902 1778 5018 prepare
1835 4902 1835 5018 à
1903 4902 2233 5018 l’execution
2278 4902 2608 5018 ſuivante.

1086 5043 1208 5161 Eſte
1280 5043 1680 5161 operation
1753 5043 1995 5161 prend
2032 5043 2710 5161 ſemblablement

1047 5171 1144 5287 ſon
1229 5171 1521 5287 origine
1593 5171 1642 5287 du
1751 5171 1994 5287 Cercle
2055 5171 2103 5287 2.
2164 5171 2455 5287 auquel
2528 5171 2698 5287 ALE-

1081 5292 1418 5410 XANDRE
1503 5292 1587 5410 eſt
1659 5292 2105 5410 repreſenté
2201 5292 2563 5410 abaiſſant
2683 5292 2695 5410 &

1052 5417 1605 5537 aſſujettiſſant
1641 5417 1691 5537 la
1740 5417 1936 5537 lame
2010 5417 2366 5537 cõtraire:
2427 5417 2427 5537 à
2501 5417 2698 5537 quoy

641 5542 1084 5638 ZACHARIE
1154 5542 1154 5638 à
1224 5542 1435 5638 voulu
1505 5542 1680 5638 faire
1726 5542 2182 5638 reſiſtence,
2240 5542 2287 5638 en
2357 5542 2707 5638 hauſſant

653 5663 665 5782 &
723 5663 1189 5782 accroiſſant
1259 5663 1318 5782 le
1388 5663 1609 5782 poids
1714 5663 1831 5782 des
1889 5663 2180 5782 lames,
2262 5663 2705 5782 toutesfois

594 5790 782 5907 avec
829 5790 900 5907 un
970 5790 1087 5907 peu
1205 5790 1534 5907 moindre
1616 5790 1874 5907 effort,
1945 5790 2121 5907 qu’au
2238 5790 2473 5907 Cercle
2567 5790 2708 5907 der-

592 5914 742 6027 nier
789 5914 1264 6027 precedent.
1415 5914 1589 6027 Dont
1682 5914 2227 6027 ALEXANDRE
2297 5914 2343 6027 ſe
2401 5914 2691 6027 panche

590 6036 658 6155 un
726 6036 851 6155 peu
942 6036 1396 6155 davantage,
1430 6036 1702 6155 faiſant
1748 6036 1805 6155 au
1907 6036 2156 6155 meſme
2213 6036 2463 6155 temps
2508 6036 2690 6155 avec

588 6158 636 6277 le
695 6158 874 6277 pied
933 6158 1124 6277 droit
1195 6158 1255 6277 un
1338 6158 1529 6277 petit
1589 6158 1743 6277 ſaut
1803 6158 1851 6277 en
1922 6158 2148 6277 avant
2196 6158 2196 6277 à
2255 6158 2291 6277 la
2351 6158 2577 6277 lettre
2649 6158 2696 6277 S,

653 6283 653 6404 &
724 6283 902 6404 avec
961 6283 1008 6404 la
1091 6283 1233 6404 main
1316 6283 1600 6404 gauche
1660 6283 1896 6404 prend
1956 6283 2003 6404 la
2086 6283 2299 6404 garde
2370 6283 2702 6404 contrai-

589 6406 682 6525 re,
752 6406 798 6525 en
868 6406 985 6525 luy
1055 6406 1579 6525 deſgraduant
1626 6406 1672 6525 la
1719 6406 1917 6525 lame
1998 6406 2313 6525 entiere,
2383 6406 2441 6525 de
2499 6406 2686 6525 ſorte

604 6529 762 6645 qu’il
811 6529 860 6645 ſe
921 6529 1140 6645 retire
1262 6529 1262 6645 &
1323 6529 1713 6645 s’affermit
1750 6529 1811 6645 le
1859 6529 2018 6645 bras
2091 6529 2152 6645 de
2201 6529 2469 6645 l’eſpee
2518 6529 2701 6645 avec

586 6653 634 6776 la
706 6653 922 6776 garde
994 6653 1042 6776 au
1138 6653 1330 6776 coſté
1390 6653 1714 6776 gauche,
1786 6653 1835 6776 en
1931 6653 2303 6776 tournant
2375 6653 2423 6776 le
2495 6653 2687 6776 coſté

614 6775 794 6900 droit
866 6775 1129 6900 devant
1189 6775 1368 6900 avec
1416 6775 1464 6900 le
1524 6775 1691 6900 pied
1763 6775 2050 6900 gauche
2122 6775 2409 6900 eſlevé,
2481 6775 2696 6900 pouſ-

589 6901 734 7025 ſant
795 6901 1424 7025 enſemblement
1485 6901 1582 7025 ſon
1666 6901 1836 7025 bras
1921 6901 2248 7025 gauche,
2320 6901 2429 7025 qui
2490 6901 2683 7025 tient

654 473 1042 600 Contraire
1117 473 1292 600 avec
1354 473 1404 600 le
1479 473 1654 600 pied
1729 473 1967 600 droit,
2067 473 2180 600 qui
2242 473 2455 600 eſtoit
2542 473 2705 600 deſia

615 596 963 731 preparé,
1000 596 1124 731 luy
1187 596 1522 731 aſſenant
1572 596 1621 731 la
1684 596 1944 731 pointe
1994 596 2056 731 au
2131 596 2330 731 coſté
2392 596 2603 731 droit,
2702 596 2702 731 &

601 723 1096 853 l’executant
1155 723 1167 853 à
1238 723 1486 853 pleine
1533 723 1746 853 force
1793 723 1970 853 avec
2017 723 2076 853 le
2135 723 2348 853 corps
2407 723 2702 853 panché

624 845 685 997 de
770 845 1061 997 meſme;
1110 845 1158 997 le
1207 845 1377 997 tout
1437 845 1486 997 en
1571 845 2044 997 conformité
2117 845 2226 997 des
2274 845 2602 997 figures.

1341 1302 1671 1477 Cercle
1869 1302 2132 1477 N.9.

639 1509 939 1637 Alexandre
993 1509 1153 1637 ayant
1218 1509 1411 1637 achevé
1454 1509 1518 1637 les
1550 1509 1861 1637 operations
1936 1509 1968 1637 du
2054 1509 2214 1637 Cercle
2257 1509 2311 1637 1.
2386 1509 2568 1637 voyant
2632 1509 2708 1637 que

725 1637 1086 1764 l’adverſaire
1121 1637 1203 1764 luy
1238 1637 1401 1764 reſiſte
1448 1637 1483 1764 en
1541 1637 1902 1764 augmentant
1937 1637 1972 1764 le
2018 1637 2170 1764 poids,
2205 1637 2356 1764 apres
2403 1637 2543 1764 avoir
2577 1637 2717 1764 laiſſe

722 1759 1016 1902 eſchapper
1077 1759 1261 1902 l’eſpee
1310 1759 1579 1902 contraire
1628 1759 1665 1902 il
1714 1759 1739 1902 le
1788 1759 1922 1902 bleſſe
1996 1759 2094 1902 d’un
2143 1759 2253 1902 coup
2314 1759 2351 1902 de
2425 1759 2596 1902 pointe
2657 1759 2706 1902 au

718 1883 833 1992 coſté
891 1883 1040 1992 droit.

1107 2024 1191 2153 Eſt
1228 2024 1337 2153 icy
1397 2024 1531 2153 une
1591 2024 1991 2153 operation
2076 2024 2185 2153 qui
2234 2024 2573 2153 procede
2646 2024 2694 2153 en

1055 2150 1247 2248 ſuite
1319 2150 1426 2248 des
1510 2150 1797 2248 Cercles
1845 2150 1869 2248 1.
1988 2150 1988 2248 &
2048 2150 2084 2248 2.
2156 2150 2718 2248 ALEXANDRE

1055 2274 1282 2399 ayant
1329 2274 1628 2399 achevé
1699 2274 1866 2399 celle
1950 2274 1997 2399 du
2117 2274 2355 2399 Cercle
2403 2274 2427 2399 1.
2498 2274 2713 2399 apres

1054 2398 1259 2520 avoir
1331 2398 1560 2520 eſlevé
1621 2398 1681 2520 le
1753 2398 1922 2520 pied
1995 2398 2176 2520 droit
2236 2398 2429 2520 pour
2489 2398 2718 2520 abaiſ-

598 2516 736 2646 ſer,
861 2516 861 2646 &
936 2516 1676 2646 conſequemment
1751 2516 1939 2646 pour
2001 2516 2390 2646 aſſujettir
2440 2516 2703 2646 l’eſpee

608 2641 992 2766 contraire
1041 2641 1041 2766 à
1101 2641 1522 2766 l’exemple
1594 2641 1642 2766 du
1762 2641 2003 2766 Cercle
2063 2641 2099 2766 2.
2183 2641 2712 2766 l’Adverſaire

593 2761 717 2892 luy
766 2761 889 2892 fait
939 2761 1420 2892 reſiſtence,
1494 2761 1544 2892 en
1630 2761 2161 2892 augmentant
2210 2761 2259 2892 le
2334 2761 2580 2892 Poids,
2704 2761 2716 2892 &

594 2888 812 3017 uſant
885 2888 946 3017 de
1019 2888 1225 3017 force
1273 2888 1468 3017 pour
1516 2888 2001 3017 tranſporter
2050 2888 2147 3017 les
2195 2888 2462 3017 lames.
2608 2888 2717 3017 Qui

591 3010 710 3138 fait
806 3010 1521 3138 qu’ALEXANDRE
1604 3010 1652 3138 en
1747 3010 1890 3138 oſte
1950 3010 2045 3138 ſon
2152 3010 2355 3138 eſpee
2438 3010 2498 3138 de
2569 3010 2701 3138 deſ-

595 3130 733 3263 ſus,
783 3130 1085 3263 laiſſant
1172 3130 1411 3263 enfuir
1448 3130 1750 3263 l’autre,
1825 3130 1925 3263 qui
1975 3130 2088 3263 luy
2151 3130 2339 3263 paſſe
2402 3130 2603 3263 outre
2665 3130 2703 3263 la

591 3254 775 3378 teſte
844 3254 959 3378 par
1006 3254 1052 3378 la
1121 3254 1616 3378 vehemence
1708 3254 1777 3378 de
1834 3254 1881 3378 la
1961 3254 2203 3378 force,
2341 3254 2341 3378 &
2399 3254 2698 3378 entrant

594 3379 651 3507 au
765 3379 1017 3507 meſme
1086 3379 1337 3507 temps
1440 3379 1726 3507 dedans
1795 3379 2058 3507 l’angle
2127 3379 2241 3507 par
2310 3379 2699 3507 advance-

624 3501 809 3627 ment
871 3501 920 3627 du
995 3501 1168 3627 pied
1229 3501 1452 3627 droit,
1501 3501 1662 3627 qu’il
1711 3501 1958 3627 plante
2008 3501 2020 3627 à
2069 3501 2119 3627 la
2181 3501 2452 3627 ſeion
2539 3501 2601 3627 de
2650 3501 2700 3627 la

599 3624 802 3755 ligne
891 3624 904 3755 S
1018 3624 1069 3755 X,
1132 3624 1170 3755 il
1208 3624 1259 3755 le
1322 3624 1551 3755 bleſſe
1640 3624 1767 3755 d’un
1868 3624 2059 3755 coup
2147 3624 2211 3755 de
2274 3624 2541 3755 pointe
2630 3624 2680 3755 au

607 3747 803 3857 coſté
872 3747 1091 3857 droit,
1195 3747 1195 3857 &
1265 3747 1311 3857 en
1380 3747 1495 3857 fait
1542 3747 1576 3857 la
1634 3747 1853 3857 finale
1911 3747 2326 3857 execution
2407 3747 2580 3857 avec
2650 3747 2696 3857 le

610 3869 821 3998 corps
879 3869 1172 3998 panché
1231 3869 1278 3998 en
1348 3869 1606 3998 avant,
1653 3869 1700 3998 le
1770 3869 1934 3998 pied
2004 3869 2297 3998 gauche
2368 3869 2696 3998 trainant

601 3997 1548 4135 proportionnellement
1616 3997 1976 4135 derriere;
2044 3997 2337 4135 comme
2382 3997 2416 4135 il
2472 3997 2551 4135 eſt
2607 3997 2698 4135 re-

593 4115 956 4237 preſenté
1005 4115 1065 4237 au
1138 4115 1525 4237 pourtrait
1598 4115 1659 4237 de
1707 4115 1756 4237 ſa
1804 4115 2083 4237 figure.
