5520 7640
3548 457 3873 634 Cercle
4089 457 4349 634 N.1.

3334 657 3482 790 Oicy
3556 657 3692 790 une
3753 657 3938 790 ſuite
4024 657 4086 790 de
4148 657 4604 790 l’operation
4690 657 4961 790 prece-

3298 784 3549 902 dente.
3621 784 3932 902 aſſavoir
4004 784 4709 902 qu’ALEXANDRE
4793 784 4948 902 eſle-

3298 902 3359 1030 ve
3421 902 3582 1030 tout
3631 902 3644 1030 à
3693 902 4015 1030 l’inſtant
4077 902 4138 1030 un
4225 902 4348 1030 peu
4410 902 4460 1030 le
4534 902 4707 1030 pied
4794 902 4954 1030 gau-

3301 1028 3411 1158 che
3467 1028 3643 1158 avec
3710 1028 3831 1158 peu
3909 1028 3964 1158 ou
4030 1028 4251 1158 point
4318 1028 4948 1158 d’avancement,

2824 1150 2873 1282 ſe
2934 1150 3323 1282 panchant
3396 1150 3676 1282 deſſus,
3737 1150 3785 1282 le
3858 1150 4041 1282 coſté
4114 1150 4406 1282 gauche
4479 1150 4527 1282 du
4613 1150 4832 1282 corps
4905 1150 4953 1282 a-

2829 1277 3097 1406 vancé,
3155 1277 3201 1406 en
3306 1277 3748 1406 deſtachant
3806 1277 3864 1406 au
3957 1277 4213 1406 meſme
4271 1277 4446 1406 tẽps
4492 1277 4597 1406 les
4678 1277 4957 1406 eſpees,

2889 1402 2889 1534 &
2962 1402 3227 1534 faiſant
3300 1402 3541 1534 prinſe
3625 1402 3698 1534 de
3758 1402 3807 1534 la
3891 1402 4108 1534 garde
4193 1402 4579 1534 contraire
4651 1402 4833 1534 avec
4905 1402 4941 1534 ſa

2853 1521 3001 1658 main
3076 1521 3409 1658 gauche,
3446 1521 3792 1658 laquelle
3841 1521 3878 1658 il
3928 1521 4150 1658 retire
4199 1521 4212 1658 à
4261 1521 4422 1658 ſoy,
4496 1521 4545 1658 en
4619 1521 4965 1658 aſſenant

2831 1648 2867 1781 ſa
2926 1648 3200 1781 pointe
3248 1648 3308 1781 au
3391 1648 3582 1781 coſté
3665 1648 3844 1781 droit
3915 1648 3975 1781 de
4023 1648 4571 1781 l’adverſaire;
4654 1648 4952 1781 comme

2824 1778 2921 1904 les
2982 1778 3273 1904 figures
3346 1778 3917 1904 demonſtrent.

2991 1896 3040 2030 En
3114 1896 3300 2030 ceſte
3374 1896 3758 2030 operation
3832 1896 4340 2030 precedente
4402 1896 4451 2030 du
4562 1896 4810 2030 Cercle
4859 1896 4958 2030 14,

2841 2018 2889 2152 où
2997 2018 3442 2152 ALExandre
3502 2018 3695 2152 tient
3755 2018 4031 2152 l’eſpee
4115 2018 4500 2152 contraire
4560 2018 4957 2152 aſſujettie

2831 2150 3010 2277 avec
3058 2150 3118 2277 le
3178 2150 3345 2277 pied
3417 2150 3704 2277 gauche
3775 2150 4086 2277 devant;
4134 2150 4480 2277 laquelle
4540 2150 4576 2277 il
4648 2150 4648 2277 a
4731 2150 4970 2277 pour-

2831 2273 3067 2393 ſuivie
3116 2273 3178 2393 au
3290 2273 3525 2393 Cercle
3575 2273 3662 2393 15.
3736 2273 3786 2393 en
3885 2273 4343 2393 deſtachant
4393 2273 4492 2393 les
4566 2273 4851 2393 eſpees,
4963 2273 4963 2393 &

2826 2390 3088 2526 faiſant
3136 2390 3195 2526 au
3302 2390 3552 2526 meſme
3612 2390 3874 2526 temps
3921 2390 4159 2526 prinſe
4243 2390 4314 2526 de
4374 2390 4409 2526 la
4516 2390 4731 2526 garde
4802 2390 4957 2526 con-

2827 2517 3085 2651 traire.
3196 2517 3417 2651 Notez
3503 2517 3662 2651 qu’il
3712 2517 3896 2651 peut
3957 2517 4129 2651 auſſi
4191 2517 4609 2651 pratiquer
4670 2517 4707 2651 la
4818 2517 4965 2651 meſ-

2862 2643 2932 2772 me
2990 2643 3304 2772 intrade
3373 2643 3547 2772 avec
3617 2643 3664 2772 le
3733 2643 3907 2772 pied
3977 2643 4186 2772 droit,
4244 2643 4302 2772 en
4372 2643 4639 2772 faiſant
4720 2643 4964 2772 conſe-

2845 2768 3311 2898 quemment
3368 2768 3413 2898 la
3516 2768 3754 2898 prinſe
3834 2768 4005 2898 avec
4073 2768 4175 2898 les
4255 2768 4493 2898 ſuites
4562 2768 4959 2898 annexées

2824 2890 2977 3022 ſans
3060 2890 3344 3022 quitter
3403 2890 3510 3022 les
3557 2890 3806 3022 lames
3877 2890 3924 3022 en
4030 2890 4515 3022 conformité
4586 2890 4646 3022 de
4728 2890 4788 3022 ce
4859 2890 4977 3022 qui

2840 3013 2924 3142 eſt
2973 3013 3431 3142 repreſenté
3504 3013 3552 3142 es
3673 3013 3962 3142 Cercles
4035 3013 4071 3142 2.
4144 3013 4180 3142 3.
4276 3013 4312 3142 4.
4397 3013 4433 3142 5.

2969 3137 3420 3271 Semblable
3483 3137 3570 3271 eſt
3646 3137 3696 3271 du
3821 3137 4072 3271 Cercle
4197 3137 4322 3271 N.2.
4398 3137 4749 3271 combien
4849 3137 4974 3271 qu-

2859 3260 3416 3395 ALEXANDRE
3499 3260 3511 3395 y
3582 3260 3665 3395 ait
3712 3260 3759 3395 le
3819 3260 3996 3395 pied
4067 3260 4245 3395 droit
4316 3260 4624 3395 devant,
4671 3260 4979 3395 toutes-

2836 3385 2973 3524 fois
3036 3385 3161 3524 rien
3236 3385 3736 3524 n’empeſche
3823 3385 3985 3524 qu’il
4048 3385 4173 3524 n’en
4273 3385 4510 3524 puiſſe
4573 3385 4735 3524 auſſi
4797 3385 4972 3524 tirer

2837 3511 2873 3642 la
2934 3511 3115 3642 ſuite
3187 3511 3236 3642 du
3320 3511 3429 3642 14,
3514 3511 3562 3642 en
3671 3511 4130 3642 deſtachant
4191 3511 4287 3642 les
4372 3511 4650 3642 eſpees,
4723 3511 4735 3642 à
4795 3511 4964 3642 faire

2842 3636 3119 3769 prinſe,
3232 3636 3232 3769 &
3282 3636 3395 3769 luy
3458 3636 3860 3769 preſenter
3923 3636 4350 3769 l’eſtocade
4413 3636 4413 3769 à
4489 3636 4526 3769 la
4589 3636 4979 3769 poitrine;

2854 3760 3160 3880 comme
3209 3760 3245 3880 il
3294 3760 3380 3880 eſt
3466 3760 3771 3880 monſtré
3833 3760 3894 3880 au
4004 3760 4248 3880 Cercle
4359 3760 4407 3880 N.
4469 3760 4567 3880 15.

592 464 833 588 forme
896 464 1226 588 requiſe.
1340 464 1429 588 ZA
1505 464 1848 588 CHARIE
1924 464 2165 588 taſche
2228 464 2228 588 à
2279 464 2406 588 luy
2456 464 2685 588 paſſer

605 590 1246 708 circulairement
1318 590 1366 708 ſa
1427 590 1681 708 lame,
1765 590 1874 708 qui
1959 590 2043 708 eſt
2116 590 2502 708 aſſujettie
2575 590 2684 708 par

618 710 913 838 deſſous
964 710 1016 838 la
1106 710 1349 838 garde,
1426 710 1618 838 pour
1683 710 1734 838 le
1811 710 2067 838 bleſſer
2144 710 2260 838 par
2337 710 2567 838 deſſus
2632 710 2683 838 le

596 838 790 959 bras.
936 838 1105 959 Dont
1190 838 1845 959 ALEXANDRE,
1918 838 2027 959 qui
2087 838 2548 959 recognoiſt
2608 838 2669 959 au

612 961 1074 1082 Sentiment,
1157 961 1418 1082 qu’elle
1501 961 1963 1082 commence
2010 961 2010 1082 à
2081 961 2128 1082 ſe
2211 961 2507 1082 vouloir
2590 961 2697 1082 de-

592 1085 892 1203 ſtacher
962 1085 1020 1203 de
1066 1085 1101 1203 la
1158 1085 1447 1203 ſienne,
1505 1085 1540 1203 la
1598 1085 1956 1203 pourſuit
2014 1085 2419 1203 vivement
2465 1085 2684 1203 avant

605 1209 865 1330 qu’elle
912 1209 960 1330 ſe
1019 1209 1137 1330 ſoit
1208 1209 1562 1330 delivrée,
1621 1209 1669 1330 en
1739 1209 2248 1330 tournoyant
2307 1209 2413 1330 par
2460 1209 2508 1330 le
2567 1209 2685 1330 bas

650 1333 662 1452 &
722 1333 769 1452 en
853 1333 1126 1452 dehors
1162 1333 1222 1452 le
1293 1333 1543 1452 meſme
1614 1333 1888 1452 chemin
1971 1333 2221 1452 q'uelle
2293 1333 2412 1452 s’en
2483 1333 2685 1452 alloit

595 1458 956 1578 prendre;
1041 1458 1101 1578 ce
1161 1458 1318 1578 qu’il
1366 1458 1486 1578 fait
1535 1458 1715 1578 avec
1764 1458 1812 1578 le
1860 1458 2185 1578 poignet
2258 1458 2318 1578 de
2366 1458 2402 1578 la
2486 1458 2691 1578 main,

589 1578 971 1699 tournant
1076 1578 1087 1699 &
1145 1578 1516 1699 graduant
1562 1578 1609 1699 ſa
1667 1578 1933 1699 pointe
1991 1578 2049 1699 un
2118 1578 2246 1699 peu
2327 1578 2593 1699 devers
2640 1578 2686 1699 le

625 1703 881 1822 Centre
967 1703 1040 1822 de
1101 1703 1369 1822 l’eſpee
1430 1703 1845 1822 contraire,
1918 1703 2028 1822 afin
2114 1703 2370 1822 qu’elle
2443 1703 2516 1822 ne
2565 1703 2687 1822 luy

597 1823 824 1949 puiſſe
887 1823 1366 1949 eſchapper,
1416 1823 1693 1949 juſqu’à
1769 1823 1920 1949 tant
1995 1823 2134 1949 que
2172 1823 2273 1949 les
2348 1823 2525 1949 deux
2613 1823 2688 1949 eſ-

595 1949 770 2068 pees
817 1949 1085 2068 ſoyent
1155 1949 1574 2068 conduites
1632 1949 1679 2068 en
1760 1949 1947 2068 haut
2017 1949 2063 2068 en
2145 1949 2354 2068 angle
2436 1949 2692 2068 obtus;

607 2071 763 2194 Lors
811 2071 847 2194 il
907 2071 1099 2194 entre
1159 2071 1339 2194 avec
1387 2071 1435 2194 le
1495 2071 1711 2194 corps
1771 2071 2120 2194 eſtendu,
2168 2071 2228 2194 le
2288 2071 2456 2194 pied
2528 2071 2684 2194 gau-

608 2195 716 2314 che
799 2195 1110 2314 devant,
1170 2195 1217 2314 en
1313 2195 1564 2314 faiſant
1635 2195 1994 2314 derechef
2077 2195 2675 2314 deſgraduation

597 2319 646 2441 en
719 2319 1257 2441 aſſujettiſſant
1306 2319 1575 2441 l’eſpee
1648 2319 2064 2441 contraire,
2161 2319 2174 2441 &
2235 2319 2589 2441 plantant
2638 2319 2687 2441 le

617 2445 877 2563 meſme
927 2445 1100 2563 pied
1161 2445 1223 2563 au
1322 2445 1483 2563 deça
1557 2445 1607 2563 le
1705 2445 2064 2563 Diametre
2113 2445 2126 2563 à
2175 2445 2212 2563 la
2274 2445 2497 2563 lettre
2620 2445 2682 2563 Q,

627 2567 904 2687 menant
952 2567 988 2687 la
1061 2567 1338 2687 charge
1422 2567 1470 2687 du
1579 2567 1783 2687 corps
1868 2567 2109 2687 deſſus
2169 2567 2398 2687 ayant
2458 2567 2518 2687 le
2591 2567 2699 2687 ge-

587 2690 806 2809 nouil
855 2690 1014 2809 plié,
1051 2690 1112 2809 au
1197 2690 1478 2809 dedans
1539 2690 1649 2809 des
1698 2690 2479 2809 perpendiculaires;
2528 2690 2699 2809 ainſi

607 2814 763 2931 qu’il
815 2814 1088 2931 paroiſt
1140 2814 1140 2931 à
1205 2814 1244 2931 la
1296 2814 1583 2931 figure.

744 2937 924 3060 Ceſte
1020 2937 1272 3060 meſme
1332 2937 1728 3060 operation
1800 2937 1848 3060 ſe
1908 2937 2184 3060 pourra
2232 2937 2677 3060 pratiquer,

617 3060 1079 3181 moyennant
1183 3060 1784 3181 qu’ALExandre
1864 3060 2026 3181 n’ait
2130 3060 2350 3181 encor
2430 3060 2685 3181 planté

595 3185 726 3307 que
798 3185 846 3307 le
918 3185 1085 3307 pied
1168 3185 1359 3307 droit
1419 3185 1419 3307 à
1467 3185 1515 3307 la
1586 3185 1944 3307 Seconde
2004 3185 2410 3307 Inſtance,
2470 3185 2685 3307 avant

596 3307 721 3426 que
783 3307 833 3426 le
895 3307 1182 3426 gauche
1256 3307 1269 3426 y
1319 3307 1443 3426 ſoit
1505 3307 1767 3426 arrivé,
1891 3307 1891 3426 &
1966 3307 2091 3426 que
2141 3307 2688 3426 l’aſſujettiſſe-

604 3434 792 3549 ment
851 3434 922 3549 ne
993 3434 1134 3549 ſoit
1193 3434 1334 3549 qu’à
1428 3434 1617 3549 demi
1676 3434 1829 3549 fait.
1958 3434 2406 3549 Toutesfois
2476 3434 2523 3549 en
2629 3434 2688 3549 ce

600 3553 884 3674 dernier
955 3553 1049 3674 cas
1108 3553 1167 3674 on
1238 3553 1475 3674 n’aura
1534 3553 1664 3674 pas
1723 3553 1770 3674 le
1841 3553 2030 3674 loifir
2125 3553 2337 3674 d’aller
2396 3553 2692 3674 planter

566 3681 627 3799 le
687 3681 869 3799 pied
942 3681 1233 3799 gauche
1306 3681 1354 3799 en
1427 3681 1621 3799 terre
1694 3681 1706 3799 à
1767 3681 1803 3799 la
1900 3681 2252 3799 Seconde
2312 3681 2700 3799 Inſtance;

570 3803 728 3924 ains
764 3803 801 3924 il
849 3803 1104 3924 faudra
1165 3803 1213 3924 en
1286 3803 1699 3924 aggrandir
1747 3803 1784 3924 la
1869 3803 2306 3924 demarche,
2391 3803 2403 3924 &
2451 3803 2706 3924 entrer

575 3928 748 4051 tout
809 3928 945 4051 d’un
1006 3928 1179 4051 train
1241 3928 1524 4051 juſqu’à
1573 3928 1622 4051 la
1672 3928 1894 4051 lettre
2004 3928 2078 4051 Q,
2152 3928 2202 4051 en
2288 3928 2695 4051 obſervant

576 4052 978 4173 touſiours
1025 4052 1120 4173 les
1203 4052 1499 4173 meſmes
1558 4052 2162 4173 particularitez
2233 4052 2363 4173 que
2434 4052 2706 4173 deſſus.

1662 4232 1879 4449 ſage
2010 4232 2075 4449 de
2162 4232 2400 4449 ſaiſir
2466 4232 2596 4449 les
2683 4232 3030 4449 angles
3117 4232 3247 4449 eſt
3334 4232 3378 4449 ſi
3508 4232 4072 4449 manifeſte,
4181 4232 4398 4449 qu’il
4485 4232 4659 4449 n’en
4789 4232 5006 4449 faut

1636 4439 2721 4726 dd''
2438 4439 3287 4726 ''WW'l'W
3381 4439 4796 4726 Wi''W'dW'
4419 4439 5032 4726 'W'i''d'

1487 4715 1598 4864 ché
1667 4715 1722 4864 au
1819 4715 2152 4864 Premier
2208 4715 2540 4864 Inſtant,
2596 4715 2707 4864 par
2776 4715 2832 4864 ce
2915 4715 3067 4864 qu’il
3123 4715 3137 4864 a
3206 4715 3400 4864 paſſé
3456 4715 3497 4864 la
3553 4715 3830 4864 pointe
3899 4715 4329 4864 contraire,
4426 4715 4440 4864 &
4495 4715 4884 4864 pourtant
4939 4715 4967 4864 il

1471 4858 1548 5004 ne
1600 4858 1794 5004 laiſſe
1845 4858 1962 5004 pas
2026 4858 2310 5004 d’avoir
2349 4858 2388 5004 la
2465 4858 2981 5004 commodité
3033 4858 3162 5004 luy
3252 4858 3511 5004 meſme
3588 4858 3653 5004 de
3704 4858 4092 5004 travailler
4143 4858 4143 5004 à
4221 4858 4440 5004 touts
4543 4858 4969 5004 moments,

1473 4999 1500 5139 ſi
1554 4999 1687 5139 bon
1754 4999 1875 5139 luy
1928 4999 2262 5139 ſemble.
2383 4999 2383 5139 &
2436 4999 2463 5139 ſi
2503 4999 2958 5139 l’Ennemy
3025 4999 3520 5139 commence
3560 4999 3560 5139 à
3640 4999 3934 5139 vouloir
3988 4999 4362 5139 ramener
4416 4999 4456 5139 ſa
4523 4999 4830 5139 pointe,
4871 4999 4911 5139 il
4951 4999 4964 5139 a

579 5136 632 5278 le
698 5136 1148 5278 ſentiment
1214 5136 1320 5278 qui
1373 5136 1757 5278 l’advertit
1836 5136 1889 5278 de
1942 5136 1995 5278 le
2048 5136 2313 5278 bleſſer
2366 5136 2432 5278 au
2538 5136 2802 5278 meſme
2855 5136 3120 5278 temps
3186 5136 3411 5278 avant
3491 5136 3650 5278 qu’il
3703 5136 3756 5278 en
3822 5136 3954 5278 ſoit
4033 5136 4206 5278 venu
4298 5136 4298 5278 à
4364 5136 4563 5278 bout
4642 5136 4695 5278 de
4775 5136 4973 5278 ſorte

617 5274 777 5417 qu’il
843 5274 843 5417 a
910 5274 1296 5417 l’ennemi
1363 5274 1416 5417 en
1509 5274 1909 5417 preſence,
1976 5274 2216 5417 eſtant
2269 5274 2389 5417 luy
2482 5274 2749 5417 meſme
2828 5274 3135 5417 dehors,
3188 5274 3348 5417 tant
3401 5274 3441 5417 il
3508 5274 3508 5417 a
3601 5274 4094 5417 d’avantage.
4214 5274 4414 5417 Auſſi
4467 5274 4614 5417 voit
4680 5274 4734 5417 on
4840 5274 4960 5417 que

607 5413 782 5557 ceux
862 5413 970 5557 qui
1010 5413 1252 5557 tirent
1305 5413 1305 5557 à
1359 5413 1399 5557 la
1466 5413 1695 5557 vieille
1789 5413 2030 5557 mode,
2071 5413 2071 5557 à
2138 5413 2339 5557 faute
2420 5413 2474 5557 de
2541 5413 2608 5557 ne
2662 5413 2957 5557 ſçavoir
3051 5413 3306 5557 mieux,
3333 5413 3414 5557 ils
3454 5413 3830 5557 taſchent
3910 5413 4233 5557 d’ouvrir
4286 5413 4380 5557 les
4434 5413 4703 5557 angles
4770 5413 4971 5557 pour

588 5551 851 5696 battre
904 5551 1167 5696 l’eſpee
1233 5551 1654 5696 contraire.
1760 5551 1825 5696 Ce
1891 5551 2023 5696 que
2075 5551 2273 5696 nous
2325 5551 2602 5696 faiſons
2654 5551 2825 5696 avec
2878 5551 3141 5696 l’eſpee
3233 5551 3536 5696 meſme,
3576 5551 3655 5696 ils
3694 5551 3733 5696 le
3799 5551 4128 5696 veulent
4181 5551 4352 5696 faire
4418 5551 4602 5696 avec
4642 5551 4681 5696 la
4786 5551 4931 5696 main

613 5692 929 5835 gauche.
1030 5692 1182 5835 mais
1246 5692 1410 5835 c’eſt
1461 5692 1612 5835 leur
1663 5692 1903 5835 faute.
1992 5692 2080 5835 car
2131 5692 2295 5835 puis
2384 5692 2574 5835 quils
2662 5692 3130 5835 demeurent
3206 5692 3611 5835 touſiours
3687 5692 3776 5835 viz
3839 5692 3839 5835 à
3927 5692 4016 5835 viz
4117 5692 4168 5835 de
4244 5692 4446 5835 leurs
4522 5692 4965 5835 contraires

614 5827 656 5978 en
768 5827 1007 5978 droite
1063 5827 1302 5978 ligne,
1372 5827 1794 5978 comment
1850 5827 2005 5978 leur
2075 5827 2300 5978 ſeroit
2356 5827 2398 5978 il
2440 5827 2763 5978 poſſible
2848 5827 2904 5978 de
2960 5827 3115 5978 bien
3199 5827 3438 5978 ouvrir
3494 5827 3578 5978 les
3635 5827 3930 5978 angles,
3986 5827 4393 5978 conſideré
4492 5827 4618 5978 que
4688 5827 4955 5978 l’angle

610 5967 761 6114 c’eſt
816 5967 994 6114 tout
1049 5967 1090 6114 le
1158 5967 1542 6114 contraire
1624 5967 1679 6114 de
1734 5967 1775 6114 la
1816 5967 2021 6114 ligne
2117 5967 2378 6114 droite,
2474 5967 2487 6114 &
2556 5967 2720 6114 qu’il
2775 5967 2885 6114 n’y
2953 5967 3008 6114 en
3076 5967 3254 6114 peut
3323 5967 3556 6114 avoi,
3597 5967 3802 6114 ſinon
3912 5967 4035 6114 que
4090 5967 4282 6114 l’une
4378 5967 4474 6114 des
4528 5967 4775 6114 lignes
4830 5967 4967 6114 ſoit

633 6106 770 6257 miſe
839 6106 880 6257 en
962 6106 1250 6257 travers
1333 6106 1387 6257 de
1456 6106 1758 6257 l’autre.
1881 6106 1936 6257 Et
2018 6106 2169 6257 c’eſt
2210 6106 2251 6257 la
2347 6106 2553 6257 cauſe
2608 6106 3047 6257 pourquoy
3115 6106 3184 6257 ils
3252 6106 3335 6257 ne
3389 6106 3883 6257 ſçauroyent
3965 6106 4294 6257 engager
4363 6106 4459 6257 les
4541 6106 4788 6257 eſpees
4857 6106 4966 6257 des

638 6244 1041 6393 Ennemis,
1096 6244 1304 6393 qu’ils
1346 6244 1429 6393 ne
1484 6244 1540 6393 ſe
1609 6244 2136 6393 deſcouvrent
2192 6244 2358 6393 auſſi
2455 6244 2511 6393 de
2552 6244 2719 6393 leur
2774 6244 2968 6393 coſté
3024 6244 3634 6393 pareillement.
3745 6244 3925 6393 Voilà
4022 6244 4202 6393 donc
4258 6244 4715 6393 pourquoy
4813 6244 4965 6393 Ale-

608 6384 892 6529 xandre
959 6384 959 6529 a
1040 6384 1162 6529 fait
1216 6384 1620 6529 touſiours
1674 6384 1769 6529 ſes
1809 6384 2268 6529 approches
2349 6384 2389 6529 en
2484 6384 2713 6529 allant
2781 6384 2848 6529 de
2902 6384 3212 6529 travers.
3307 6384 3482 6529 Pour
3563 6384 3617 6529 ce
3712 6384 3874 6529 qu’il
3941 6384 4116 6529 ſçait
4197 6384 4319 6529 que
4373 6384 4805 6529 l’Ennemi
4872 6384 4953 6529 ne

599 6521 939 6671 ſçauroit
993 6521 1197 6671 parer
1252 6521 1293 6671 le
1388 6521 1728 6671 moindre
1796 6521 1987 6671 coup
2041 6521 2191 6671 ſans
2245 6521 2422 6671 faire
2463 6521 2708 6671 angle.
2803 6521 2912 6671 Car
2953 6521 3048 6671 s’il
3103 6521 3184 6671 ne
3225 6521 3348 6671 fait
3402 6521 3634 6671 point
3674 6521 3865 6671 aſſez
3933 6521 4477 6671 d’ouverture,
4505 6521 4532 6671 il
4586 6521 4681 6671 n’y
4736 6521 4750 6671 a
4804 6521 4940 6671 rien

619 6662 743 6810 qui
784 6662 1253 6810 lempeſche
1336 6662 1391 6810 de
1446 6662 1625 6810 faire
1666 6662 2190 6810 l’execution;
2300 6662 2300 6810 &
2341 6662 2383 6810 ſi
2424 6662 2493 6810 au
2576 6662 2989 6810 contraire,
3030 6662 3072 6810 il
3127 6662 3209 6810 ne
3264 6662 3457 6810 tient
3526 6662 3664 6810 qu’à
3719 6662 3843 6810 luy
3912 6662 4243 6810 d’entrer
4311 6662 4601 6810 dedans
4642 6662 4959 6810 l’angle.
