5520 7640
1142 1496 1994 1629 DECLARA
2133 1496 2568 1629 TION
2826 1496 3064 1629 DES
3321 1496 4530 1629 OPERATIONS

1796 1679 1926 1779 DV
2099 1679 2633 1779 TABLEA
2734 1679 2734 1779 V
2937 1679 3702 1779 TREIZIEME.

1540 1878 1540 2099 L
1640 1878 1700 2099 ſe
1780 1878 2160 2099 pourra
2220 1878 2520 2099 faire,
2620 1878 2880 2099 qu’au
2980 1878 3140 2099 lieu
3260 1878 3340 2099 de
3420 1878 3960 2099 preſenter
4040 1878 4380 2099 l’eſpee
4460 1878 4520 2099 en
4640 1878 4960 2099 droite

1461 2086 1703 2233 ligne,
1774 2086 2087 2233 comme
2130 2086 2173 2233 il
2215 2086 2230 2233 a
2301 2086 2429 2233 eſté
2500 2086 2870 2233 pratiqué
2927 2086 3041 2233 par
3169 2086 3525 2233 Zacharie
3568 2086 3711 2233 aux
3810 2086 4067 2233 Tables
4138 2086 4722 2233 precedentes,
4807 2086 4964 2233 qu’il

1460 2228 1851 2374 changera
1949 2228 2256 2374 d’advis,
2353 2228 2367 2374 &
2423 2228 2605 2374 vous
2647 2228 2688 2374 la
2744 2228 3191 2374 preſentera
3275 2228 3275 2374 à
3344 2228 3386 2374 la
3442 2228 3666 2374 façon
3763 2228 3931 2374 qu’il
3987 2228 4070 2374 eſt
4112 2228 4224 2374 icy
4280 2228 4684 2374 pourtrait
4768 2228 4810 2374 en
4894 2228 4950 2374 ce

1488 2364 1800 2508 Tableau
1900 2364 2084 2508 XIII.
2127 2364 2226 2508 ſur
2269 2364 2326 2508 le
2425 2364 2666 2508 Cercle
2766 2364 2879 2508 N.1.
2922 2364 3007 2508 ne
3064 2364 3589 2508 s’eſloignant
3660 2364 3916 2508 gueres
3987 2364 4044 2508 de
4115 2364 4157 2508 la
4271 2364 4527 2508 meſme
4598 2364 4953 2508 poſture,

1457 2501 1649 2649 ſinon
1759 2501 1937 2649 qu’il
2006 2501 2198 2649 tient
2266 2501 2307 2649 la
2417 2501 2568 2649 main
2664 2501 2732 2649 un
2828 2501 2938 2649 peu
3020 2501 3185 2649 plus
3240 2501 3528 2649 haute,
3596 2501 3788 2649 pour
3871 2501 3912 2649 ſe
3994 2501 4296 2649 couvrir
4351 2501 4406 2649 le
4460 2501 4748 2649 viſage,
4858 2501 4858 2649 &
4913 2501 4954 2649 la

1454 2642 1732 2788 pointe
1787 2642 1857 2788 un
1940 2642 2065 2788 peu
2134 2642 2384 2788 baſſe,
2440 2642 2481 2788 en
2565 2642 2759 2788 ſorte
2828 2642 2995 2788 qu’il
3050 2642 3120 2788 ne
3175 2642 3217 2788 la
3273 2642 3509 2788 puiſſe
3578 2642 3717 2788 voir
3758 2642 3883 2788 luy
3981 2642 4272 2788 meſme,
4328 2642 4355 2788 ſi
4411 2642 4466 2788 ce
4522 2642 4716 2788 n’eſt
4758 2642 4758 2788 à
4827 2642 4966 2788 tra-

579 2781 727 2930 vers
768 2781 809 2930 la
890 2781 1133 2930 garde.
1242 2781 1296 2930 En
1377 2781 1472 2930 tel
1526 2781 1661 2930 cas,
1702 2781 1742 2930 il
1783 2781 1864 2930 ne
1918 2781 2148 2930 ſeroit
2216 2781 2337 2930 pas
2392 2781 2824 2930 expedient
2892 2781 2960 2930 de
3014 2781 3325 2930 vouloir
3393 2781 3717 2930 trouver
3785 2781 3826 2930 ſa
3893 2781 4096 2930 lame
4164 2781 4475 2930 ſuivant
4529 2781 4624 2930 les
4678 2781 4962 2930 inſtru-

626 2921 838 3065 ions
878 2921 1462 3065 precedentes,
1515 2921 1714 3065 pour
1754 2921 2245 3065 l’emmener
2351 2921 2365 3065 &
2418 2921 2789 3065 aſſujettir
2856 2921 2909 3065 en
3002 2921 3280 3065 dedans
3360 2921 3413 3065 du
3479 2921 3652 3065 bras
3692 2921 3705 3065 à
3758 2921 3798 3065 la
3878 2921 4236 3065 Seconde
4289 2921 4687 3065 Inſtance;
4727 2921 4727 3065 à
4807 2921 4966 3065 cau-

574 3056 616 3207 ſe
715 3056 884 3207 qu’il
926 3056 1165 3207 ſeroit
1208 3056 1687 3207 impoſsible
1757 3056 1827 3207 de
1870 3056 1926 3207 le
1968 3056 2151 3207 faire
2208 3056 2363 3207 ſans
2405 3056 2461 3207 ſe
2532 3056 2982 3207 deſcouvrir
3024 3056 3151 3207 par
3208 3056 3362 3207 trop
3419 3056 3546 3207 ſoy
3658 3056 3926 3207 meſme
3982 3056 4024 3207 en
4095 3056 4137 3207 la
4207 3056 4447 3207 partie
4503 3056 4968 3207 ſuperieure

601 3195 656 3346 du
739 3195 988 3346 corps.
1057 3195 1416 3346 Parquoy
1471 3195 1568 3346 s’il
1623 3195 1720 3346 eſt
1789 3195 2134 3346 queſtion
2217 3195 2286 3346 de
2342 3195 2880 3346 l’emmener,
2949 3195 3322 3346 voyz-en
3405 3195 3502 3346 les
3557 3195 4110 3346 inſtruions
4165 3195 4234 3346 au
4358 3195 4676 3346 Tableau
4786 3195 4966 3346 XIA.

597 3338 771 3498 Pour
824 3338 877 3498 le
931 3338 1251 3498 preſent
1291 3338 1331 3498 il
1385 3338 1558 3498 vous
1612 3338 1745 3498 ſera
1839 3338 2226 3498 monſtré,
2280 3338 2707 3498 comment
2774 3338 2961 3498 vous
3001 3338 3121 3498 luy
3174 3338 3521 3498 pourrez
3575 3338 3735 3498 tirer
3789 3338 3895 3498 ſur
3962 3338 4149 3498 ceſte
4229 3338 4550 3498 poſture
4616 3338 4683 3498 au
4763 3338 4950 3498 long

603 3474 658 3622 de
727 3474 768 3622 ſa
823 3474 1029 3622 lame
1083 3474 1152 3622 un
1234 3474 1426 3622 coup
1509 3474 1563 3622 de
1632 3474 1906 3622 pointe
1961 3474 2126 3622 ſous
2167 3474 2222 3622 le
2277 3474 2482 3622 bras,
2537 3474 2606 3622 où
2674 3474 2702 3622 il
2743 3474 2798 3622 ſe
2880 3474 3305 3622 deſcouvre
3360 3474 3401 3622 le
3456 3474 3648 3622 plus;
3689 3474 3689 3622 à
3758 3474 3977 3622 raiſon
4073 3474 4196 3622 que
4251 3474 4663 3622 l’eſpaule,
4704 3474 4745 3622 la
4800 3474 4964 3622 poi-

576 3617 811 3761 trine,
908 3617 921 3761 &
963 3617 1018 3761 le
1073 3617 1308 3761 viſage
1349 3617 1487 3761 luy
1556 3617 2039 3761 demeurent
2094 3617 2466 3761 couverts
2535 3617 2590 3761 du
2659 3617 3018 3761 rempart
3087 3617 3142 3761 de
3197 3617 3239 3761 la
3308 3617 3556 3761 garde.
3639 3617 3776 3761 Afin
3873 3617 4163 3761 d’eviter
4245 3617 4659 3761 doncques
4701 3617 4742 3761 le
4797 3617 4949 3761 fort

609 3752 664 3901 de
719 3752 816 3901 ſon
898 3752 1146 3901 eſpee,
1229 3752 1243 3901 &
1284 3752 1477 3901 pour
1532 3752 1918 3901 travailler
1987 3752 2428 3901 deuëment
2469 3752 2580 3901 ſur
2621 3752 2676 3901 le
2731 3752 2993 3901 foible,
3034 3752 3255 3901 voicy
3310 3752 3393 3901 les
3461 3752 3930 3901 operations
3985 3752 4550 3901 d’Alexandre,
4605 3752 4715 3901 qui
4771 3752 4950 3901 vous

577 3890 964 4024 ſerviront
1068 3890 1119 4024 de
1197 3890 1649 4024 preceptes.

1317 4091 1623 4250 Cercle
1973 4091 2082 4250 .

597 4275 854 4429 Zacharie
912 4275 1146 4429 preſente
1204 4275 1379 4429 l’eſpee
1450 4275 1450 4429 à
1520 4275 1578 4429 ſon
1660 4275 2010 4429 adverſaire,
2057 4275 2174 4429 avec
2232 4275 2255 4429 le
2302 4275 2419 4429 bras
2477 4275 2606 4429 haut
2699 4275 2699 4429 &

684 4431 719 4551 la
765 4431 940 4551 pointe
975 4431 1196 4551 baſſe;
1230 4431 1312 4551 ſur
1358 4431 1475 4551 quoy
1556 4431 1847 4551 Alexandre
1894 4431 2208 4551 s’approche
2266 4431 2301 4551 du
2347 4431 2464 4551 pied
2510 4431 2696 4551 gauche

693 4556 704 4670 à
750 4556 784 4670 la
852 4556 1102 4670 Premiere
1148 4556 1398 4670 Inſtance,
1489 4556 1489 4670 &
1534 4556 1568 4670 ſe
1614 4556 1659 4670 va
1716 4556 1944 4670 pancher
1989 4556 2023 4670 en
2091 4556 2273 4670 devant
2307 4556 2387 4670 ſur
2421 4556 2455 4670 le
2524 4556 2705 4670 meſme,

690 4675 959 4798 couvrant
1001 4675 1042 4798 la
1083 4675 1208 4798 lame
1249 4675 1518 4798 contraire
1570 4675 1683 4798 avec
1725 4675 1766 4798 ſa
1828 4675 2066 4798 garde.

1061 4827 1480 4963 ACHARIE
1530 4827 1838 4963 s’eſtant
1888 4827 2134 4963 planté
2184 4827 2283 4963 ſur
2332 4827 2702 4963 leCercle

1054 4953 1337 5097 dedans
1388 4953 1491 5097 ſon
1619 4953 2134 5097 Quadrangle,
2172 4953 2224 5097 le
2275 4953 2455 5097 pied
2520 4953 2700 5097 droit

1039 5084 1051 5217 à
1101 5084 1138 5217 la
1237 5084 1846 5217 Circonference
1908 5084 2132 5217 lettre
2243 5084 2281 5217 X,
2380 5084 2380 5217 &
2430 5084 2479 5217 le
2554 5084 2703 5217 gau-

1054 5206 1168 5341 che
1232 5206 1333 5341 ſur
1371 5206 1409 5341 la
1473 5206 1676 5341 ligne
1765 5206 2019 5341 Pedale
2133 5206 2184 5341 Z,
2248 5206 2299 5341 le
2362 5206 2578 5341 corps
2654 5206 2705 5341 e-

567 5329 836 5471 ſtendu
909 5329 1896 5471 perpendiculairement,
1945 5329 2311 5471 preſente
2360 5329 2628 5471 l’eſpee
2689 5329 2689 5471 à

567 5451 673 5576 ſon
803 5451 1228 5576 Contraire,
1299 5451 1346 5576 au
1441 5451 1677 5576 deſſus
1760 5451 1807 5576 du
1937 5451 2362 5576 Diametre,
2409 5451 2586 5576 avec
2645 5451 2704 5576 le

570 5578 738 5721 bras
798 5578 1111 5721 eſtendu
1183 5578 1339 5721 vers
1399 5578 1448 5721 le
1508 5578 1724 5721 haut,
1796 5578 1856 5721 de
1917 5578 2133 5721 façon
2217 5578 2374 5721 qu’il
2422 5578 2470 5721 ſe
2542 5578 2710 5721 cou-

580 5703 693 5847 vre
755 5703 805 5847 le
892 5703 1117 5847 viſage
1217 5703 1279 5847 de
1342 5703 1379 5847 ſa
1467 5703 1741 5847 garde,
1804 5703 2103 5847 laiſſant
2165 5703 2590 5847 deſcendre
2652 5703 2690 5847 la

577 5829 845 5973 pointe
905 5829 1063 5973 vers
1112 5829 1160 5973 le
1209 5829 1330 5973 bas
1391 5829 1403 5973 à
1464 5829 1671 5973 l’aide
1743 5829 1792 5973 du
1865 5829 2193 5973 poignet
2266 5829 2327 5973 de
2375 5829 2412 5973 la
2509 5829 2703 5973 main,

576 5954 764 6093 pour
811 5954 1176 6093 attendre
1235 5954 1270 6093 ſa
1329 5954 1599 6093 partie.
1693 5954 1740 6093 Là
1823 5954 2058 6093 deſſus
2152 5954 2693 6093 ALEXANDRE

569 6076 1039 6221 s’approche
1101 6076 1732 6221 premierement
1806 6076 1855 6221 du
1930 6076 2103 6221 pied
2165 6076 2486 6221 gauche,
2536 6076 2696 6221 qu’il

566 6202 833 6339 plante
882 6202 894 6339 à
942 6202 979 6339 la
1051 6202 1282 6339 lettre
1367 6202 1379 6339 C
1464 6202 1513 6339 en
1610 6202 1986 6339 Premiere
2059 6202 2459 6339 Inſtance,
2507 6202 2702 6339 rete-

577 6327 750 6464 nant
808 6327 866 6464 le
947 6327 1166 6464 corps
1212 6327 1513 6464 panché
1582 6327 1594 6464 à
1640 6327 2021 6464 l’envers,
2137 6327 2137 6464 &
2217 6327 2506 6464 menant
2576 6327 2691 6464 par

600 6454 853 6588 meſme
922 6454 1107 6588 voye
1176 6454 1452 6588 l’eſpee
1533 6454 2178 6588 circulairement
2248 6454 2305 6588 de
2374 6454 2547 6588 haut
2616 6454 2662 6588 en

569 6580 690 6706 bas
775 6580 823 6706 en
920 6580 1211 6706 dedans
1295 6580 1344 6706 du
1416 6580 1610 6706 bras,
1671 6580 1949 6706 d’angle
2034 6580 2264 6706 obtus
2337 6580 2385 6706 en
2470 6580 2688 6706 angle

580 6701 773 6840 aigu;
841 6701 1011 6840 dont
1068 6701 1181 6840 par
1238 6701 1283 6840 la
1374 6701 1908 6840 continuation
2010 6701 2067 6840 du
2169 6701 2418 6840 meſme
2509 6701 2691 6840 mou-

576 6825 891 6939 vement
958 6825 992 6939 il
1048 6825 1093 6939 la
1172 6825 1487 6939 ramene
1588 6825 1959 6939 derechef
2026 6825 2071 6939 en
2161 6825 2341 6939 haut
2408 6825 2420 6939 à
2521 6825 2667 6939 main

587 6944 864 7091 droite,
928 6944 978 7091 en
1054 6944 1104 7091 ſe
1180 6944 1507 7091 dreſſant
1545 6944 1596 7091 le
1671 6944 1886 7091 corps
1936 6944 2037 7091 ſur
2075 6944 2138 7091 le
2213 6944 2466 7091 meſme
2529 6944 2692 7091 pied

2861 4099 3197 4218 gauche,
3310 4099 3310 4218 &
3372 4099 3845 4218 finalement
3895 4099 3945 4218 ſe
3995 4099 4181 4218 laiſſe
4256 4099 4592 4218 eſcouler
4642 4099 4692 4218 le
4742 4099 4953 4218 poul-

2860 4223 2920 4342 ce
2992 4223 3051 4342 de
3147 4223 3386 4342 deſſus
3446 4223 3493 4342 la
3565 4223 3911 4342 branche
3947 4223 4389 4342 interieure
4473 4223 4533 4342 de
4592 4223 4640 4342 la
4712 4223 4963 4342 garde,

2867 4346 2916 4466 où
3002 4346 3039 4466 il
3088 4346 3310 4466 eſtoit
3359 4346 3690 4466 affermi,
3752 4346 3801 4466 en
3899 4346 4231 4466 deſſous,
4305 4346 4354 4466 de
4415 4346 4612 4466 ſorte
4698 4346 4956 4466 qu’elle

2865 4471 2912 4590 en
3005 4471 3215 4590 vient
3273 4471 3284 4590 à
3354 4471 3412 4590 ſe
3494 4471 3762 4590 dreſſer
3832 4471 4414 4590 contremont;
4472 4471 4763 4590 laiſſant
4844 4471 4961 4590 par

2857 4594 3022 4712 ainſi
3093 4594 3506 4712 deſcendre
3565 4594 3600 4712 ſa
3660 4594 3907 4712 lame,
4014 4594 4026 4712 &
4073 4594 4474 4712 panchant
4545 4594 4958 4712 tellement

2877 4718 2922 4835 du
3014 4718 3231 4835 corps
3277 4718 3379 4835 ſur
3425 4718 3482 4835 le
3551 4718 3860 4835 devant,
3905 4718 4088 4835 avec
4134 4718 4180 4835 le
4237 4718 4408 4835 pied
4477 4718 4545 4835 de
4625 4718 4957 4835 derriere

2874 4843 3101 4965 eſlevé
3220 4843 3220 4965 &
3268 4843 3316 4965 le
3375 4843 3542 4965 bras
3602 4843 3948 4965 eſtendu,
4019 4843 4151 4965 que
4222 4843 4282 4965 de
4330 4843 4377 4965 ſa
4449 4843 4664 4965 garde
4711 4843 4747 4965 il
4795 4843 4962 4965 cou-

2861 4967 2970 5084 vre
3024 4967 3057 5084 la
3111 4967 3307 5084 lame
3372 4967 3753 5084 contraire
3808 4967 3982 5084 avec
4036 4967 4101 5084 un
4178 4967 4363 5084 petit
4417 4967 4678 5084 arreſt,
4711 4967 4787 5084 à1
4885 4967 4939 5084 ou

2863 5093 2863 5207 2
2989 5093 3354 5207 Nombres
3423 5093 3594 5207 tout
3662 5093 3925 5207 contre
3994 5093 4028 5207 la
4108 5093 4439 5207 pointe,
4519 5093 4565 5207 la
4644 5093 4964 5207 croiſant

2855 5215 2925 5336 un
2994 5215 3122 5336 peu
3203 5215 3273 5336 de
3330 5215 3504 5336 biais
3585 5215 3736 5336 vers
3794 5215 3852 5336 le
3898 5215 4118 5336 haut;
4176 5215 4466 5336 comme
4512 5215 4617 5336 les
4686 5215 4976 5336 figures

2877 5338 3474 5426 demonſtrent.

3008 5461 3070 5584 Au
3144 5461 3403 5584 temps
3477 5461 3662 5584 qu’on
3761 5461 3971 5584 porte
4021 5461 4070 5584 ſa
4156 5461 4366 5584 garde
4428 5461 4539 5584 par
4626 5461 4860 5584 deſſus
4922 5461 4972 5584 la

2857 5588 3129 5703 pointe
3211 5588 3636 5703 contraire,
3683 5588 3718 5703 il
3777 5588 3931 5703 faut
3978 5588 4131 5703 bien
4202 5588 4497 5703 adviſer
4567 5588 4626 5703 de
4673 5588 4721 5703 le
4791 5588 4968 5703 faire

2855 5710 3031 5830 avec
3078 5710 3137 5830 le
3196 5710 3384 5830 petit
3431 5710 3689 5830 arreſt,
3748 5710 3877 5830 que
3924 5710 4124 5830 nous
4183 5710 4476 5830 venons
4547 5710 4605 5830 de
4676 5710 4852 5830 dire:
4970 5710 4970 5830 &

2865 5835 2921 5957 ce
2978 5835 3171 5957 pour
3227 5835 3409 5957 eſtre
3477 5835 3885 5957 touſiours
3953 5835 4146 5957 preſt
4203 5835 4214 5957 à
4282 5835 4747 5957 rencontrer
4804 5835 4974 5957 tou-

2854 5959 2961 6081 tes
3009 5959 3104 6081 les
3164 5959 3498 6081 aions,
3569 5959 3701 6081 que
3772 5959 4249 6081 l’adverſaire
4321 5959 4678 6081 pourroit
4750 5959 4976 6081 prati-

2872 6080 3039 6203 quer
3118 6080 3386 6203 durant
3453 6080 3509 6203 le
3599 6080 3856 6203 meſme
3912 6080 4202 6203 temps.
4281 6080 4739 6203 autrement
4795 6080 4829 6203 il
4896 6080 4974 6203 ne

2849 6204 3108 6330 faudra
3166 6204 3295 6330 pas
3342 6204 3354 6330 à
3401 6204 3601 6330 nous
3648 6204 4153 6330 ſurprendre,
4188 6204 4223 6330 ſi
4270 6204 4458 6330 nous
4517 6204 4587 6330 ne
4646 6204 4975 6330 ſommes

2856 6335 3003 6457 bien
3077 6335 3187 6457 ſur
3236 6335 3359 6457 nos
3432 6335 3726 6457 gardes.

3588 6489 3897 6642 Cercle
4139 6489 4426 6642 N.2.

2887 6689 3187 6823 Alexandre
3245 6689 3487 6823 pourſuit
3545 6689 3857 6823 l’operation
3926 6689 4377 6823 encommencée,
4435 6689 4689 6823 joignant
4746 6689 4781 6823 ſa
4839 6689 4989 6823 garde

2984 6822 3032 6943 au
3102 6822 3244 6943 foible
3350 6822 3350 6943 &
3433 6822 3433 6943 à
3492 6822 3527 6943 la
3575 6822 3740 6943 pointe
3822 6822 3858 6943 de
3917 6822 4094 6943 l’eſpee
4153 6822 4507 6943 contraire,
4566 6822 4802 6943 laquelle
4850 6822 4885 6943 il
4944 6822 4991 6943 va

2996 6947 3224 7073 graduer
3267 6947 3300 7073 en
3354 6947 3561 7073 entrant
3626 6947 3735 7073 avec
3789 6947 3811 7073 le
3866 6947 3974 7073 pied
4029 6947 4148 7073 droit
4192 6947 4235 7073 un
4311 6947 4388 7073 peu
4442 6947 4583 7073 outre
4627 6947 4670 7073 la
4714 6947 4866 7073 lettre
4964 6947 4996 7073 H,

4781 7076 4781 7188 à
4852 7076 4993 7188 pour-
