5520 7640
3623 835 3942 994 Cercle
4169 835 4442 994 N.5.

2865 1033 2948 1189 Les
3008 1033 3127 1189 deux
3198 1033 3508 1189 Contraires
3544 1033 3770 1189 s’eſtans
3806 1033 4270 1189 preallablement
4318 1033 4532 1189 plantez
4580 1033 4651 1189 ſur
4699 1033 4723 1189 le
4782 1033 4937 1189 Cercle
4985 1033 4997 1189 à

2963 1165 2997 1312 la
3076 1165 3324 1312 Premiere
3370 1165 3607 1312 Inſtance
3652 1165 3686 1312 en
3754 1165 3946 1312 droites
3980 1165 4194 1312 lignes;
4296 1165 4601 1312 Alexandre
4646 1165 4804 1312 ayant
4861 1165 4929 1312 mis
4962 1165 5008 1312 ſa

2971 1294 3103 1441 lame
3163 1294 3415 1441 parallele
3463 1294 3511 1441 au
3583 1294 3763 1441 deſſous
3823 1294 3859 1441 de
3895 1294 4183 1441 l’autre,
4231 1294 4255 1441 il
4315 1294 4507 1441 marche
4663 1294 4939 1441 aſſujettit
4975 1294 4999 1441 le

2990 1421 3269 1551 Contraire
3302 1421 3347 1551 en
3402 1421 3514 1551 deçà
3558 1421 3592 1551 le
3692 1421 3959 1551 Diametre
4004 1421 4015 1551 à
4082 1421 4115 1551 la
4182 1421 4405 1551 Seconde
4449 1421 4794 1551 Inſtance;
4850 1421 5006 1551 iceluy

2971 1546 3233 1696 hauſſant
3269 1546 3293 1696 le
3341 1546 3460 1696 bras
3496 1546 3698 1696 eſtendu
3746 1546 3782 1696 en
3841 1546 3996 1696 angle
4032 1546 4211 1696 obtus,
4271 1546 4306 1696 de
4342 1546 4473 1696 ſorte
4533 1546 4652 1696 qu’il
4688 1546 4712 1696 ſe
4759 1546 4938 1696 couvre
4986 1546 5010 1696 le

2970 1671 3156 1827 viſage
3206 1671 3317 1827 avec
3367 1671 3404 1827 ſa
3453 1671 3639 1827 garde,
3664 1671 3886 1827 laiſſant
3948 1671 4221 1827 deſcendre
4270 1671 4307 1827 la
4369 1671 4543 1827 pointe
4592 1671 4604 1827 à
4666 1671 4778 1827 las;
4827 1671 5001 1827 dequuy

2969 1801 3257 1952 procedent
3312 1801 3545 1952 derechef
3589 1801 3655 1952 les
3722 1801 3910 1952 meſmes
3954 1801 4297 1952 operations,
4353 1801 4364 1952 à
4408 1801 4707 1952 pratiquer
4851 1801 5006 1952 conti-

2961 1926 3081 2071 nuer
3125 1926 3212 2071 par
3299 1926 3593 2071 Alexandre
3637 1926 3844 2071 juſqu’à
3910 1926 3942 2071 la
4008 1926 4160 2071 finale
4204 1926 4498 2071 execution
4564 1926 4596 2071 en
4662 1926 4695 2071 la
4760 1926 5000 2071 maniere,

2971 2069 3094 2202 qu’il
3128 2069 3486 2202 s’enſuitplus
3531 2069 4092 2202 particulierement.

3331 2202 3495 2366 Pres
3557 2202 3683 2366 que
3808 2202 3808 2366 Z
3871 2202 4285 2366 ACHARIE
4361 2202 4511 2366 s’eſt
4586 2202 4837 2366 planté
4913 2202 5001 2366 ſur

3313 2350 3368 2495 le
3504 2350 3751 2495 Cercle
3833 2350 4120 2495 dedans
4188 2350 4243 2495 le
4366 2350 4859 2495 Quadrangle
4968 2350 5009 2495 Z,

3309 2477 3779 2624 preſentant
3843 2477 4122 2624 l’eſpee
4198 2477 4236 2624 en
4351 2477 4592 2624 droite
4643 2477 4897 2624 ligne;
4999 2477 4999 2624 &

3325 2602 4087 2748 qu’ALEXANDRE
4176 2602 4329 2748 s’eſt
4405 2602 4659 2748 planté
4748 2602 5015 2748 pareil-

2841 2727 3145 2881 lement
3208 2727 3688 2881 alencontre
3739 2727 3789 2881 au
3941 2727 4447 2881 Quadrangle
4523 2727 4877 2881 oppoſite
4940 2727 4990 2881 en

2866 2855 3256 3003 Premiere
3332 2855 3760 3003 Inſtance,
3823 2855 3873 3003 le
3923 2855 4099 3003 pied
4175 2855 4364 3003 droit
4414 2855 4427 3003 à
4477 2855 4515 3003 la
4628 2855 5018 3003 Circonfe-

2856 2991 3081 3118 rence
3147 2991 3384 3118 lettre
3489 2991 3555 3118 C,
3661 2991 3661 3118 &
3727 2991 3779 3118 le
3872 2991 4162 3118 gauche
4241 2991 4346 3118 ſur
4386 2991 4425 3118 la
4505 2991 4702 3118 ligne
4808 2991 5006 3118 Peda-

2840 3123 2940 3250 le,
3003 3123 3328 3250 portant
3390 3123 3665 3250 l’eſpee
3752 3123 3802 3250 en
3902 3123 4152 3250 droite
4215 3123 4427 3250 ligne
4502 3123 4864 3250 parallele
4927 3123 4989 3250 au

2867 3251 3175 3369 deſſous
3239 3251 3303 3369 de
3354 3251 3662 3369 l’autre.
3752 3251 3893 3369 Cela
3944 3251 4072 3369 fait
4124 3251 4162 3369 il
4200 3251 4213 3369 a
4277 3251 4688 3369 pourſuivi
4739 3251 4739 3369 à
4803 3251 5021 3369 prati-

2864 3377 3035 3508 quer
3084 3377 3182 3508 les
3243 3377 3549 3508 aions
3610 3377 3684 3508 de
3745 3377 3806 3508 ce
3904 3377 4149 3508 Cercle
4210 3377 4565 3508 preſent,
4638 3377 5017 3508 marchant

2857 3490 3035 3639 avec
3085 3490 3136 3639 le
3187 3490 3365 3639 pied
3441 3490 3631 3639 droit
3707 3490 3758 3639 en
3847 3490 4024 3639 deçà
4075 3490 4126 3639 le
4240 3490 4672 3639 Diametre,
4722 3490 4722 3639 à
4786 3490 4824 3639 la
4913 3490 5014 3639 Se-

2856 3616 3110 3771 conde
3207 3616 3570 3771 Inſtance
3643 3616 3873 3771 lettre
3994 3616 4054 3771 G,
4103 3616 4115 3771 à
4187 3616 4671 3771 pourſuivre
4768 3616 5010 3771 conſe-

2873 3760 3348 3887 quemment
3413 3760 3464 3887 du
3528 3760 3708 3887 pied
3760 3760 4094 3887 gauche,
4184 3760 4184 3887 &
4248 3760 4261 3887 y
4313 3760 4699 3887 aſſujettir
4750 3760 5007 3887 l’eſpee

2870 3889 2931 4009 de
2981 3889 3536 4009 l’adverſaire,
3610 3889 3734 4009 qui
3796 3889 4030 4009 eſleve
4080 3889 4092 4009 à
4166 3889 4228 4009 ce
4302 3889 4574 4009 meſme
4623 3889 4907 4009 inſtant
4969 3889 5018 4009 le

2857 4017 3018 4139 bras
3105 4017 3154 4139 en
3240 4017 3475 4139 haut,
3537 4017 3587 4139 ſe
3673 4017 4069 4139 couvrant
4118 4017 4168 4139 le
4229 4017 4477 4139 viſage
4538 4017 4613 4139 de
4674 4017 4711 4139 ſa
4798 4017 4996 4139 garde

2855 4142 3035 4268 avec
3082 4142 3118 4268 la
3178 4142 3453 4268 pointe
3513 4142 3764 4268 baſſe;
3835 4142 4134 4268 comme
4182 4142 4290 4268 les
4337 4142 4636 4268 figures
4708 4142 5019 4268 demon-

2845 4271 3144 4362 ſtrent.

2999 4395 3050 4522 Là
3152 4395 3394 4522 deſſus
3483 4395 4042 4522 ALEXANDRE
4105 4395 4474 4522 pourſuit
4538 4395 4538 4522 à
4601 4395 5008 4522 pratiquer

2851 4523 2953 4652 les
3017 4523 3487 4652 operations
3564 4523 3678 4652 des
3755 4523 4060 4652 Cercles
4174 4523 4212 4652 N.
4276 4523 4314 4652 2.
4365 4523 4403 4652 3.
4480 4523 4530 4652 4.
4594 4523 4785 4652 ſelon
4861 4523 5014 4652 qu’il

2859 4655 3212 4744 s’enſuit.

3027 4762 3292 4904 Durant
3367 4762 3494 4904 que
3607 4762 4086 4904 ZAcHARIE
4162 4762 4212 4904 ſe
4288 4762 4553 4904 hauſſe
4603 4762 4654 4904 le
4729 4762 4881 4904 bras
4994 4762 5007 4904 &

2851 4907 2902 5030 la
2965 4907 3192 5030 garde
3268 4907 3331 5030 de
3381 4907 3482 5030 ſon
3571 4907 3785 5030 eſpee
3848 4907 3962 5030 qui
4025 4907 4114 5030 eſt
4164 4907 4606 5030 aſſujettie,
4644 4907 4833 5030 pour
4884 4907 4997 5030 s’en

2869 5035 3178 5152 couvrir
3236 5035 3293 5152 le
3350 5035 3636 5152 viſage,
3671 5035 3900 5152 avant
3980 5035 4106 5152 que
4175 5035 4221 5152 le
4312 5035 4828 5152 mouvement
4885 5035 5011 5152 ſoit

2856 5161 3191 5257 achevé,
3291 5161 3303 5257 A
3370 5161 3872 5257 LEXANDRE
3927 5161 4284 5257 S’avance
4396 5161 4407 5257 &
4485 5161 4775 5257 marche
4842 5161 5010 5257 avec

2854 5264 2903 5416 le
2987 5264 3157 5416 pied
3242 5264 3436 5416 droit
3485 5264 3582 5416 ſur
3630 5264 3691 5416 le
3751 5264 4018 5416 centre
4091 5264 4139 5416 du
4261 5264 4564 5416 Cercle,
4636 5264 4685 5416 en
4782 5264 5012 5416 conti-

2856 5414 3098 5538 nuant
3175 5414 3175 5538 à
3264 5414 3544 5538 eſlever
3607 5414 3671 5538 le
3760 5414 3925 5538 pied
4014 5414 4307 5538 gauche
4396 5414 4447 5538 en
4524 5414 4702 5538 l’air,
4816 5414 4816 5538 &
4893 5414 5020 5538 gra-

2879 5538 3038 5661 duer
3100 5538 3210 5661 les
3259 5538 3553 5661 lames,
3614 5538 3676 5661 de
3737 5538 3958 5661 façon
4056 5538 4215 5661 qu’il
4264 5538 4558 5661 atteint
4595 5538 5024 5661 l’adverſai-

2854 5667 2916 5782 re
2977 5667 3112 5782 d’un
3197 5667 3381 5782 coup
3467 5667 3528 5782 de
3577 5667 3859 5782 pointe
3908 5667 3969 5782 au
4055 5667 4251 5782 coſté
4336 5667 4520 5782 droit
4581 5667 4887 5782 deſſous
4924 5667 5022 5782 les

2863 5770 3150 5917 armes,
3219 5770 3230 5917 y
3288 5770 3712 5917 obſervant
3793 5770 4068 5917 toutes
4114 5770 4218 5917 les
4298 5770 4608 5917 meſmes
4688 5770 5021 5917 conſide-

2868 5917 3193 6038 rations,
3243 5917 3356 6038 qui
3419 5917 3456 6038 en
3544 5917 3669 6038 ont
3731 5917 3869 6038 eſté
3919 5917 4345 6038 ſpecifiées
4395 5917 4457 6038 au
4557 5917 4808 6038 Cercle
4908 5917 5020 6038 N.2.

3041 6044 3087 6160 Or
3155 6044 3499 6160 combien
3590 6044 3728 6160 que
3774 6044 3831 6160 le
3922 6044 4449 6160 mouvement
4529 6044 4598 6160 de
4712 6044 5021 6160 ZACHA-

2874 6167 3040 6302 RIE,
3092 6167 3425 6302 aſſavoir
3515 6167 3566 6302 de
3643 6167 3951 6302 hauſſer
4015 6167 4066 6302 le
4117 6167 4297 6302 bras
4399 6167 4399 6302 &
4463 6167 4502 6302 la
4579 6167 4822 6302 garde,
4874 6167 5015 6302 euſt

2885 6294 3011 6426 eſté
3086 6294 3414 6426 conduit
3464 6294 3464 6426 à
3527 6294 3666 6426 fin,
3754 6294 4308 6426 ALEXANDRE
4371 6294 4610 6426 n’euſt
4685 6294 4811 6426 pas
4874 6294 5013 6426 laiſ-

2868 6418 2915 6538 ſé
2973 6418 3360 6538 pourtant
3430 6418 3488 6538 de
3547 6418 3722 6538 faire
3793 6418 4015 6538 encor
4062 6418 4109 6538 la
4191 6418 4460 6538 meſme
4518 6418 4788 6538 choſe;
4869 6418 5010 6538 mais

2885 6546 3035 6680 c’eſt
3110 6546 3160 6680 le
3260 6546 3598 6680 meilleur
3723 6546 3723 6680 &
3798 6546 3848 6680 le
3935 6546 4098 6680 plus
4173 6546 4336 6680 ſeur
4423 6546 4486 6680 de
4561 6546 4899 6680 prendre
4961 6546 5011 6680 le

2879 6670 3132 6793 temps
3213 6670 3524 6793 meſme.

3036 6794 3098 6929 La
3173 6794 3359 6929 ſuite
3447 6794 3509 6929 de
3596 6794 3795 6929 ceſte
3870 6794 4281 6929 operation
4380 6794 4605 6929 c’eſt,
4692 6794 5016 6929 qu’ALE-

2896 6918 3252 7062 XANDRE
3313 6918 3375 7062 ſe
3448 6918 3657 7062 volte
3706 6918 3878 7062 tout
3928 6918 3940 7062 à
3989 6918 4333 7062 l’inſtant
4382 6918 4431 7062 le
4493 6918 4665 7062 pied
4739 6918 5021 7062 gauche

2876 7038 2999 7182 par
3073 7038 3406 7182 derriere
3529 7038 3541 7182 &
3615 7038 3985 7182 alentour
4047 7038 4096 7182 le
4157 7038 4330 7182 pied
4416 7038 4650 7182 droit,
4724 7038 4786 7182 un
4872 7038 4995 7182 peu

4813 7207 5010 7274 outre

692 540 692 677 à
764 540 1076 677 pourſuivre
1172 540 1172 677 &
1232 540 1425 677 eſlever
1461 540 1569 677 tout
1629 540 1713 677 d’un
1773 540 1905 677 train
1965 540 1989 677 le
2037 540 2157 677 pied
2193 540 2398 677 gauche
2446 540 2470 677 en
2542 540 2686 677 l’air,

788 667 861 813 luy
933 667 1102 813 donner
1150 667 1186 813 un
1258 667 1367 813 coup
1427 667 1716 813 d’eſtocade
1776 667 1825 813 au
1885 667 2005 813 coſté
2078 667 2198 813 droit
2270 667 2451 813 deſſous
2511 667 2536 813 le
2584 667 2680 813 bras

681 813 767 932 par
828 813 852 932 le
914 813 963 932 fil
1036 813 1061 932 de
1122 813 1159 932 ſa
1233 813 1441 932 lame.

1056 955 1142 1079 Vis
1228 955 1350 1079 que
1473 955 1914 1079 ZACHARIE
1975 955 2048 1079 ne
2122 955 2244 1079 fait
2318 955 2440 1079 rien
2538 955 2673 1079 que

1018 1066 1444 1183 attendre;
1522 1066 2060 1183 ALEXANDRE
2127 1066 2598 1183 commence
2665 1066 2677 1183 à

1029 1194 1491 1328 pourſuivre
1574 1194 2107 1328 l’operation,
2202 1194 2676 1328 accouplant

1020 1318 1142 1454 par
1203 1318 1252 1454 en
1325 1318 1496 1454 haut
1545 1318 1594 1454 ſa
1667 1318 1875 1454 garde
1948 1318 1960 1454 à
2021 1318 2070 1454 la
2131 1318 2388 1454 pointe
2461 1318 2522 1454 de
2571 1318 2681 1454 l’e-

551 1447 726 1577 ſpee
807 1447 1191 1577 contraire
1238 1447 1249 1577 à
1319 1447 1319 1577 1
1401 1447 1447 1577 ou
1552 1447 1552 1577 2
1680 1447 2076 1577 Nombres,
2111 1447 2157 1577 la
2215 1447 2681 1577 ſurprenant

552 1568 676 1697 par
756 1568 1051 1697 deſſous
1119 1568 1300 1697 avec
1368 1568 1402 1697 ſa
1482 1568 1822 1697 branche
1913 1568 2412 1697 exterieure,
2480 1568 2525 1697 en
2627 1568 2684 1697 u-

554 1690 700 1824 ſant
797 1690 857 1824 de
954 1690 1500 1824 graduation,
1573 1690 1852 1824 abaiſſe
1937 1690 2567 1824 enſemblement
2640 1690 2676 1824 ſa

562 1814 825 1950 pointe
897 1814 1076 1950 avec
1147 1814 1195 1950 le
1267 1814 1422 1950 bras
1506 1814 1876 1950 eſtendu,
1972 1814 1984 1950 &
2055 1814 2342 1950 avance
2402 1814 2449 1950 le
2521 1814 2700 1950 pied

571 1940 757 2043 droit
803 1940 908 2043 ſur
954 1940 1001 2043 le
1106 1940 1478 2043 Diametre
1548 1940 1745 2043 entre
1815 1940 2001 2043 deux
2060 1940 2118 2043 le
2211 1940 2455 2043 centre
2583 1940 2583 2043 &
2641 1940 2676 2043 la

548 2066 777 2201 lettre
891 2066 937 2201 H;
1006 2066 1474 2201 continuant
1543 2066 1554 2201 à
1623 2066 1680 2201 ſe
1737 2066 2080 2201 pancher
2149 2066 2195 2201 en
2286 2066 2561 2201 devant
2629 2066 2686 2201 a-

564 2192 686 2326 vec
735 2192 784 2326 le
845 2192 1064 2326 corps
1113 2192 1284 2326 tout
1333 2192 1699 2326 eſtendu,
1785 2192 1797 2326 &
1846 2192 1895 2326 le
1943 2192 2114 2326 pied
2175 2192 2468 2326 gauche
2529 2192 2688 2326 eſle-

559 2316 628 2449 vé
697 2316 743 2449 en
801 2316 940 2449 l’air
997 2316 1113 2449 par
1159 2316 1205 2449 la
1286 2316 1540 2449 meſme
1632 2316 2243 2449 continuation,
2347 2316 2416 2449 de
2474 2316 2682 2449 ſorte

569 2444 738 2581 qu’il
803 2444 1011 2581 entre
1102 2444 1154 2581 du
1245 2444 1440 2581 coſté
1531 2444 1714 2581 droit
1805 2444 2091 2581 dedans
2143 2444 2468 2581 l’angle,
2533 2444 2702 2581 qu’il

559 2567 713 2701 s’eſt
784 2567 1057 2701 ouvert
1104 2567 1223 2701 luy
1329 2567 1626 2701 meſme,
1685 2567 1732 2701 en
1839 2567 2361 2701 deſtournant
2408 2567 2681 2701 l’eſpee

557 2696 950 2828 contraire
996 2696 1273 2828 arriere
1342 2696 1400 2828 de
1458 2696 1573 2828 ſoy
1642 2696 1689 2828 en
1781 2696 2058 2828 dehors
2104 2696 2289 2828 avec
2335 2696 2543 2828 l’aide
2612 2696 2681 2828 de

542 2816 589 2953 la
647 2816 994 2953 branche
1052 2816 1550 2953 exterieure,
1619 2816 1932 2953 dequoy
1978 2816 2013 2953 il
2071 2816 2106 2953 la
2187 2816 2384 2953 tient
2465 2816 2696 2953 enſer-

549 2941 700 3080 rée,
814 2941 814 3080 &
889 2941 1003 3080 par
1104 2941 1357 3080 meſme
1420 2941 1609 3080 voye
1660 2941 1697 3080 il
1748 2941 1798 3080 le
1874 2941 2101 3080 bleſſe
2165 2941 2278 3080 par
2341 2941 2581 3080 deſſus
2632 2941 2682 3080 le

552 3066 614 3205 fil
688 3066 749 3205 de
799 3066 835 3205 ſa
897 3066 1131 3205 lame,
1192 3066 1316 3205 luy
1389 3066 1734 3205 donnant
1796 3066 2226 3205 l’eſtocade
2300 3066 2436 3205 d’un
2522 3066 2682 3205 bras

551 3203 764 3323 roide
814 3203 876 3323 au
964 3203 1163 3323 coſté
1238 3203 1413 3323 droit
1488 3203 1788 3323 deſſous
1850 3203 1900 3323 le
1975 3203 2188 3323 bras;
2237 3203 2425 3323 ſelon
2525 3203 2687 3323 qu’il

561 3320 649 3456 eſt
712 3320 1166 3456 repreſenté
1242 3320 1292 3456 en
1368 3320 1406 3456 la
1481 3320 1758 3456 figure.

1294 3480 1611 3659 Cercle
1974 3480 2110 3659 .3.

989 3715 1138 3848 ’Eſt
1187 3715 1224 3848 la
1299 3715 1844 3848 continuation
1930 3715 1992 3848 de
2042 3715 2091 3848 la
2153 3715 2698 3848 precedente,

997 3847 1422 3970 pratiquée
1493 3847 1611 3970 par
1730 3847 2285 3970 ALEXANDRE
2368 3847 2533 3970 tout
2616 3847 2687 3970 de

996 3974 1181 4101 ſuite
1239 3974 1390 4101 ſans
1447 3974 1725 4101 perdre
1783 3974 2095 4101 temps;
2165 3974 2211 4101 en
2304 3974 2685 4101 tournant

1001 4098 1049 4215 le
1109 4098 1277 4215 pied
1349 4098 1529 4215 droit
1589 4098 1589 4215 à
1649 4098 2009 4215 l’envers,
2104 4098 2116 4215 &
2176 4098 2464 4215 voltant
2524 4098 2692 4215 l’au-

540 4209 646 4334 tre
728 4209 798 4334 de
880 4209 1138 4334 meſme
1185 4209 1197 4334 à
1256 4209 1420 4334 tout
1467 4209 1572 4334 les
1655 4209 1913 4334 orteils
1971 4209 2077 4334 ſur
2136 4209 2171 4334 la
2253 4209 2523 4334 ſeion
2616 4209 2687 4334 de

550 4346 590 4477 la
671 4346 872 4477 ligne
966 4346 1047 4477 LS
1127 4346 1235 4477 par
1329 4346 1463 4477 delà
1530 4346 1584 4477 le
1678 4346 2108 4477 Diametre;
2175 4346 2282 4477 ſur
2349 4346 2631 4477 lequel
2672 4346 2698 4477 il

546 4470 596 4606 ſe
670 4470 720 4606 va
795 4470 1107 4606 charger
1219 4470 1219 4606 &
1269 4470 1618 4606 pancher
1668 4470 1718 4606 le
1780 4470 1905 4606 dos
1954 4470 2117 4606 plus
2179 4470 2428 4606 outre,
2466 4470 2515 4606 le
2590 4470 2690 4606 ge-

546 4599 676 4716 nou
771 4599 961 4716 plié,
1080 4599 1092 4716 &
1139 4599 1187 4716 le
1234 4599 1401 4716 bras
1472 4599 1792 4716 courbé,
1852 4599 1899 4716 en
1982 4599 2457 4716 continuant
2517 4599 2517 4716 à
2600 4599 2695 4716 de-

549 4723 917 4860 ſtourner
986 4723 1032 4860 la
1101 4723 1297 4860 lame
1378 4723 1757 4860 contraire
1838 4723 2172 4860 encores
2252 4723 2690 4860 davantage

548 4850 607 4988 au
736 4850 982 4988 moyen
1099 4850 1157 4988 de
1228 4850 1275 4988 ſa
1357 4850 1696 4988 branche
1790 4850 2294 4988 exterieure,
2423 4850 2435 4988 &
2517 4850 2704 4988 aug-

590 4971 870 5109 menter
943 4971 1053 5109 par
1138 4971 1309 5109 ainſi
1382 4971 1431 5109 la
1516 4971 1845 5109 vigueur
1931 4971 1992 5109 de
2065 4971 2162 5109 ſon
2272 4971 2699 5109 eſtocade;

571 5100 875 5225 comme
943 5100 999 5225 on
1067 5100 1112 5225 le
1179 5100 1326 5225 voit
1382 5100 1877 5225 repreſenté.

1301 5263 1605 5465 Cercle
1843 5263 2103 5465 N.4.

1074 5460 1193 5601 Our
1288 5460 1538 5601 mettre
1610 5460 1681 5601 fin
1776 5460 1776 5601 à
1848 5460 2420 5601 l’execution,
2515 5460 2705 5601 ALE-

1047 5599 1383 5729 XANDRE
1430 5599 1789 5729 pourſuit
1836 5599 1882 5729 ſa
1940 5599 2207 5729 pointe
2265 5599 2265 5729 à
2358 5599 2694 5729 marcher

1086 5730 1097 5855 &
1156 5730 1402 5855 entrer
1460 5730 1624 5855 tout
1694 5730 1905 5855 d’une
1975 5730 2104 5855 tire
2174 5730 2362 5855 avec
2420 5730 2467 5855 le
2526 5730 2701 5855 pied

1043 5853 1230 5969 droit
1280 5853 1380 5969 ſur
1430 5853 1480 5969 le
1580 5853 1956 5969 Diametre
2006 5853 2231 5969 lettre
2343 5853 2381 5969 V,
2444 5853 2494 5969 où
2569 5853 2606 5969 il
2644 5853 2694 5969 ſe

575 5978 846 6104 charge
920 5978 1167 6104 deſſus
1204 5978 1253 6104 le
1352 5978 1611 6104 meſme
1698 5978 1932 6104 genou
1994 5978 2191 6104 plié,
2253 5978 2611 6104 ravivant
2660 5978 2697 6104 la

574 6097 906 6230 vigueur
992 6097 1053 6230 de
1127 6097 1225 6230 ſon
1323 6097 1692 6230 eſtocade
1765 6097 1778 6230 à
1851 6097 2097 6230 pleine
2170 6097 2441 6230 force,
2576 6097 2576 6230 &
2649 6097 2686 6230 la

564 6223 928 6357 pouſſant
998 6223 1010 6357 à
1092 6223 1385 6357 travers
1467 6223 1514 6357 le
1596 6223 1819 6357 corps
1901 6223 1948 6357 du
2101 6223 2546 6357 Contraire,
2628 6223 2675 6357 en

566 6357 766 6478 ſorte
837 6357 966 6478 que
1013 6357 1119 6478 les
1190 6357 1378 6478 deux
1460 6357 1731 6478 gardes
1778 6357 1825 6478 ſe
1908 6357 2496 6478 rencontrent,
2555 6357 2708 6478 ſans

572 6480 685 6605 luy
748 6480 1124 6605 relaſcher
1186 6480 1563 6605 pourtant
1638 6480 1675 6605 ſa
1726 6480 1964 6605 lame,
2026 6480 2202 6605 dont
2240 6480 2277 6605 il
2327 6480 2591 6605 pouſſe
2653 6480 2703 6605 la

585 6609 850 6728 pointe
910 6609 958 6728 en
1031 6609 1247 6728 angle
1308 6609 1452 6728 aigu
1536 6609 1693 6728 vers
1741 6609 1789 6728 le
1850 6609 2006 6728 bas,
2091 6609 2103 6728 &
2151 6609 2524 6728 l’enforce
2585 6609 2717 6728 tel-

571 6727 902 6852 lement,
972 6727 1126 6852 qu’il
1173 6727 1220 6852 le
1267 6727 1468 6852 jette
1515 6727 1527 6852 à
1574 6727 1939 6852 l’envers,
1998 6727 2305 6852 comme
2352 6727 2388 6852 il
2435 6727 2706 6852 appert

579 6857 640 6978 au
738 6857 1129 6978 pourtrait
1215 6857 1325 6978 des
1386 6857 1741 6978 figures,
1790 6857 1851 6978 au
1925 6857 2096 6978 pied
2157 6857 2353 6978 droit
2414 6857 2476 6978 de
2598 6857 2720 6978 ZA-

602 6978 967 7078 CHARIE,
1053 6978 1284 7078 eſtant
1357 6978 1528 7078 deſia
1613 6978 1857 7078 eſlevé
1942 6978 1991 7078 en
2064 6978 2210 7078 l’air
2271 6978 2283 7078 à
2356 6978 2563 7078 faute
2648 6978 2721 7078 de

578 7094 1040 7193 reſiſtence.
