5520 7640
2837 470 2936 597 ſer
3061 470 3061 597 &
3110 470 3496 597 aſſujettir
3558 470 3819 597 l’eſpee
3906 470 4316 597 contraire,
4379 470 4428 597 en
4515 470 4714 597 ſorte
4789 470 4951 597 qu’il

2833 599 2953 718 luy
3000 599 3263 718 rompt
3299 599 3358 718 le
3430 599 3728 718 deſſein,
3788 599 4087 718 comme
4134 599 4170 718 il
4230 599 4313 718 eſt
4361 599 4815 718 repreſenté
4862 599 4922 718 au

2883 720 3124 829 Cercle
3244 720 3284 829 N.
3364 720 3404 829 6.

2991 844 3099 982 Qui
3139 844 3301 982 plus
3368 844 3476 982 eſt,
3530 844 3570 982 Il
3624 844 3665 982 en
3746 844 3853 982 fait
3894 844 3934 982 la
4002 844 4406 982 pourſuite
4446 844 4729 982 juſqu’à
4783 844 4945 982 l’ex-

2846 970 3195 1093 ecution,
3271 970 3653 1093 marchant
3708 970 3893 1093 avec
3948 970 4002 1093 le
4079 970 4242 1093 pied
4330 970 4504 1093 droit
4592 970 4635 1093 en
4722 970 4952 1093 avant

2843 1095 2942 1222 ſur
2992 1095 3041 1222 le
3141 1095 3514 1222 Diametre
3563 1095 3576 1222 à
3638 1095 3687 1222 la
3750 1095 3973 1222 lettre
4073 1095 4135 1222 E,
4197 1095 4247 1222 où
4334 1095 4371 1222 il
4421 1095 4483 1222 ſe
4557 1095 4831 1222 charge
4893 1095 4942 1222 le

2856 1218 3072 1341 corps
3132 1218 3408 1341 deſſus,
3468 1218 3516 1341 en
3600 1218 3984 1341 graduant
4020 1218 4128 1341 les
4200 1218 4464 1341 eſpees
4536 1218 4596 1341 du
4680 1218 4824 1341 fort
4884 1218 4944 1341 le

2846 1344 3139 1464 foible,
3268 1344 3268 1464 &
3338 1344 3561 1464 tirant
3608 1344 3666 1464 le
3760 1344 4018 1464 meſme
4100 1344 4276 1464 coup
4358 1344 4792 1464 d’eſtocade
4862 1344 4920 1464 au

2866 1469 3064 1592 coſté
3150 1469 3335 1592 droit
3409 1469 3470 1592 de
3520 1469 4087 1592 l’Adverſaire,
4148 1469 4308 1592 qu’il
4370 1469 4580 1592 avoit
4641 1469 4863 1592 penſé
4937 1469 4949 1592 à

2853 1596 3033 1713 tirer
3081 1596 3177 1713 ſur
3225 1596 3381 1713 luy,
3441 1596 3741 1713 comme
3789 1596 3825 1713 il
3873 1596 4149 1713 appert
4197 1596 4245 1713 au
4365 1596 4605 1713 Cercle
4701 1596 4749 1713 N.
4809 1596 4821 1713 7

3007 1718 3054 1840 En
3138 1718 3209 1840 fin
3316 1718 3662 1840 Zacharie
3733 1718 3960 1840 ayant
4019 1718 4138 1840 fait
4186 1718 4567 1840 pluſieurs
4615 1718 4948 1840 preuves

2850 1841 2954 1962 ſur
3012 1841 3242 1962 ladite
3311 1841 3681 1962 poſture,
3761 1841 3807 1962 en
3888 1841 4269 1962 intention
4373 1841 4442 1962 de
4511 1841 4845 1962 toucher
4892 1841 4949 1962 le

2890 1965 3274 2085 Contraire
3358 1965 3658 2085 deſſous
3718 1965 3766 2085 le
3838 1965 4054 2085 bras,
4174 1965 4174 2085 &
4246 1965 4522 2085 voyant
4606 1965 4666 2085 qu
4714 1965 4750 2085 il
4798 1965 4930 2085 n’en

2848 2092 2860 2208 a
2928 2092 3052 2208 rien
3132 2092 3279 2208 ſceu
3381 2092 3812 2208 effeuer;
3869 2092 3926 2208 au
4028 2092 4413 2208 contraire
4493 2092 4958 2208 qu’Alexan-

2877 2216 2973 2339 dre
3058 2216 3106 2339 en
3190 2216 3202 2339 a
3275 2216 3395 2339 tiré
3468 2216 3588 2339 luy
3673 2216 3926 2339 meſme
4010 2216 4070 2339 de
4131 2216 4625 2339 l’avantage,
4685 2216 4963 2339 juſqu’à

2854 2340 2903 2459 le
2976 2340 3244 2459 bleſſer
3329 2340 3378 2459 en
3463 2340 3841 2459 pluſieurs
3902 2340 4146 2459 ſortes
4206 2340 4389 2459 ſelon
4474 2340 4523 2459 la
4608 2340 4962 2459 diverſité

2881 2465 2990 2578 des
3051 2465 3475 2578 occaſions,
3535 2465 3572 2578 en
3669 2465 4141 2578 conformité
4226 2465 4335 2578 des
4432 2465 4723 2578 Cercles
4819 2465 4856 2578 N.
4928 2465 4977 2578 8.

2893 2589 2928 2703 9.
2975 2589 3080 2703 10.
3126 2589 3197 2703 11.
3243 2589 3325 2703 12.
3430 2589 3430 2703 &
3488 2589 3570 2703 13.
3605 2589 3640 2703 il
3699 2589 4084 2703 cõmence
4154 2589 4154 2703 à
4247 2589 4516 2703 douter
4563 2589 4598 2703 ſi
4656 2589 4971 2703 l’erreur

2858 2714 2938 2833 ne
3006 2714 3359 2833 procede
3427 2714 3541 2833 pas
3621 2714 3894 2833 d’avoir
3973 2714 4440 2833 commencé
4508 2714 4508 2833 à
4588 2714 4974 2833 travailler

2889 2838 2950 2960 de
2999 2838 3158 2960 trop
3207 2838 3451 2960 loing,
3561 2838 3561 2960 &
3634 2838 3780 2960 qu’il
3829 2838 3964 2960 ſera
4049 2838 4281 2960 mieux
4354 2838 4416 2960 de
4477 2838 4684 2960 venir
4745 2838 4977 2960 preal-

2862 2961 3296 3079 lablement
3369 2961 3369 3079 à
3441 2961 3478 3079 la
3586 2961 3936 3079 Seconde
4021 2961 4431 3079 Inſtance,
4492 2961 4661 3079 ſous
4733 2961 4975 3079 eſpoir

2884 3088 3035 3206 qu’il
3092 3088 3139 3206 en
3219 3088 3531 3206 viendra
3589 3088 3705 3206 par
3751 3088 4201 3206 adventure
4248 3088 4259 3206 à
4317 3088 4559 3206 bout,
4629 3088 4640 3206 à
4721 3088 4975 3206 condi-

2864 3208 3000 3329 tion
3087 3208 3249 3329 qu’il
3286 3208 3522 3329 puiſſe
3584 3208 3770 3329 tenir
3807 3208 4081 3329 l’eſpee
4155 3208 4528 3329 contraire
4590 3208 4975 3329 aſſujettie

2883 3326 2935 3476 en
3012 3326 3051 3476 la
3129 3326 3375 3476 forme
3452 3326 3504 3476 du
3621 3326 3866 3476 Cercle
3970 3326 4009 3476 N.
4073 3326 4112 3476 5.
4254 3326 4306 3476 Ce
4397 3326 4500 3476 qui
4552 3326 4668 3476 luy
4733 3326 4824 3476 eſt
4888 3326 4992 3476 de-

2866 3461 3143 3550 rechef
3204 3461 3578 3550 accordé.
3699 3461 3747 3550 Et
3807 3461 3976 3550 ainſi

2953 3588 3427 3701 ALExandre
3486 3588 3545 3701 ſe
3604 3588 3663 3701 va
3722 3588 4018 3701 planter
4089 3588 4468 3701 autrefois
4527 3588 4622 3701 ſur
4681 3588 4728 3701 le
4835 3588 4977 3701 Cer-

2889 3712 2980 3830 cle
3044 3712 3328 3830 dedans
3367 3712 3419 3830 le
3535 3712 4013 3830 Quadrangle
4104 3712 4117 3830 A
4233 3712 4298 3830 C,
4350 3712 4479 3830 luy
4530 3712 4983 3830 preſentant

2873 3833 3143 3953 l’eſpee
3204 3833 3253 3953 en
3352 3833 3585 3953 droite
3634 3833 3892 3953 ligne:
4027 3833 4027 3953 Z
4088 3833 4383 3953 Acharie
4456 3833 4505 3953 ſe
4604 3833 4726 3953 met
4788 3833 4984 3953 alen-

2888 3958 3147 4078 contre
3221 3958 3270 4078 au
3418 3958 3898 4078 Quadrangle
3997 3958 4354 4078 oppoſite
4440 3958 4489 4078 en
4613 3958 4982 4078 Premiere

2883 4082 3235 4203 Inſtance
3296 4082 3466 4203 avec
3526 4082 3793 4203 l’eſpee
3854 4082 4218 4203 parallele
4266 4082 4327 4203 au
4412 4082 4763 4203 deſſous;
4824 4082 4994 4203 puis

2894 4206 3179 4327 marche
3250 4206 3428 4327 avec
3487 4206 3546 4327 le
3617 4206 3783 4327 pied
3878 4206 4056 4327 droit
4103 4206 4115 4327 à
4175 4206 4210 4327 la
4293 4206 4637 4327 Seconde
4696 4206 4815 4327 par
4886 4206 4992 4327 de-

2869 4331 2904 4449 là
2964 4331 3011 4449 le
3106 4331 3485 4449 Diametre
3556 4331 3781 4449 lettre
3876 4331 3923 4449 S,
3995 4331 4516 4449 pourſuivant
4587 4331 4587 4449 à
4670 4331 4990 4449 avancer

2873 4456 2923 4574 le
2972 4456 3145 4574 pied
3207 4456 3541 4574 gauche,
3578 4456 3677 4574 les
3738 4456 3998 4574 orteils
4047 4456 4146 4574 ſur
4196 4456 4245 4574 le
4332 4456 4702 4574 Diametre
4764 4456 4999 4574 oblic,

2940 4580 2940 4702 &
3004 4580 3055 4702 le
3131 4580 3310 4702 talon
3412 4580 3412 4702 à
3501 4580 3539 4702 la
3628 4580 3858 4702 lettre
3998 4580 4049 4702 V,
4189 4580 4189 4702 &
4266 4580 4636 4702 aſſujettir
4725 4580 4993 4702 l’eſpee

2893 4701 3498 4829 d’ALExandre;
3603 4701 3708 4829 qui
3801 4701 4034 4829 eſleve
4115 4701 4173 4829 au
4290 4701 4546 4829 meſme
4627 4701 4884 4829 temps
4942 4701 5000 4829 le

2869 4827 3037 4944 bras
3104 4827 3272 4944 avec
3328 4827 3362 4944 la
3440 4827 3652 4944 garde
3742 4827 3787 4944 en
3865 4827 4077 4944 haut,
4133 4827 4256 4944 s’en
4346 4827 4726 4944 couvrant
4782 4827 4838 4944 le
4916 4827 4994 4944 vi-

2872 4950 3088 5073 ſage;
3172 4950 3232 5073 de
3280 4950 3497 5073 façon
3593 4950 3725 5073 que
3833 4950 3833 5073 Z
3893 4950 4182 5073 acharie
4254 4950 4374 5073 s’en
4446 4950 4819 5073 retrouve
4879 4950 4999 5073 par

2900 5067 3033 5200 delà
3093 5067 3153 5200 le
3250 5067 3612 5200 Diametre
3684 5067 3732 5200 en
3793 5067 3841 5200 la
3937 5067 4191 5200 meſme
4239 5067 4589 5200 ſituation
4697 5067 4999 5200 qu’Ale-

2900 5199 3173 5317 xandre
3235 5199 3321 5317 eſt
3371 5199 3755 5317 pourtrait
3817 5199 3866 5317 au
3978 5199 4225 5317 Cercle
4324 5199 4362 5317 N.
4423 5199 4461 5317 5.

3654 5692 3960 5851 Cercle
4201 5692 4441 5851 N.6.

2914 5902 2947 6022 En
3014 5902 3137 6022 ſuite
3215 5902 3249 6022 de
3305 5902 3617 6022 l’operation
3707 5902 4086 6022 dernierement
4164 5902 4365 6022 deſcrite
4455 5902 4700 6022 Zacharie
4756 5902 4923 6022 taſche
4990 5902 5002 6022 à

3003 6031 3221 6151 frapper
3267 6031 3656 6151 l’Aderſaire
3713 6031 3897 6151 deſſous
3931 6031 3954 6151 le
4000 6031 4126 6151 bras,
4160 6031 4195 6151 en
4240 6031 4504 6151 avançant
4538 6031 4573 6151 le
4618 6031 4722 6151 pied
4779 6031 4893 6151 droit
4928 6031 5008 6151 ſur

3008 6154 3041 6269 le
3096 6154 3272 6269 Centre
3327 6154 3360 6269 du
3426 6154 3624 6269 Cercle,
3723 6154 3723 6269 &
3767 6154 3976 6269 voltant
4020 6154 4042 6269 le
4097 6154 4284 6269 gauche
4339 6154 4339 6269 à
4394 6154 4714 6269 l’advenant
4769 6154 5011 6269 derriere.

3053 6276 3235 6398 Dequoy
3314 6276 3610 6398 Alexandre
3655 6276 3723 6398 luy
3769 6276 3928 6398 rompt
3974 6276 3996 6398 le
4042 6276 4201 6398 coup,
4258 6276 4292 6398 ſe
4349 6276 4610 6398 tournant
4644 6276 4678 6398 le
4724 6276 4826 6398 bras
4928 6276 4928 6398 &
4974 6276 5008 6398 la

3019 6398 3175 6527 garde
3223 6398 3259 6527 en
3319 6398 3487 6527 debors
3548 6398 3584 6527 de
3620 6398 3752 6527 haut
3800 6398 3800 6527 à
3848 6398 3944 6527 bas,
3992 6398 4016 6527 de
4052 6398 4185 6527 ſorte
4233 6398 4353 6527 qu’il
4389 6398 4449 6527 luy
4497 6398 4774 6527 aſſujettit
4810 6398 5014 6527 l’eſpee.

3383 6539 3619 6653 Aiſant
3681 6539 3868 6653 donc
3955 6539 4415 6653 ZACHARIE
4465 6539 5012 6653 l’aſſujettiſſe-

3388 6667 3571 6781 ment
3639 6667 3696 6781 de
3742 6667 4016 6781 l’eſpee
4084 6667 4461 6781 contraire
4518 6667 4530 6781 à
4598 6667 4644 6781 la
4735 6667 5021 6781 Secon-

3376 6782 3439 6909 de
3528 6782 3946 6909 Inſtance,
4073 6782 4073 6909 &
4161 6782 4288 6909 que
4364 6782 4884 6909 l’Adverſaire
4960 6782 5011 6909 ſe

3354 6912 3614 7042 hauſſe
3661 6912 3720 7042 au
3814 6912 4073 7042 meſme
4120 6912 4379 7042 temps
4426 6912 4473 7042 le
4532 6912 4697 7042 bras
4744 6912 4921 7042 avec
4968 6912 5003 7042 la

4761 7042 5018 7161 garde,

573 464 790 596 outre
854 464 893 596 la
944 464 1174 596 lettre
1302 464 1314 596 Q
1378 464 1493 596 par
1570 464 1698 596 delà
1762 464 1826 596 le
1928 464 2350 596 Diametre,
2401 464 2452 596 ſe
2516 464 2682 596 pan-

577 587 795 718 chant
843 587 843 718 à
915 587 1253 718 l’envers
1326 587 1567 718 deſſus
1616 587 1664 718 le
1761 587 2075 718 meſme,
2135 587 2147 718 à
2220 587 2389 718 tout
2449 587 2497 718 le
2582 587 2691 718 ge-

557 714 691 837 nou
775 714 957 837 plié,
1066 714 1066 837 &
1151 714 1563 837 obſervant
1636 714 1684 837 au
1781 714 1963 837 reſte
2024 714 2133 837 les
2193 714 2690 837 particulari-

562 838 687 972 tez
749 838 812 972 de
862 838 1149 972 l’aion
1224 838 1737 972 repreſentée
1787 838 1850 972 au
1962 838 2200 972 Cercle
2325 838 2363 972 N.
2413 838 2450 972 3.

728 970 792 1089 Ce
882 970 1255 1089 qu’eſtant
1306 970 1460 1089 fait,
1524 970 1563 1089 il
1601 970 1961 1089 pourſuit
2025 970 2475 1089 l’operation
2552 970 2693 1089 juſ-

572 1092 714 1214 qu’à
761 1092 1247 1214 l’execution
1318 1092 1555 1214 finale,
1603 1092 1650 1214 en
1757 1092 2136 1214 marchant
2183 1092 2361 1214 avec
2409 1092 2468 1214 le
2515 1092 2693 1214 pied

586 1218 771 1341 droit
833 1218 833 1341 à
882 1218 932 1341 la
1018 1218 1623 1341 Circonference
1672 1218 1895 1341 lettre
2018 1218 2055 1341 V,
2105 1218 2154 1341 où
2216 1218 2253 1341 il
2302 1218 2351 1341 ſe
2413 1218 2685 1341 charge

558 1340 605 1469 le
688 1340 901 1469 corps
984 1340 1279 1469 deſſus,
1398 1340 1398 1469 &
1469 1340 1575 1469 par
1682 1340 1930 1469 meſme
2001 1340 2190 1469 voye
2261 1340 2687 1469 augmente

565 1467 660 1589 ſon
767 1467 1133 1589 eſtocade
1193 1467 1204 1589 à
1275 1467 1524 1589 pleine
1595 1467 1808 1589 force
1879 1467 1891 1589 à
1974 1467 2269 1589 travers
2328 1467 2388 1589 le
2482 1467 2695 1589 corps

589 1593 650 1709 de
687 1593 1116 1709 l’Ennemi,
1177 1593 1226 1709 en
1311 1593 1789 1709 conformité
1850 1593 1899 1709 du
2009 1593 2254 1709 Cercle
2364 1593 2413 1709 N.
2486 1593 2523 1709 4.

774 1716 1033 1837 Quand
1136 1716 1602 1837 ALExandre
1693 1716 1809 1837 fait
1887 1716 2689 1837 l’aſſujettiſſement,

578 1840 881 1963 comme
951 1840 986 1963 il
1068 1840 1149 1963 eſt
1219 1840 1324 1963 icy
1394 1840 1837 1963 pourtrait,
1919 1840 1977 1963 au
2094 1840 2350 1963 meſme
2443 1840 2700 1963 temps

584 1964 718 2090 que
779 1964 1305 2090 l’Adverſaire
1390 1964 1452 2090 ſe
1513 1964 1769 2090 hauſſe
1830 1964 1891 2090 le
1953 1964 2111 2090 bras
2185 1964 2356 2090 avec
2429 1964 2466 2090 la
2551 1964 2698 2090 gar-

596 2090 693 2212 de,
742 2090 936 2212 pour
996 2090 1045 2212 ſe
1105 2090 1408 2212 couvrir
1469 2090 1529 2212 le
1602 2090 1905 2212 viſage,
1978 2090 2026 2212 Il
2087 2090 2269 2212 peut
2329 2090 2523 2212 auſsi
2596 2090 2705 2212 en-

571 2215 711 2336 trer
769 2215 955 2336 avec
1002 2215 1048 2336 le
1118 2215 1292 2336 pied
1362 2215 1548 2336 droit
1606 2215 1711 2336 par
1781 2215 1827 2336 la
1897 2215 2106 2336 trace
2176 2215 2234 2336 de
2292 2215 2327 2336 la
2432 2215 2688 2336 meſme

621 2338 1070 2462 Collaterale
1121 2338 1608 2462 interieure,
1659 2338 1723 2462 où
1788 2338 1826 2462 il
1877 2338 1967 2462 eſt
2031 2338 2339 2462 planté,
2403 2338 2685 2462 juſqu’à

563 2464 613 2588 la
675 2464 912 2588 lettre
1024 2464 1074 2588 Q,
1149 2464 1186 2588 en
1274 2464 1798 2588 pourſuivant
1872 2464 1922 2588 du
2010 2464 2184 2588 pied
2246 2464 2571 2588 gauche,
2683 2464 2695 2588 &

579 2587 901 2706 bleſſant
949 2587 996 2706 ſa
1056 2587 1294 2706 partie
1354 2587 1712 2706 adverſe,
1747 2587 1914 2706 tout
1998 2587 2057 2706 de
2141 2587 2391 2706 meſme
2463 2587 2701 2706 qu’au-

573 2711 983 2836 paravant,
1053 2711 1346 2836 deſſous
1405 2711 1464 2836 le
1510 2711 1675 2836 bras
1757 2711 2237 2836 moyennant
2272 2711 2319 2836 la
2401 2711 2706 2836 gradua-

578 2835 712 2959 tion
834 2835 946 2959 des
1013 2835 1303 2959 lames,
1393 2835 1437 2959 ſe
1549 2835 1862 2959 mettant
1940 2835 2052 2959 par
2108 2835 2699 2959 l’avancement

587 2959 649 3083 du
747 2959 968 3083 corps
1042 2959 1386 3083 panché,
1460 2959 1509 3083 au
1620 2959 1902 3083 dedans
1988 2959 2050 3083 de
2124 2959 2394 3083 l’angle
2480 2959 2541 3083 de
2591 2959 2701 3083 l’e-

571 3084 748 3209 ſpee
810 3084 1238 3209 contraire,
1263 3084 1616 3209 laquelle
1653 3084 1691 3209 il
1741 3084 1741 3209 a
1804 3084 2182 3209 ſurprinſe
2295 3084 2308 3209 &
2370 3084 2723 3209 deſtour-

573 3211 714 3332 née
797 3211 844 3332 en
938 3211 1220 3332 dehors
1291 3211 1561 3332 arriere
1632 3211 1703 3332 de
1773 3211 1926 3332 ſoy.

751 3331 799 3455 Or
847 3331 1063 3455 apres
1135 3331 1759 3455 qu’ALExandre
1831 3331 1831 3455 a
1891 3331 2335 3455 parachevé
2395 3331 2586 3455 ceſte
2658 3331 2706 3455 o-

589 3456 934 3580 peration
1008 3456 1008 3580 à
1082 3456 1414 3580 diverſes
1488 3456 1660 3580 fois,
1697 3456 1857 3580 ſans
1919 3456 2054 3580 que
2103 3456 2620 3580 l’Adverſaire
2706 3456 2706 3580 y

584 3580 667 3701 ait
714 3580 869 3701 ſceu
964 3580 1249 3701 donner
1296 3580 1652 3701 remede,
1688 3580 2187 3701 nonobſtant
2246 3580 2412 3701 qu’il
2448 3580 2531 3701 ait
2591 3580 2709 3701 fait

584 3705 691 3825 ſon
774 3705 1036 3825 devoir
1083 3705 1083 3825 à
1143 3705 1191 3825 la
1262 3705 1571 3825 divertir
1631 3705 1678 3825 en
1750 3705 2142 3825 pluſieurs
2190 3705 2463 3825 ſortes;
2523 3705 2713 3825 ledit

625 3828 1060 3950 Adverſaire
1108 3828 1168 3950 ſe
1241 3828 1289 3950 va
1349 3828 1808 3950 perſuader,
1880 3828 2037 3950 qu’il
2098 3828 2134 3950 en
2218 3828 2363 3950 fera
2424 3828 2593 3950 tout
2653 3828 2713 3950 le

623 3954 873 4075 meſme
944 3954 956 4075 à
1052 3954 1528 4075 Alexandre,
1599 3954 2076 4075 moyennant
2159 3954 2314 4075 qu’il
2374 3954 2493 4075 luy
2564 3954 2731 4075 pre-

584 4074 789 4197 ſente
850 4074 1007 4197 ſans
1043 4074 1212 4197 plus
1248 4074 1526 4197 l’eſpee
1586 4074 1635 4197 en
1695 4074 1731 4197 la
1816 4074 2081 4197 meſme
2130 4074 2468 4197 poſture.
2540 4074 2721 4197 Dont

583 4200 617 4320 il
664 4200 710 4320 le
768 4200 1116 4320 requiert
1174 4200 1754 4320 amiablement
1836 4200 1894 4320 de
1986 4200 2033 4320 ce
2091 4200 2300 4320 faire,
2381 4200 2567 4320 pour
2648 4200 2694 4320 en

591 4330 737 4444 voir
782 4330 826 4444 la
883 4330 1208 4444 preuve.

746 4442 849 4537 Par
918 4442 1090 4537 ainſi
1181 4442 1365 4537 donc
1456 4442 1926 4537 ALExandre
1995 4442 2075 4537 ne
2144 4442 2189 4537 le
2270 4442 2579 4537 voulant
2670 4442 2716 4537 e-

581 4569 1045 4689 ſconduire,
1115 4569 1173 4689 ſe
1254 4569 1312 4689 va
1416 4569 1671 4689 mettre
1729 4569 1787 4689 le
1857 4569 2205 4689 premier
2274 4569 2321 4689 en
2402 4569 2715 4689 poſture

594 4693 689 4823 ſur
743 4693 798 4823 le
907 4693 1383 4823 Quadrangle
1464 4693 1478 4823 A
1587 4693 1628 4823 C,
1669 4693 1723 4823 le
1777 4693 1954 4823 pied
2036 4693 2213 4823 droit
2281 4693 2295 4823 à
2363 4693 2594 4823 lettre
2689 4693 2730 4823 C,

650 4817 650 4938 &
699 4817 966 4938 l’autre
1015 4817 1112 4938 ſur
1161 4817 1198 4938 la
1258 4817 1465 4938 ligne
1538 4817 1830 4938 Pedale,
1891 4817 2159 4938 tenant
2219 4817 2487 4938 l’eſpee
2548 4817 2718 4938 tout

615 4940 676 5065 de
762 4940 1069 5065 meſme,
1155 4940 1413 5065 qu’elle
1499 4940 1708 5065 avoit
1782 4940 1917 5065 eſté
1991 4940 2409 5065 preſentée
2470 4940 2593 5065 par
2667 4940 2716 5065 le

630 5065 1016 5166 Contraire
1077 5065 1125 5166 au
1234 5065 1475 5166 Cercle
1596 5065 1632 5166 N.
1681 5065 1717 5166 1.
1850 5065 2019 5166 Pour
2067 5065 2453 5166 travailler
2538 5065 2719 5166 donc

593 5188 1064 5310 alencontre
1173 5188 1173 5310 Z
1234 5188 1536 5310 Acharie
1584 5188 1633 5310 ſe
1729 5188 1850 5310 met
1923 5188 1971 5310 le
2043 5188 2213 5310 pied
2297 5188 2587 5310 gauche
2660 5188 2696 5310 en

624 5313 1004 5437 Premiere
1070 5313 1423 5437 Inſtance
1489 5313 1502 5437 à
1554 5313 1594 5437 la
1646 5313 1882 5437 lettre
1974 5313 1987 5437 X
2039 5313 2092 5437 au
2236 5313 2720 5437 Quadrangle

604 5436 1006 5565 oppoſite,
1101 5436 1113 5565 &
1184 5436 1918 5565 conſequemment
1965 5436 2013 5565 ſe
2095 5436 2155 5565 va
2226 5436 2569 5565 pancher
2616 5436 2723 5565 ſur

589 5561 648 5686 le
719 5561 1024 5686 devant,
1071 5561 1118 5686 en
1201 5561 1530 5686 eſlevant
1577 5561 1624 5686 le
1683 5561 1847 5686 pied
1918 5561 1988 5686 de
2047 5561 2376 5686 derriere
2435 5561 2482 5686 en
2552 5561 2729 5686 l’air,

654 5690 666 5817 &
725 5690 1112 5817 couvrant
1183 5690 1242 5817 de
1289 5690 1406 5817 par
1477 5690 1759 5817 enhaut
1806 5690 2076 5817 l’eſpee
2147 5690 2570 5817 contraire,
2629 5690 2734 5817 cõ-

633 5810 705 5910 me
754 5810 790 5910 il
839 5810 851 5910 a
924 5810 1033 5910 veu
1106 5810 1288 5910 faire
1336 5810 1348 5910 à
1433 5810 1870 5910 Alexandre
1919 5810 2137 5910 audit
2234 5810 2465 5910 Cercle
2574 5810 2610 5910 N.
2659 5810 2695 5910 1.

751 5938 926 6066 Pour
984 5938 1404 6066 continuer
1451 5938 1906 6066 l’operation
2023 5938 2373 6066 ZAcharie
2455 5938 2735 6066 s’avan-

608 6055 667 6184 ce
737 6055 926 6184 avec
984 6055 1032 6184 le
1114 6055 1279 6184 pied
1373 6055 1608 6184 droit,
1667 6055 1855 6184 pour
1925 6055 2055 6184 luy
2137 6055 2431 6184 donner
2490 6055 2737 6184 l’eſto-

608 6182 780 6288 cade
837 6182 894 6288 au
997 6182 1192 6288 coſté
1272 6182 1570 6288 deſſous
1627 6182 1730 6288 les
1798 6182 2085 6288 armes,
2165 6182 2462 6288 comme
2542 6182 2600 6288 on
2680 6182 2725 6288 le

608 6304 751 6439 voit
810 6304 1262 6439 repreſenté
1334 6304 1393 6439 au
1512 6304 1750 6439 Cercle
1869 6304 1905 6439 N.
1964 6304 2000 6439 2.
2119 6304 2273 6439 mais
2321 6304 2369 6439 au
2476 6304 2726 6439 meſme

603 6429 864 6566 temps
926 6429 1076 6566 qu’il
1113 6429 1238 6566 luy
1300 6429 1636 6566 deſcend
1686 6429 1723 6566 ſa
1785 6429 2047 6566 pointe
2097 6429 2258 6566 ſous
2308 6429 2346 6566 la
2408 6429 2731 6566 garde&

599 6562 656 6678 le
724 6562 940 6678 bras,
1031 6562 1042 6678 A
1121 6562 1553 6678 LEXandre,
1621 6562 1893 6678 tenant
1939 6562 2041 6678 les
2132 6562 2381 6678 eſpees
2449 6562 2733 6678 accou-

604 6680 841 6811 plées,
876 6680 936 6811 ſe
995 6680 1279 6811 tourne
1350 6680 2002 6811 circulairement
2049 6680 2097 6811 le
2156 6680 2322 6811 bras
2428 6680 2428 6811 &
2476 6680 2523 6811 la
2594 6680 2736 6811 gar-

628 6800 687 6912 de
745 6800 792 6912 en
885 6800 1165 6912 dehors
1224 6800 1224 6912 à
1317 6800 1457 6912 main
1551 6800 1784 6912 droite
1866 6800 2030 6912 vers
2088 6800 2135 6912 le
2205 6800 2380 6912 bas,
2438 6800 2730 6912 laiſſant

641 6932 917 7067 monter
985 6932 1020 7067 ſa
1100 6932 1376 7067 pointe
1433 6932 1490 7067 au
1582 6932 2030 7067 contraire,
2110 6932 2282 7067 dont
2328 6932 2362 7067 il
2420 6932 2477 7067 va
2557 6932 2741 7067 croi-
