5520 7640
3649 454 3958 611 Cercle
4178 454 4443 611 N.9.

3352 638 3501 789 ’Eſt
3563 638 3601 789 la
3687 638 3911 789 finale
3986 638 4408 789 execution
4532 638 4594 789 de
4669 638 4706 789 la
4793 638 5053 789 prece-

3385 765 3635 918 dente,
3707 765 4171 918 pourſuivie
4254 765 4302 918 en
4385 765 4719 918 rigueur
4779 765 4898 918 par
4993 765 5041 918 A-

3371 886 3893 1044 LEXANDRE,
3963 886 3974 1044 à
4079 886 4415 1044 marcher
4497 886 4682 1044 avec
4752 886 4798 1044 le
4868 886 5042 1044 pied

3385 1014 3559 1146 droit
3609 1014 3721 1146 ſur
3770 1014 3820 1146 le
3907 1014 4293 1146 Diametre
4343 1014 4579 1146 lettre
4654 1014 4704 1146 E,
4766 1014 4816 1146 où
4903 1014 4940 1146 il
4990 1014 5040 1146 ſe

2895 1135 3207 1303 panche
3267 1135 3315 1303 le
3399 1135 3615 1303 corps
3687 1135 3963 1303 deſſus,
4036 1135 4084 1303 en
4192 1135 4576 1303 graduant
4648 1135 4744 1303 les
4804 1135 5044 1303 lames

2915 1263 3035 1426 d’un
3107 1263 3275 1426 bras
3335 1263 3539 1426 roide
3647 1263 3647 1426 &
3720 1263 4080 1426 eſtendu,
4128 1263 4200 1426 de
4248 1263 4440 1426 ſorte
4513 1263 4645 1426 que
4693 1263 4801 1426 les
4861 1263 5041 1426 deux

2909 1390 3176 1554 gardes
3223 1390 3269 1554 ſe
3327 1390 3862 1554 rencontrent
3920 1390 3955 1554 ſi
4002 1390 4501 1554 rudement,
4583 1390 4711 1554 que
4757 1390 4815 1554 le
4885 1390 5036 1554 bras

2911 1515 2962 1676 du
3088 1515 3479 1676 Contraire
3568 1515 3618 1676 en
3719 1515 3807 1676 eſt
3871 1515 4085 1676 forcé
4148 1515 4161 1676 à
4237 1515 4287 1676 ſe
4338 1515 4577 1676 plier,
4742 1515 4742 1676 &
4805 1515 5044 1676 laiſſer

2923 1642 3206 1812 monter
3252 1642 3297 1812 ſa
3365 1642 3637 1812 pointe
3705 1642 3750 1812 en
3829 1642 4044 1812 haut,
4112 1642 4158 1812 en
4237 1642 4633 1812 recevant
4679 1642 4735 1812 le
4803 1642 4973 1812 coup
5030 1642 5041 1812 à

2891 1770 3158 1925 pleine
3227 1770 3436 1925 force
3483 1770 3494 1925 à
3564 1770 3855 1925 travers
3913 1770 3947 1925 ſa
4029 1770 4261 1925 teſte;
4319 1770 4633 1925 comme
4691 1770 4726 1925 il
4807 1770 4888 1925 eſt
4958 1770 5051 1925 re-

2891 1917 3254 2057 preſenté
3317 1917 3429 2057 par
3479 1917 3680 2057 leurs
3730 1917 4068 2057 figures.

3626 2403 3946 2564 Cercle
4266 2403 4472 2564 .10.

3414 2588 3565 2752 Oicy
3678 2588 4129 2752 ZACHARIE
4217 2588 4330 2752 qui
4392 2588 4405 2752 a
4480 2588 4606 2752 fait
4693 2588 4957 2752 encore
5007 2588 5044 2752 la

3390 2737 3658 2865 meſme
3706 2737 4047 2865 preuve,
4108 2737 4303 2865 pour
4364 2737 4644 2865 bleſſer
4705 2737 5046 2865 l’Adver-

3359 2866 3542 2985 ſaire
3628 2866 3676 2985 en
3749 2866 3798 2985 la
3908 2866 4164 2985 meſme
4249 2866 4444 2985 ſorte
4554 2866 4688 2985 que
4773 2866 5054 2985 deſſus:

3390 2993 3973 3115 ALEXANDRE
4010 2993 4146 3115 luy
4220 2993 4605 3115 aſſujettit
4691 2993 5063 3115 derechef

2900 3119 2948 3212 la
2996 3119 3198 3212 lame
3258 3119 3318 3212 en
3401 3119 3890 3212 conformité
3973 3119 4033 3212 du
4140 3119 4391 3212 Cercle
4510 3119 4546 3212 N.
4629 3119 4665 3212 6.
4772 3119 4916 3212 mais
4987 3119 5035 3212 au

2903 3242 3035 3365 lieu
3119 3242 3179 3365 de
3239 3242 3587 3365 reculer,
3623 3242 3671 3365 il
3719 3242 3875 3365 s’eſt
3935 3242 4235 3365 avancé
4283 3242 4475 3365 avec
4535 3242 4583 3365 le
4643 3242 4811 3365 pied
4883 3242 5051 3365 droit

2902 3373 3013 3494 ſur
3050 3373 3112 3494 le
3198 3373 3581 3494 Diametre
3631 3373 3865 3494 lettre
3964 3373 4001 3494 E,
4063 3373 4112 3494 où
4186 3373 4223 3494 il
4272 3373 4322 3494 ſe
4371 3373 4680 3494 panche
4729 3373 4779 3494 le
4853 3373 5050 3494 corps

2932 3494 3168 3620 deſſus
3217 3494 3279 3620 au
3366 3494 3663 3620 dedans
3738 3494 3812 3620 de
3874 3494 4184 3620 l’angle,
4258 3494 4791 3620 pourſuivant
4841 3494 4841 3620 à
4903 3494 5064 3620 trai-

2903 3626 3035 3747 ner
3094 3626 3751 3747 circulairement
3811 3626 3859 3747 le
3918 3626 4097 3747 pied
4169 3626 4456 3747 gauche
4527 3626 4778 3747 apres,
4886 3626 4886 3747 &
4957 3626 5053 3747 de-

2904 3748 3272 3875 ſtachant
3331 3748 3391 3875 au
3509 3748 3770 3875 meſme
3830 3748 4091 3875 temps
4150 3748 4245 3875 les
4317 3748 4625 3875 eſpees,
4732 3748 4780 3875 en
4863 3748 5053 3875 ſorte

2920 3876 3088 3997 qu’il
3124 3876 3244 3997 luy
3328 3876 3568 3997 donne
3628 3876 3700 3997 un
3784 3876 3964 3997 coup
4036 3876 4108 3997 de
4156 3876 4420 3997 revers
4480 3876 4528 3997 au
4612 3876 4804 3997 coſté
4876 3876 5056 3997 droit

2929 4002 2989 4127 de
3037 4002 3085 4127 la
3145 4002 3372 4127 teſte;
3432 4002 3743 4127 comme
3791 4002 3899 4127 les
3946 4002 4246 4127 figures
4329 4002 4916 4127 demonſtrent.

3657 4517 3968 4679 Cercle
4213 4517 4480 4679 N.
4369 4517 4480 4679 11.

3402 4708 3784 4859 ACHARIE
3860 4708 4341 4859 retournant
4406 4708 4417 4859 à
4515 4708 4821 4859 vouloir
4908 4708 5061 4859 don-

3378 4840 3499 4986 ner
3576 4840 3863 4986 encore
3929 4840 3962 4986 la
4072 4840 4337 4986 meſme
4403 4840 4745 4986 atteinte
4822 4840 4833 4986 à
4921 4840 5065 4986 Ale-

3400 4981 3679 5113 xandre
3764 4981 4080 5113 deſſous
4141 4981 4189 5113 le
4262 4981 4432 5113 bras
4517 4981 4578 5113 de
4663 4981 4699 5113 la
4809 4981 5076 5113 Secon-

3394 5106 3459 5237 de
3523 5106 3924 5237 Inſtance,
3989 5106 4028 5237 il
4105 5106 4118 5237 y
4183 5106 4274 5237 eſt
4338 5106 4713 5237 derechef
4778 5106 5063 5237 attrapé

2957 5234 3438 5354 moyennant
3498 5234 3967 5354 l’operation
4076 5234 4124 5354 du
4256 5234 4509 5354 Cercle
4629 5234 4677 5354 N.
4761 5234 4797 5354 6.
4906 5234 5074 5354 dont

2951 5360 3498 5483 ALEXANDRE
3572 5360 3693 5483 luy
3766 5360 3998 5483 ayant
4071 5360 4424 5483 enfermé
4557 5360 4557 5483 &
4618 5360 4971 5483 aſſujetti
5020 5360 5057 5483 la

2917 5485 3148 5588 lame,
3225 5485 3610 5588 continue
3676 5485 3687 5588 à
3753 5485 4194 5588 travailler,
4282 5485 4326 5588 en
4447 5485 4832 5588 marchant
4898 5485 5063 5588 avec

2926 5610 2974 5729 le
3034 5610 3213 5729 pied
3296 5610 3475 5729 droit
3547 5610 3607 5729 vn
3678 5610 3798 5729 peu
3881 5610 3929 5729 au
4024 5610 4311 5729 dehors
4371 5610 4418 5729 du
4550 5610 4800 5729 Cercle
4872 5610 5063 5729 entre

2952 5735 3132 5872 deux
3192 5735 3301 5872 les
3361 5735 3649 5872 lettres
3734 5735 3746 5872 D
3866 5735 3866 5872 &
3938 5735 3986 5872 F,
4058 5735 4588 5872 pourſuivant
4648 5735 5081 5872 circulaire-

2961 5859 3141 5991 ment
3213 5859 3394 5991 avec
3442 5859 3490 5991 le
3550 5859 3718 5991 pied
3778 5859 4115 5991 gauche,
4223 5859 4235 5991 &
4307 5859 4836 5991 deſgraduant
4896 5859 5065 5991 avec

2920 5984 2967 6119 ſa
3014 5984 3213 6119 lame
3283 5984 3553 6119 devers
3600 5984 3635 6119 la
3705 5984 3975 6119 pointe
4057 5984 4503 6119 contraire,
4573 5984 4585 6119 y
4655 5984 4924 6119 faiſant
4995 5984 5042 6119 vn

2932 6105 3125 6228 petit
3173 6105 3692 6228 pouſſement
3752 6105 3994 6228 deſſus
4042 6105 4319 6228 avecle
4368 6105 4536 6228 bras
4597 6105 5067 6228 deſcendant

2987 6234 2987 6365 &
3037 6234 3050 6365 à
3100 6234 3312 6365 l’aide
3387 6234 3437 6365 du
3512 6234 3887 6365 poignet,
3949 6234 4274 6365 dequoy
4336 6234 4374 6365 il
4436 6234 4761 6365 amortit
4823 6234 4873 6365 le
4936 6234 5086 6365 ſen-

2920 6360 3246 6467 timent,
3367 6360 3379 6467 &
3451 6360 3512 6467 au
3632 6360 3886 6467 meſme
3958 6360 4248 6467 inſtant
4308 6360 4345 6467 il
4429 6360 4477 6467 en
4586 6360 4731 6467 oſte
4791 6360 4828 6467 la
4912 6360 5081 6467 ſien-

2919 6483 3039 6618 ne,
3087 6483 3122 6618 la
3230 6483 3529 6618 menant
3577 6483 3696 6618 par
3780 6483 4019 6618 deſſus
4067 6483 4115 6618 ſa
4186 6483 4378 6618 teſte
4437 6483 4557 6618 par
4617 6483 4676 6618 le
4772 6483 5071 6618 mouve-

2953 6606 3141 6748 ment
3200 6606 3259 6748 du
3365 6606 3647 6748 coude,
3706 6606 3753 6748 en
3847 6606 4153 6748 voltant
4200 6606 4259 6748 le
4306 6606 4483 6748 pied
4565 6606 4859 6748 gauche
4942 6606 5083 6748 der-

2926 6734 3110 6871 riere
3144 6734 3453 6871 l’autre,
3545 6734 3545 6871 &
3602 6734 4060 6871 preſentant
4129 6734 4175 6871 en
4255 6734 4690 6871 courtoiſie
4736 6734 4805 6871 un
4885 6734 5068 6871 coup

2945 6853 2995 6978 de
3069 6853 3268 6978 taille
3343 6853 3343 6978 à
3417 6853 3740 6978 l’oreille
3839 6853 4124 6978 gauche
4224 6853 4286 6978 de
4360 6853 4459 6978 ſon
4584 6853 5080 6978 Adverſaire;

2929 6981 3231 7109 comme
3279 6981 3315 7109 il
3376 6981 3424 7109 ſe
3496 6981 3641 7109 voit
3714 6981 3762 7109 en
3834 6981 3871 7109 la
3931 6981 4209 7109 figure.

629 479 883 638 garde,
944 479 1113 638 dont
1161 479 1198 638 il
1234 479 1294 638 ſe
1355 479 1633 638 couvre
1681 479 1730 638 le
1802 479 2068 638 viſage,
2117 479 2298 638 avec
2347 479 2395 638 la
2455 479 2721 638 pointe

629 618 1189 758 deſcendante:
1272 618 1320 758 En
1379 618 1808 758 ſemblable
1903 618 1903 758 Z
1963 618 2034 758 AC
2117 618 2332 758 HARIE
2379 618 2725 758 travaille

610 741 668 877 au
761 741 1027 877 meſme
1073 741 1327 877 temps
1385 741 1883 877 alencontre,
1940 741 2241 877 laiſſant
2310 741 2727 877 deſcendre

605 863 652 1009 ſa
722 863 1016 1009 pointe,
1122 863 1122 1009 &
1192 863 1568 1009 graduant
1626 863 1720 1009 les
1767 863 2037 1009 lames,
2108 863 2155 1009 en
2237 863 2624 1009 avançant
2683 863 2730 1009 le

609 992 779 1130 pied
876 992 1058 1130 droit
1118 992 1446 1130 juſqu’au
1567 992 1822 1130 Centre
1906 992 1955 1130 du
2076 992 2355 1130 Cercle,
2404 992 2585 1130 avec
2646 992 2743 1130 in-

615 1108 905 1247 tention
986 1108 1056 1247 de
1125 1108 1357 1247 volter
1404 1108 1462 1247 le
1520 1108 1682 1247 pied
1752 1108 2042 1247 gauche
2088 1108 2483 1247 alenvers,
2587 1108 2587 1247 &
2668 1108 2726 1247 de

609 1231 883 1377 bleſſer
954 1231 1061 1377 par
1156 1231 1406 1377 meſme
1477 1231 1668 1377 voye
1739 1231 1834 1377 ſon
1953 1231 2346 1377 Contraire
2393 1231 2453 1377 au
2536 1231 2727 1377 coſté

629 1363 811 1507 droit
884 1363 1187 1507 deſſous
1224 1363 1321 1507 les
1369 1363 1660 1507 armes.
1757 1363 1794 1507 Et
1866 1363 2024 1507 puis
2085 1363 2242 1507 qu’il
2291 1363 2412 1507 fait
2461 1363 2509 1507 le
2570 1363 2728 1507 tout

626 1484 686 1626 de
757 1484 900 1626 fort
972 1484 1174 1626 pres,
1234 1484 1556 1626 aſſavoir
1651 1484 1711 1626 de
1771 1484 1806 1626 la
1890 1484 2248 1626 Seconde
2319 1484 2736 1626 Inſtance,

638 1604 650 1748 A
719 1604 1211 1748 LEXANDRE
1279 1604 1325 1748 ſe
1382 1604 1611 1748 retire
1680 1604 1737 1748 au
1840 1604 2103 1748 meſme
2160 1604 2412 1748 temps
2458 1604 2503 1748 le
2561 1604 2732 1748 pied

622 1738 912 1870 gauche
982 1738 1052 1870 un
1144 1738 1260 1870 peu
1365 1738 1411 1870 en
1492 1738 1771 1870 arriere
1840 1738 1898 1870 au
2014 1738 2293 1870 dehors
2374 1738 2420 1870 du
2571 1738 2734 1870 Qua-

625 1859 955 1992 drangle,
991 1859 1052 1992 où
1113 1859 1150 1992 il
1199 1859 1321 1992 fait
1357 1859 1394 1992 la
1479 1859 1748 1992 charge
1809 1859 1870 1992 du
1943 1859 2163 1992 corps
2224 1859 2456 1992 deſſus
2504 1859 2517 1992 à
2565 1859 2736 1992 pan-

625 1985 783 2113 cher
862 1985 918 2113 vn
997 1985 1120 2113 peu
1210 1985 1604 2113 alenvers,
1728 1985 1728 2113 &
1806 1985 2267 2113 pourſuivre
2346 1985 2414 2113 de
2459 1985 2728 2113 l’autre

608 2105 778 2241 pied
846 2105 846 2241 à
925 2105 1425 2241 l’advenant;
1527 2105 2162 2241 enſemblement
2230 2105 2276 2241 ſe
2355 2105 2741 2241 tournant

599 2229 800 2373 (ſans
871 2229 1263 2373 deſtacher
1322 2229 1428 2373 les
1476 2229 1760 2373 lames)
1820 2229 1867 2373 le
1938 2229 2104 2373 bras
2187 2229 2365 2373 droit
2436 2229 2626 2373 avec
2685 2229 2720 2373 la

628 2349 841 2498 garde
929 2349 992 2498 de
1054 2349 1318 2498 l’eſpee
1393 2349 1393 2498 à
1468 2349 1681 2498 l’aide
1744 2349 1806 2498 du
1894 2349 2220 2498 poignet
2295 2349 2746 2498 circulaire-

627 2478 806 2591 ment
896 2478 963 2591 de
1008 2478 1187 2591 haut
1244 2478 1255 2591 à
1311 2478 1423 2591 bas
1501 2478 1546 2591 en
1658 2478 1927 2591 dehors
2039 2478 2050 2591 &
2118 2478 2118 2591 à
2218 2478 2364 2591 main
2454 2478 2723 2591 droite:

627 2602 795 2745 dont
843 2602 879 2745 il
939 2602 1288 2745 enferme
1396 2602 1408 2745 &
1468 2602 1853 2745 aſſujettit
1901 2602 2022 2745 par
2094 2602 2142 2745 en
2214 2602 2394 2745 haut
2454 2602 2731 2745 l’eſpee

611 2725 1038 2866 contraire;
1096 2725 1500 2866 enſuivant
1546 2725 1592 2866 le
1650 2725 2043 2866 pourtrait
2112 2725 2216 2866 des
2274 2725 2597 2866 figures.

1344 2917 1652 3077 Cercle
1916 2917 2158 3077 N.7.

1087 3122 1549 3262 LEXANDRE
1608 3122 1975 3262 pourſuit
2034 3122 2140 3262 ſon
2235 3122 2732 3262 advantage,

1063 3255 1108 3376 en
1188 3255 1575 3376 tournant
1620 3255 1666 3376 le
1723 3255 1916 3376 bras,
2030 3255 2030 3376 &
2098 3255 2747 3376 enſemblement

1049 3376 1084 3497 la
1143 3376 1495 3497 branche
1542 3376 1988 3497 interieure
2058 3376 2128 3497 de
2175 3376 2222 3497 ſa
2293 3376 2515 3497 garde
2574 3376 2750 3497 con-

1050 3504 1409 3622 tremont
1468 3504 1468 3622 à
1528 3504 1743 3622 l’aide
1815 3504 1863 3622 du
1934 3504 2305 3622 poignet,
2388 3504 2448 3622 de
2508 3504 2723 3622 façon

610 3630 771 3745 qu’il
817 3630 1150 3745 accueilt
1265 3630 1276 3745 &
1334 3630 1679 3745 enferme
1736 3630 1920 3745 avec
1966 3630 2230 3745 l’autre
2288 3630 2644 3745 branche
2690 3630 2736 3745 la

585 3733 777 3886 lame
861 3733 1305 3886 contraire,
1365 3733 1713 3886 laquelle
1773 3733 1809 3886 il
1869 3733 2229 3886 pourſuit
2289 3733 2301 3886 à
2373 3733 2733 3886 destour-

586 3881 714 4000 ner
784 3881 1064 4000 arriere
1146 3881 1215 4000 de
1285 3881 1460 4000 ſoy,
1612 3881 1612 4000 &
1682 3881 1694 4000 à
1787 3881 2102 4000 graduer
2183 3881 2230 4000 en
2347 3881 2743 4000 marchant

593 4007 769 4127 avec
819 4007 870 4127 le
933 4007 1097 4127 pied
1185 4007 1374 4127 droit
1424 4007 1424 4127 à
1487 4007 1714 4127 lettre
1815 4007 1853 4127 E,
1928 4007 1979 4127 où
2067 4007 2092 4127 il
2155 4007 2281 4127 fait
2331 4007 2382 4127 la
2457 4007 2735 4127 charge

608 4130 670 4251 du
771 4130 983 4251 corps
1071 4130 1347 4251 deſſus,
1384 4130 1685 4251 laiſſant
1735 4130 2023 4251 trainer
2086 4130 2136 4251 le
2211 4130 2374 4251 pied
2449 4130 2737 4251 gauche

596 4256 668 4375 un
741 4256 862 4375 peu
934 4256 934 4375 à
995 4256 1490 4375 l’advenant,
1575 4256 1587 4375 &
1635 4256 1973 4375 bleſſant
2046 4256 2106 4375 de
2191 4256 2445 4375 meſme
2493 4256 2541 4375 ſa
2602 4256 2759 4375 par-

609 4381 691 4505 tie
761 4381 1075 4505 adverſe
1168 4381 1297 4505 d’un
1401 4381 1576 4505 coup
1681 4381 1739 4505 de
1809 4381 2077 4505 pointe
2147 4381 2205 4505 au
2286 4381 2484 4505 coſté
2566 4381 2741 4505 droit

615 4502 923 4629 deſſous
997 4502 1378 4629 l’aixelle,
1464 4502 1526 4629 de
1587 4502 1784 4629 ſorte
1882 4502 2018 4629 que
2091 4502 2522 4629 l’eſtocade
2608 4502 2743 4629 que

649 4630 994 4747 Zacharie
1077 4630 1280 4747 avoit
1351 4630 1851 4747 pourpenſée
1935 4630 1947 4747 à
2042 4630 2542 4747 Alexandre,
2625 4630 2744 4747 elle

606 4755 984 4884 retombe
1043 4755 1137 4884 ſur
1184 4755 1314 4884 luy
1409 4755 1716 4884 meſme;
1799 4755 2094 4884 comme
2165 4755 2200 4884 il
2271 4755 2354 4884 eſt
2437 4755 2756 4884 evident

618 4868 726 5016 par
774 4868 809 5016 la
881 4868 1503 5016 demonſtration
1598 4868 1706 5016 des
1766 4868 2088 5016 figures.

1381 5376 1687 5540 Cercle
2016 5376 2191 5540 &8.

1124 5576 1124 5711 A
1213 5576 1534 5711 CHARIE
1612 5576 1955 5711 taſchant
2011 5576 2022 5711 à
2088 5576 2465 5711 executer
2553 5576 2775 5711 enco-

1089 5711 1192 5833 res
1250 5711 1296 5833 la
1399 5711 1664 5833 meſme
1744 5711 2284 5833 entreprinſe,
2342 5711 2353 5833 à
2422 5711 2606 5833 tirer
2663 5711 2767 5833 ſur

1122 5833 1559 5953 Alexandre
1644 5833 1705 5953 de
1778 5833 1814 5953 la
1923 5833 2276 5953 Seconde
2361 5833 2774 5953 Inſtance,

1096 5960 1291 6079 pour
1352 5960 1401 6079 le
1474 5960 1754 6079 bleſſer
1839 5960 2132 6079 deſſous
2181 5960 2229 6079 le
2290 5960 2485 6079 bras;
2583 5960 2765 6079 ALE-

646 6087 997 6211 XANDRE
1057 6087 1105 6211 le
1178 6087 1553 6211 previent
1637 6087 2036 6211 derechef,
2145 6087 2145 6211 &
2205 6087 2326 6211 luy
2387 6087 2761 6211 aſſujettit

620 6210 656 6325 la
739 6210 977 6325 lame,
1048 6210 1215 6325 tout
1310 6210 1369 6325 de
1465 6210 1726 6325 meſme
1810 6210 2000 6325 qu’au
2119 6210 2369 6325 Cercle
2476 6210 2512 6325 N.
2595 6210 2630 6325 6.
2749 6210 2761 6325 &

638 6335 1376 6464 conſequemment
1445 6335 1745 6464 s’eſtant
1803 6335 2149 6464 redreſsé
2218 6335 2265 6464 le
2334 6335 2588 6464 corps,
2657 6335 2761 6464 qui

642 6460 854 6584 eſtoit
913 6460 1208 6584 panché
1267 6460 1337 6584 un
1408 6460 1526 6584 peu
1620 6460 1656 6584 en
1738 6460 2044 6584 arriere,
2092 6460 2127 6584 il
2186 6460 2221 6584 la
2304 6460 2363 6584 va
2445 6460 2763 6584 graduer

691 6583 702 6702 &
783 6583 1162 6702 enfermer
1243 6583 1358 6702 par
1438 6583 1749 6702 deſſous
1806 6583 1990 6702 avec
2048 6583 2094 6702 ſa
2174 6583 2519 6702 branche
2565 6583 2761 6702 inte-

632 6696 925 6841 rieure,
981 6696 1105 6841 luy
1195 6696 1500 6841 mettant
1556 6696 1601 6841 la
1669 6696 1939 6841 pointe
2029 6696 2075 6841 en
2176 6696 2593 6841 courtoiſie
2661 6696 2762 6841 de-

648 6836 817 6956 vant
890 6836 998 6956 les
1071 6836 1324 6956 yeux;
1397 6836 1578 6956 ainſi
1675 6836 1807 6956 que
1892 6836 1989 6956 les
2073 6836 2363 6956 figures
2448 6836 2762 6956 demon-

636 6957 900 7049 ſtrent.

5051 7130 5094 7233 Si
