5520 7640
2873 529 3053 646 avec
3113 529 3220 646 les
3292 529 3747 646 operations
3831 529 3939 646 des
4046 529 4334 646 Cercles
4453 529 4501 646 N.
4549 529 4585 646 1.
4633 529 4681 646 2.
4729 529 4765 646 3.
4836 529 4884 646 4.
4932 529 4980 646 5.

2885 653 3044 778 qu’il
3105 653 3178 778 ne
3276 653 3765 778 manqueroit
3814 653 3936 778 pas
3973 653 3985 778 à
4034 653 4156 778 luy
4217 653 4486 778 rendre
4535 653 4571 778 la
4633 653 4975 778 pareille,

2888 774 3044 898 c’eſt
3109 774 3421 898 aſſavoir
3512 774 3564 898 de
3629 774 4098 898 l’aſſujettir,
4202 774 4215 898 &
4267 774 4319 898 le
4397 774 4671 898 bleſſer
4749 774 4996 898 conſe-

2881 909 3352 1024 quemment
3436 909 3485 1024 en
3569 909 3787 1024 telles
3895 909 3895 1024 &
3944 909 4427 1024 ſemblables
4487 909 4765 1024 ſortes,
4837 909 4994 1024 qu’il

2868 1034 2880 1147 a
2939 1034 3057 1147 veu
3128 1034 3529 1147 pratiquer
3576 1034 3588 1147 à
3670 1034 4130 1147 Alexandre.

3021 1159 3186 1256 Pour
3269 1159 3316 1256 en
3410 1159 3611 1256 venir
3670 1159 3682 1256 à
3741 1159 4059 1256 l’effe,
4095 1159 4177 1256 ils
4236 1159 4283 1256 ſe
4354 1159 4531 1256 vont
4602 1159 4980 1256 remettre

2869 1280 2977 1370 ſur
3037 1280 3085 1370 le
3193 1280 3433 1370 Cercle
3493 1280 3505 1370 à
3553 1280 3589 1370 la
3685 1280 4057 1370 Premiere
4117 1280 4477 1370 Inſtance
4549 1280 4597 1370 en
4705 1280 4981 1370 droites

2870 1403 3165 1523 lignes.
3288 1403 3337 1523 Et
3436 1403 3952 1523 ALExandre,
4038 1403 4149 1523 qui
4198 1403 4211 1523 a
4297 1403 4407 1523 mis
4469 1403 4506 1523 ſa
4580 1403 4764 1523 lame
4850 1403 4986 1523 deſ-

2871 1527 3087 1641 ſous,
3171 1527 3183 1641 à
3255 1527 3423 1641 faire
3507 1527 4309 1641 l’aſſujettiſſement,
4393 1527 4429 1641 en
4537 1527 4993 1641 cheminant

2874 1652 3054 1769 avec
3114 1652 3162 1769 le
3234 1652 3413 1769 pied
3497 1652 3677 1769 droit
3737 1652 3749 1769 à
3821 1652 3857 1769 la
3928 1652 4288 1769 Seconde
4348 1652 4731 1769 Inſtance,
4803 1652 4851 1769 en
4935 1652 4971 1769 la

2903 1778 3158 1873 meſme
3214 1778 3436 1873 ſorte,
3547 1778 3558 1873 &
3613 1778 3791 1873 avec
3835 1778 3935 1873 les
4024 1778 4335 1873 meſmes
4390 1778 4978 1873 circonſtances

2885 1905 3189 2016 comme
3235 1905 3294 2016 au
3411 1905 3655 2016 Cercle
3760 1905 3795 2016 N.
3854 1905 3889 2016 5.
3947 1905 4460 2016 pourſuivant
4531 1905 4531 2016 à
4600 1905 4986 2016 travailler

2889 2026 2938 2142 en
3023 2026 3351 2142 eſlevant
3399 2026 3448 2142 le
3508 2026 3678 2142 pied
3739 2026 3933 2142 droit
3982 2026 4164 2142 pour
4213 2026 4492 2142 bleſſer
4528 2026 4989 2142 l’Adverſai-

2870 2147 2930 2261 re
3002 2147 3050 2261 en
3122 2147 3601 2261 conformité
3673 2147 3721 2261 du
3829 2147 4069 2261 Cercle
4177 2147 4296 2261 N.2.
4356 2147 4656 2261 deſſous
4692 2147 4740 2261 le
4800 2147 4992 2261 bras.

2918 2274 3094 2386 Dont
3188 2274 3200 2386 Z
3259 2274 3552 2386 Acharie
3634 2274 3681 2386 en
3775 2274 4198 2386 deſtourne
4257 2274 4315 2386 le
4398 2274 4621 2386 coup,
4703 2274 4985 2386 menant

2867 2397 2911 2488 ſa
2978 2397 3177 2488 lame
3254 2397 3896 2488 circulairement
3963 2397 3974 2488 à
4073 2397 4217 2488 main
4328 2397 4560 2488 droite
4627 2397 4992 2488 alentour

2898 2517 2960 2642 de
2996 2517 3266 2642 l’eſpee
3339 2517 3756 2642 contraire,
3805 2517 4001 2642 pour
4038 2517 4528 2642 l’enfermer,
4638 2517 4638 2642 &
4699 2517 5005 2642 aſſujet-

2872 2651 2956 2757 tir
3017 2651 3307 2757 comme
3367 2651 3415 2757 au
3536 2651 3765 2757 Cercle
3874 2651 3922 2757 N.
3995 2651 4043 2757 6.

734 491 771 650 Si
844 491 1284 650 Alexandre
1370 491 1517 650 euſt
1590 491 1798 650 voulu
1896 491 2189 650 donner
2250 491 2299 650 le
2385 491 2568 650 coup
2654 491 2703 650 en

586 647 960 777 rigueur,
1024 647 1050 777 il
1127 647 1269 777 euſt
1346 647 1540 777 volté
1604 647 1656 777 le
1733 647 1901 777 pied
1978 647 2275 777 gauche
2339 647 2404 777 un
2494 647 2713 777 grand

592 775 701 904 pas
762 775 919 904 plus
979 775 1233 904 outre,
1294 775 1306 904 y
1366 775 1814 904 adjouſtant
1874 775 1983 904 par
2056 775 2274 904 apres
2334 775 2552 904 encor
2624 775 2685 904 un

588 900 795 1032 autre
856 900 1039 1032 avec
1076 900 1137 1032 le
1185 900 1356 1032 pied
1429 900 1649 1032 droit;
1710 900 2014 1032 dequoy
2063 900 2100 1032 il
2149 900 2710 1032 redoubleroit

580 1027 629 1149 le
713 1027 980 1149 meſme
1040 1027 1270 1149 coup,
1318 1027 1355 1149 en
1439 1027 1730 1149 voltant
1802 1027 2166 1149 derechef
2214 1027 2262 1149 le
2323 1027 2492 1149 pied
2553 1027 2722 1149 gau-

598 1152 782 1277 che,
942 1152 942 1277 &
1016 1152 1126 1277 par
1212 1152 1274 1277 ce
1372 1152 1618 1277 moyen
1728 1152 2109 1277 viendroit
2183 1152 2195 1277 à
2281 1152 2588 1277 gaigner
2649 1152 2711 1277 le

605 1277 935 1385 derriere
1015 1277 1083 1385 de
1151 1277 1572 1385 l’Ennemi,
1640 1277 1686 1385 ſe
1788 1277 2096 1385 mettant
2153 1277 2642 1385 totalement
2687 1277 2699 1385 à

580 1402 790 1526 l’abri
851 1402 913 1526 de
974 1402 1183 1526 touts
1257 1402 1626 1526 dangers:
1749 1402 1897 1526 mais
1971 1402 2131 1526 qu’il
2168 1402 2426 1526 plante
2475 1402 2586 1526 icy
2660 1402 2709 1526 le

583 1526 765 1648 pied
825 1526 1116 1648 gauche
1200 1526 1684 1648 droitement
1769 1526 2108 1648 derriere
2169 1526 2483 1648 l’autre,
2568 1526 2713 1648 c’eſt

590 1651 777 1777 pour
858 1651 905 1777 en
1021 1651 1371 1777 moderer
1429 1651 1476 1777 la
1557 1651 1813 1777 courſe
1907 1651 1953 1777 du
2058 1651 2268 1777 corps
2396 1651 2396 1777 &
2477 1651 2535 1777 de
2605 1651 2710 1777 l’e-

580 1775 788 1896 ſpee,
836 1775 958 1896 afin
1044 1775 1202 1896 qu’il
1251 1775 1482 1896 puiſſe
1543 1775 1824 1896 retenir
1872 1775 1921 1896 le
1994 1775 2177 1896 coup
2250 1775 2287 1896 en
2384 1775 2725 1896 courtoi-

587 1900 716 2024 ſie;
798 1900 857 2024 ce
939 1900 1103 2024 qu’il
1162 1900 1244 2024 ne
1315 1900 1679 2024 pourroit
1726 1900 1902 2024 faire
1960 1900 2453 2024 autrement,
2500 1900 2688 2024 ſinon

584 2027 597 2147 à
660 2027 889 2147 grand
940 2027 1207 2147 peine.

1253 2539 1567 2697 Cercle
1813 2539 2127 2697 N.12.

1059 2750 1071 2874 A
1154 2750 1473 2874 CHARIE
1532 2750 1591 2874 ſe
1662 2750 1839 2874 plait
1910 2750 1910 2874 à
1993 2750 2312 2874 repeter
2383 2750 2607 2874 encor
2666 2750 2702 2874 la

1058 2873 1313 2994 meſme
1386 2873 1727 2994 preuve,
1812 2873 1922 2994 qui
1983 2873 2105 2994 luy
2178 2873 2263 2994 eſt
2348 2873 2713 2994 derechef

1029 2998 1400 3120 annullée
1470 2998 1586 3120 par
1644 2998 1691 3120 la
1795 2998 2051 3120 meſme
2143 2998 2538 3120 operation
2631 2998 2689 3120 du

1074 3124 1319 3244 Cercle
1429 3124 1466 3244 N.
1527 3124 1576 3244 6.
1637 3124 1809 3244 dont
1882 3124 2433 3244 ALEXANDRE
2494 3124 2714 3244 pour-

573 3247 705 3370 ſuit
776 3247 788 3370 à
860 3247 1254 3370 travailler
1314 3247 1362 3370 en
1481 3247 1864 3370 marchant
1924 3247 2103 3370 avec
2175 3247 2222 3370 le
2282 3247 2449 3370 pied
2533 3247 2724 3370 droit

581 3370 682 3493 ſur
732 3370 783 3493 le
884 3370 1250 3493 Diametre
1300 3370 1540 3493 lettre
1629 3370 1667 3493 E,
1730 3370 1780 3493 où
1843 3370 1881 3493 il
1919 3370 1970 3493 ſe
2033 3370 2323 3493 panche
2374 3370 2424 3493 la
2475 3370 2715 3493 partie

576 3500 1050 3622 ſuperieure
1131 3500 1189 3622 du
1282 3500 1501 3622 corps
1571 3500 1640 3622 un
1709 3500 1836 3622 peu
1917 3500 1964 3622 en
2056 3500 2310 3622 avant,
2391 3500 2715 3622 eſlevant

605 3621 861 3746 quand
990 3621 1002 3746 &
1079 3621 1335 3746 quand
1399 3621 1451 3746 le
1515 3621 1694 3746 pied
1771 3621 2065 3746 gauche
2142 3621 2193 3746 en
2283 3621 2450 3746 l’air,
2552 3621 2565 3746 &
2616 3621 2731 3746 fai-

581 3740 735 3868 ſant
806 3740 1055 3868 prinſe
1138 3740 1197 3868 de
1269 3740 1316 3868 la
1399 3740 1624 3868 garde
1707 3740 2099 3868 contraire
2170 3740 2348 3868 avec
2407 3740 2454 3868 la
2561 3740 2703 3868 main

601 3865 929 3995 gauche,
980 3865 992 3995 à
1055 3865 1320 3995 porter
1383 3865 1497 3995 par
1573 3865 1812 3995 deſſus
1850 3865 1913 3995 le
1964 3865 2140 3995 long
2203 3865 2317 3995 des
2392 3865 2569 3995 deux
2632 3865 2733 3995 la-

618 3991 743 4109 mes
812 3991 1165 4109 croiſées,
1211 3991 1257 4109 la
1314 3991 1633 4109 retirant
1702 3991 1975 4109 devers
2021 3991 2135 4109 ſoy
2204 3991 2249 4109 en
2318 3991 2512 4109 ſorte
2580 3991 2717 4109 que

580 4110 626 4239 la
682 4110 955 4239 pointe
1023 4110 1409 4239 contraire
1477 4110 1602 4239 s’en
1682 4110 1965 4239 abaiſſe
2045 4110 2306 4239 devers
2363 4110 2408 4239 la
2488 4110 2726 4239 terre;

596 4240 896 4361 comme
956 4240 992 4361 la
1052 4240 1292 4361 figure
1376 4240 1856 4361 demonſtre.

1303 4426 1632 4575 Cercle
1830 4426 2137 4575 N.13.

1069 4623 1573 4743 LEXANDRE
1655 4623 2006 4743 pourſuit
2064 4623 2580 4743 l’operation,
2650 4623 2697 4743 en

1074 4743 1374 4868 menant
1424 4743 1487 4868 le
1562 4743 1737 4868 pied
1825 4743 2150 4868 gauche,
2212 4743 2325 4868 qui
2375 4743 2462 4868 eſt
2525 4743 2563 4868 ià
2650 4743 2738 4868 eſ-

1040 4868 1261 4989 levé,
1335 4868 1384 4989 en
1494 4868 1666 4989 deçà
1740 4868 1789 4989 le
1900 4868 2268 4989 Diametre
2329 4868 2329 4989 à
2403 4868 2440 4989 la
2489 4868 2722 4989 lettre

1101 4989 1162 5122 M,
1282 4989 1294 5122 &
1379 4989 1669 5122 voltant
1753 4989 1922 5122 tout
2019 4989 2079 5122 de
2164 4989 2345 5122 ſuite
2429 4989 2478 5122 le
2550 4989 2719 5122 pied

603 5117 781 5247 droit
840 5117 947 5247 par
1018 5117 1349 5247 derriere
1396 5117 1456 5247 au
1538 5117 1823 5247 dehors
1882 5117 1929 5247 du
2047 5117 2284 5247 Cercle
2343 5117 2497 5247 bien
2556 5117 2722 5247 pres

610 5242 673 5365 de
735 5242 923 5365 l’V,
986 5242 1086 5365 ſur
1136 5242 1412 5365 lequel
1462 5242 1500 5365 il
1550 5242 1600 5365 ſe
1675 5242 1725 5365 va
1788 5242 2139 5365 pancher
2189 5242 2189 5365 à
2239 5242 2615 5365 l’envers,
2665 5242 2715 5365 en

597 5360 925 5487 eſlevant
996 5360 1407 5487 derechef,
1513 5360 1513 5487 &
1583 5360 2029 5487 cheminant
2088 5360 2264 5487 avec
2311 5360 2370 5487 le
2440 5360 2722 5487 gauche

615 5485 872 5616 devers
924 5485 1438 5616 l’Adverſaire
1503 5485 1554 5616 au
1631 5485 1850 5616 point
1966 5485 2018 5616 Q,
2095 5485 2146 5616 où
2211 5485 2249 5616 il
2314 5485 2365 5616 ſe
2455 5485 2726 5616 charge

583 5611 632 5745 le
717 5611 935 5745 corps
1020 5611 1262 5745 deſſus
1335 5611 1383 5745 en
1480 5611 1699 5745 avant
1772 5611 1772 5745 à
1856 5611 2026 5745 tout
2087 5611 2135 5745 le
2220 5611 2451 5745 genou
2535 5611 2729 5745 plié,

584 5733 704 5873 luy
776 5733 1124 5873 donnant
1184 5733 1568 5873 l’atteinte
1628 5733 1688 5873 au
1772 5733 1964 5873 coſté
2048 5733 2229 5873 droit
2313 5733 2601 5873 deſſous
2673 5733 2721 5873 le

594 5861 795 5991 bras,
902 5861 902 5991 &
949 5861 996 5991 la
1055 5861 1422 5991 pouſſant
1481 5861 1493 5991 à
1552 5861 1847 5991 travers
1894 5861 1953 5991 le
2013 5861 2261 5991 corps;
2332 5861 2627 5991 comme
2686 5861 2722 5991 il

603 5997 691 6119 eſt
741 5997 1205 6119 repreſenté
1267 5997 1317 6119 en
1380 5997 1418 6119 la
1480 5997 1769 6119 figure.

760 6101 1049 6244 Voyant
1133 6101 1314 6244 donc
1398 6101 2024 6244 qu’ALExandre
2096 6101 2108 6244 a
2205 6101 2626 6244 destourné
2698 6101 2723 6244 ſi

585 6232 1376 6368 avantageuſement
1508 6232 1508 6368 &
1580 6232 1580 6368 à
1640 6232 1796 6368 tant
1868 6232 1927 6368 de
1987 6232 2119 6368 fois
2167 6232 2718 6368 l’entreprinſe

614 6356 677 6488 de
765 6356 1156 6488 Zacharie,
1219 6356 1332 6488 qui
1383 6356 1597 6488 eſtoit
1673 6356 1736 6488 de
1786 6356 1837 6488 le
1887 6356 2165 6488 bleſſer
2215 6356 2379 6488 ſous
2417 6356 2480 6488 le
2530 6356 2732 6488 bras;

614 6478 677 6617 de
728 6478 918 6617 ſorte
981 6478 1145 6617 qu’il
1183 6478 1310 6617 luy
1360 6478 1360 6617 a
1436 6478 1689 6617 gaigné
1740 6478 1777 6617 la
1841 6478 2056 6617 lame,
2144 6478 2144 6617 &
2207 6478 2258 6617 en
2334 6478 2334 6617 a
2397 6478 2524 6617 tiré
2574 6478 2726 6617 tant

615 6602 1175 6738 d’executions
1224 6602 1248 6738 ſi
1297 6602 1930 6738 avantageuſes,
2004 6602 2272 6738 meſme
2345 6602 2503 6738 qu’il
2540 6602 2552 6738 a
2613 6602 2734 6738 fait

588 6730 638 6866 le
712 6730 886 6866 tout
948 6730 1134 6866 avec
1196 6730 1233 6866 ſi
1307 6730 1592 6866 grande
1666 6730 2150 6866 aſſeurance;
2249 6730 2249 6866 Z
2323 6730 2620 6866 Acharie
2670 6730 2720 6866 ſe

590 6858 926 6996 propoſe
1001 6858 1063 6996 de
1113 6858 1162 6996 le
1250 6858 1548 6996 vouloir
1611 6858 1897 6996 imiter,
2009 6858 2009 6996 &
2059 6858 2108 6996 ſe
2171 6858 2283 6996 fait
2345 6858 2718 6996 accroire,

605 6982 741 7122 que
803 6982 841 7122 ſi
927 6982 1361 7122 Alexandre
1436 6982 1485 7122 le
1560 6982 1870 7122 vouluſt
1944 6982 2304 7122 derechef
2353 6982 2725 7122 attaquer

3610 3128 3924 3306 Cercle
4134 3128 4427 3306 N14.

3357 3361 3369 3477 V
3474 3361 3729 3477 meſme
3787 3361 4043 3477 temps
4124 3361 4252 3477 que
4357 3361 4798 3477 ZACHARIE
4868 3361 5007 3477 tra-

3341 3478 3545 3598 vaille
3593 3478 3605 3598 à
3677 3478 4097 3598 deſcendre
4145 3478 4194 3598 le
4254 3478 4446 3598 bras,
4482 3478 4674 3598 pour
4734 3478 4998 3598 croiſer

3393 3607 3393 3719 &
3465 3607 3848 3719 aſſujettir
3908 3607 3944 3719 la
4016 3607 4207 3719 lame
4291 3607 4722 3719 contraire;
4818 3607 4998 3719 ALE-

3352 3729 3686 3846 XANDRE
3764 3729 4110 3846 s’avance
4177 3729 4355 3846 avec
4411 3729 4467 3846 le
4534 3729 4712 3846 pied
4779 3729 4991 3846 droit,

2895 3854 3004 3975 qui
3064 3854 3282 3975 eſtoit
3330 3854 3379 3975 ià
3451 3854 3717 3975 eſlevé,
3778 3854 3850 3975 de
3911 3854 3947 3975 la
4044 3854 4394 3975 Seconde
4455 3854 4854 3975 Inſtance,
4926 3854 4975 3975 en

2906 3981 3066 4096 deçà
3140 3981 3189 4096 le
3300 3981 3669 4096 Diametre
3730 3981 3730 4096 à
3804 3981 3841 4096 la
3903 3981 4137 4096 lettre
4260 3981 4321 4096 Q,
4383 3981 4888 4096 tournoyant
4949 3981 4986 4096 ſa

2874 4100 3143 4220 pointe
3225 4100 3331 4220 par
3424 4100 3717 4220 deſſous
3788 4100 3834 4220 le
3905 4100 4069 4220 bras
4151 4100 4525 4220 contraire
4596 4100 4654 4220 au
4760 4100 4994 4220 deſſus

2891 4226 2963 4343 de
3011 4226 3047 4343 la
3107 4226 3334 4343 lame,
3442 4226 3454 4343 &
3514 4226 3957 4343 entrainant
4005 4226 4053 4343 le
4101 4226 4280 4343 pied
4340 4226 4628 4343 gauche
4688 4226 4700 4343 à
4771 4226 4807 4343 la
4867 4226 4999 4343 let-

2878 4352 2985 4468 tre
3081 4352 3128 4468 H,
3247 4352 3247 4468 &
3319 4352 3962 4468 enſemblement
3998 4352 4129 4468 luy
4177 4352 4641 4468 preſentant
4689 4352 4737 4468 la
4796 4352 5011 4468 poin-

2875 4475 2932 4593 te
3022 4475 3293 4593 devant
3361 4475 3451 4593 les
3530 4475 3723 4593 yeux
3802 4475 3858 4593 en
3949 4475 4412 4593 courtoiſie.
4525 4475 4581 4593 Et
4638 4475 4988 4593 combien

2889 4598 3030 4715 que
3147 4598 3580 4715 ZACHARIE
3639 4598 3698 4715 ſe
3768 4598 4085 4715 ramene
4167 4598 4542 4715 derechef
4600 4598 4647 4715 le
4718 4598 4882 4715 bras
4999 4598 4999 4715 &

2877 4723 3141 4840 l’eſpee
3213 4723 3261 4840 en
3333 4723 3513 4840 haut
3561 4723 3753 4840 pour
3801 4723 3849 4840 ſe
3921 4723 4329 4840 defendre,
4389 4723 4820 4840 toutesfois
4892 4723 4928 4840 il
4988 4723 5000 4840 y

2886 4848 3085 4961 vient
3140 4848 3295 4961 trop
3361 4848 3549 4961 tard;
3627 4848 3926 4961 comme
3992 4848 4047 4961 on
4125 4848 4169 4961 le
4246 4848 4401 4961 voit
4467 4848 4523 4961 au
4611 4848 4998 4961 pourtrait

2900 4970 2965 5087 de
3017 4970 3056 5087 la
3108 4970 3395 5087 figure.

3620 5143 3931 5297 Cercle
4154 5143 4420 5297 N.1.

3331 5321 3481 5474 ’Eſt
3518 5321 3991 5474 l’execution
4091 5321 4153 5474 de
4203 5321 4240 5474 la
4303 5321 4851 5474 precedente;
4925 5321 4987 5474 où

3368 5470 3897 5575 ALEXANDRE
3977 5470 4242 5575 eſtend
4299 5470 4357 5575 le
4426 5470 4586 5575 bras
4655 5470 4839 5575 avec
4897 5470 5000 5575 l’e-

3344 5597 3542 5723 ſpee,
3591 5597 4048 5723 s’avançant
4097 5597 4147 5723 le
4196 5597 4369 5723 pied
4443 5597 4628 5723 droit
4678 5597 4789 5723 ſur
4826 5597 4875 5723 la
4937 5597 5011 5723 li-

3364 5721 3482 5852 gne
3552 5721 3998 5852 collaterale
4057 5721 4491 5852 interieure
4574 5721 4609 5852 en
4715 5721 4879 5852 deçà
4949 5721 4996 5852 le

2922 5844 3298 5974 Diametre
3371 5844 3541 5974 pres
3602 5844 3638 5974 la
3711 5844 3942 5974 lettre
4051 5844 4088 5974 V,
4173 5844 4221 5974 où
4307 5844 4343 5974 il
4404 5844 4452 5974 ſe
4525 5844 4586 5974 va
4659 5844 4999 5974 pancher

2907 5965 3176 6099 deſſus,
3237 5965 3678 6099 entrainant
3763 5965 4008 6099 quand
4118 5965 4118 6099 &
4204 5965 4448 6099 quand
4497 5965 4546 6099 le
4607 5965 4778 6099 pied
4840 5965 5011 6099 gau-

2898 6090 3021 6222 che
3083 6090 3416 6222 juſqu’au
3552 6090 3922 6222 Diametre
4008 6090 4699 6222 perpendiculaire
4761 6090 4996 6222 lettre

2945 6213 3005 6349 M,
3089 6213 3257 6349 dont
3317 6213 3413 6349 les
3497 6213 3761 6349 gardes
3833 6213 3881 6349 ſe
3953 6213 4482 6349 rencontrent
4554 6213 4758 6349 d’une
4818 6213 4998 6349 telle

2895 6339 3285 6474 violence,
3344 6339 3474 6474 que
3522 6339 3569 6474 le
3628 6339 3794 6474 bras
3900 6339 3900 6474 &
3948 6339 4220 6474 l’eſpee
4279 6339 4658 6474 contraire
4729 6339 4776 6474 en
4847 6339 5001 6474 ſont

2892 6464 3158 6593 forcez
3219 6464 3231 6593 à
3304 6464 3352 6593 ſe
3425 6464 3606 6593 plier
3727 6464 3727 6593 &
3788 6464 3788 6593 à
3884 6464 4163 6593 monter
4223 6464 4260 6593 la
4332 6464 4598 6593 pointe
4671 6464 4719 6593 en
4792 6464 4998 6593 haut,

2886 6585 3009 6722 luy
3058 6585 3428 6722 pouſſant
3489 6585 3908 6722 l’eſtocade
3969 6585 3969 6722 à
4031 6585 4326 6722 travers
4375 6585 4412 6722 la
4486 6585 4732 6722 teſte;
4806 6585 5003 6722 com-

2916 6723 3006 6845 me
3044 6723 3083 6845 il
3134 6723 3224 6845 eſt
3288 6723 3340 6845 en
3404 6723 3443 6845 la
3494 6723 3777 6845 figure.

3036 6833 3216 6942 Voilà
3300 6833 3767 6942 maintenant
3863 6833 3863 6942 Z
3923 6833 4211 6942 Acharie
4271 6833 4438 6942 tout
4498 6833 4774 6942 confus
4834 6833 4894 6942 de
4954 6833 5002 6942 ſe

2896 6952 3044 7092 voir
3094 6952 3254 7092 tant
3316 6952 3377 7092 de
3439 6952 3574 7092 fois
3624 6952 3895 7092 fruſtré
3957 6952 4006 7092 en
4068 6952 4166 7092 ſon
4253 6952 4758 7092 entreprinſe,
4807 6952 5005 7092 voire

4868 7089 5027 7208 qu’il
