5520 7640
1598 1747 1598 1926 N
1655 1747 2095 1926 lſomme
2152 1747 2172 1926 à
2267 1747 2458 1926 voir
2535 1747 2764 1926 faire
2860 1747 2860 1926 à
3032 1747 3625 1926 Alexandre
3682 1747 4314 1926 l’operation
4467 1747 4543 1926 du
4715 1747 5021 1926 Cercle

1533 1957 1562 2131 N.
1635 1957 1679 2131 6.
1737 1957 1839 2131 par
1898 1957 2247 2131 laquelle
2291 1957 2320 2131 il
2379 1957 2743 2131 enferme
2845 1957 2859 2131 &
2903 1957 3297 2131 aſſujettit
3340 1957 3632 2131 l’eſpee
3690 1957 4127 2131 contraire,
4186 1957 4229 2131 il
4273 1957 4608 2131 ſemble,
4681 1957 4856 2131 qu’il
4900 1957 5016 2131 n’y

1455 2099 1537 2266 ait
1618 2099 1740 2266 rien
1822 2099 1985 2266 plus
2052 2099 2297 2266 facile.
2378 2099 2541 2266 c’eſt
2595 2099 2785 2266 pour
2839 2099 3124 2266 autant
3219 2099 3396 2266 qu’il
3437 2099 3789 2266 travaille
3844 2099 4020 2266 avec
4088 2099 4644 2266 fondement.
4766 2099 4821 2266 Et
4902 2099 5011 2266 en-

1464 2242 1668 2403 cores
1757 2242 1872 2403 que
1936 2242 2025 2403 les
2102 2242 2356 2403 eſpees
2407 2242 2497 2403 ne
2548 2242 3109 2403 s’accouplent
3172 2242 3287 2403 pas
3364 2242 3772 2403 touſiours
3836 2242 3976 2403 aux
4065 2242 4384 2403 meſmes
4460 2242 4856 2403 endroits,
4957 2242 4957 2403 &
4996 2242 5008 2403 à

1485 2383 1796 2545 meſmes
1918 2383 2339 2545 Nombres;
2407 2383 2840 2545 toutesfois
2908 2383 2962 2545 le
3044 2383 3247 2545 chois
3315 2383 3423 2545 des
3478 2383 3925 2545 eſtocades,
3993 2383 4237 2545 coups
4305 2383 4373 2545 de
4427 2383 4657 2545 taille,
4766 2383 4766 2545 &
4820 2383 5010 2545 prin-

1447 2525 1572 2682 ſes,
1642 2525 1753 2682 qui
1808 2525 1933 2682 s’en
2017 2525 2462 2682 enſuivent,
2517 2525 2601 2682 ne
2670 2525 2990 2682 depend
3059 2525 3185 2682 que
3268 2525 3324 2682 de
3379 2525 3421 2682 ſa
3490 2525 3685 2682 ſeule
3754 2525 4130 2682 eleion;
4171 2525 4213 2682 il
4269 2525 4324 2682 en
4394 2525 4741 2682 prendra
4797 2525 5019 2682 libre-

623 2669 814 2823 ment
882 2669 1073 2823 celle,
1141 2669 1250 2823 qui
1304 2669 1427 2823 luy
1481 2669 1795 2823 viendra
1849 2669 1903 2823 le
1958 2669 2121 2823 plus
2162 2669 2176 2823 à
2244 2669 2380 2823 gré.
2503 2669 2693 2823 Tout
2748 2669 3224 2823 aurebours
3279 2669 3333 2823 en
3401 2669 3538 2823 ſera
3606 2669 3633 2823 il
3701 2669 3769 2823 de
3837 2669 3932 2823 ces
3973 2669 4423 2823 ignorants
4532 2669 4532 2823 &
4586 2669 4845 2823 hardis
4899 2669 5008 2823 en-

574 2811 1100 2969 trepreneurs
1175 2811 1513 2969 d’imiter
1575 2811 2263 2969 temerairement
2326 2811 2501 2969 tout
2576 2811 2626 2969 ce
2701 2811 2902 2969 qu’ils
2939 2811 3240 2969 auront
3302 2811 3415 2969 veu
3490 2811 3915 2969 pratiquer
3965 2811 4153 2969 trois
4216 2811 4266 2969 ou
4366 2811 4629 2969 quatre
4691 2811 4829 2969 fois
4866 2811 4866 2969 à
4941 2811 4991 2969 vn

578 2952 925 3103 homme
978 2952 1232 3103 adroit
1339 2952 1352 3103 &
1392 2952 1552 3103 bien
1619 2952 1926 3103 fondé:
2006 2952 2313 3103 dequoy
2366 2952 2446 3103 ils
2499 2952 2579 3103 ne
2633 2952 2993 3103 peuvent
3046 2952 3407 3103 raporter
3500 2952 3633 3103 que
3700 2952 3954 3103 honte
4074 2952 4074 3103 &
4140 2952 4607 3103 confuſion,
4674 2952 4941 3103 quand
4981 2952 5008 3103 il

586 3092 675 3244 eſt
752 3092 1083 3244 queſtion
1185 3092 1312 3244 d’en
1388 3092 1592 3244 venir
1643 3092 1783 3244 aux
1834 3092 2204 3244 preuves,
2267 3092 2318 3244 ſe
2382 3092 2726 3244 voyants
2777 3092 3108 3244 fruſtrez
3159 3092 3172 3244 à
3235 3092 3452 3244 touts
3554 3092 3962 3244 moments
4051 3092 4114 3244 de
4165 3092 4369 3244 leurs
4433 3092 4942 3244 intentions,
4993 3092 5006 3244 à

580 3232 793 3385 faute
878 3232 950 3385 de
1007 3232 1092 3385 ne
1177 3232 1633 3385 cognoiſtre
1690 3232 1803 3385 pas
1875 3232 2401 3385 l’amplitude
2472 3232 2529 3385 de
2600 3232 2800 3385 ceſte
2871 3232 3227 3385 Science,
3269 3232 3355 3385 ne
3426 3232 3796 3385 combien
3881 3232 3995 3385 elle
4052 3232 4152 3385 eſt
4237 3232 4578 3385 difficile,
4635 3232 4678 3385 le
4749 3232 5005 3385 temps

593 3375 866 3522 qu’elle
923 3375 1268 3522 requiert
1383 3375 1383 3522 &
1470 3375 1714 3522 merite
1772 3375 1973 3522 pour
2030 3375 2591 3522 l’apprendre,
2649 3375 2720 3522 ne
2792 3375 3137 3522 l’eſtude
3224 3375 3396 3522 qu’il
3454 3375 3612 3522 faut
3684 3375 4072 3522 apporter
4144 3375 4158 3522 à
4215 3375 4273 3522 la
4345 3375 4704 3522 ſubtilité
4805 3375 4862 3522 de
4934 3375 5021 3522 ſes

598 3516 1347 3661 demonſtrations.
1479 3516 1702 3661 Gents
1755 3516 2426 3661 preſomptueux
2544 3516 2557 3661 &
2623 3516 3044 3661 ridicules;
3136 3516 3241 3661 qui
3307 3516 3675 3661 n’ayants
3741 3516 4109 3661 apprins,
4201 3516 4333 3661 que
4425 3516 4609 3661 deux
4688 3516 4740 3661 ou
4832 3516 5003 3661 trois

568 3653 1008 3804 pointilles,
1062 3653 1115 3804 ſe
1168 3653 1342 3804 font
1395 3653 1782 3804 accroire,
1849 3653 1982 3804 que
2036 3653 2169 3804 rien
2249 3653 2329 3804 ne
2396 3653 2556 3804 leur
2649 3653 3009 3804 manque,
3063 3653 3169 3804 ſur
3236 3653 3756 3804 l’aſſeurance
3850 3653 4037 3804 qu’ils
4117 3653 4250 3804 ont
4330 3653 4397 3804 de
4477 3653 4650 3804 faire
4717 3653 4930 3804 ſervir
4997 3653 4997 3804 à

582 3797 841 3947 toutes
909 3797 1331 3947 occaſions
1372 3797 1412 3947 le
1480 3797 1603 3947 peu
1698 3797 1889 3947 qu’ils
1970 3797 2011 3947 en
2093 3797 2406 3947 ſavent;
2474 3797 2637 3947 ſans
2692 3797 3154 3947 conſiderer
3209 3797 3263 3947 la
3331 3797 3617 3947 grande
3699 3797 4134 3947 eſtendue,
4189 3797 4393 3947 voire
4461 3797 4829 3947 l’infinité
4910 3797 5019 3947 des

580 3940 1040 4093 variations,
1106 3940 1212 4093 qui
1264 3940 1317 4093 ſe
1370 3940 1844 4093 preſentent
1896 3940 2555 4093 journellement
2620 3940 2673 4093 en
2739 3940 2792 4093 la
2884 3940 3266 4093 Pratique;
3331 3940 3450 4093 par
3529 3940 3595 4093 ce
3687 3940 3805 4093 que
3884 3940 4214 4093 chaſcun
4306 3940 4306 4093 a
4385 3940 4437 4093 ſa
4503 3940 4793 4093 propre
4898 3940 5017 4093 ma-

566 4078 777 4218 niere
827 4078 827 4218 à
889 4078 1062 4218 tirer
1137 4078 1756 4218 differemment
1831 4078 1942 4218 des
1992 4078 2289 4218 autres,
2339 4078 2537 4218 voire
2624 4078 2748 4218 que
2798 4078 2897 4218 les
2946 4078 3269 4218 heures,
3306 4078 3405 4218 les
3504 4078 3864 4218 minutes,
3926 4078 4025 4218 les
4074 4078 4434 4218 inſtants
4496 4078 4917 4218 touſiours
4955 4078 5004 4218 ſe

590 4219 1030 4379 changent.
1154 4219 1347 4379 Dont
1388 4219 1443 4379 je
1498 4219 1663 4379 puis
1732 4219 1897 4379 dire,
1952 4219 2007 4379 en
2076 4219 2364 4379 faiſant
2433 4219 2983 4379 comparaiſon
3080 4219 3135 4379 du
3203 4219 3547 4379 bureau,
3589 4219 3644 4379 où
3726 4219 3809 4379 les
3891 4219 4152 4379 debats
4207 4219 4249 4379 ſe
4318 4219 4675 4379 finiſſent
4730 4219 4840 4379 par
4895 4219 5005 4379 pa-

623 4360 804 4506 oles,
855 4360 1023 4506 avec
1075 4360 1127 4506 le
1178 4360 1527 4506 parquet
1592 4360 1644 4506 où
1721 4360 1812 4506 les
1876 4360 2290 4506 queſtions
2342 4360 2393 4506 ſe
2445 4360 2910 4506 terminent
2962 4360 3078 4506 par
3130 4360 3169 4506 la
3246 4360 3569 4506 vioire
3647 4360 3763 4506 des
3802 4360 4099 4506 armes,
4164 4360 4293 4506 que
4370 4360 4706 4506 comme
4745 4360 4849 4506 les
4913 4360 5017 4506 ac-

605 4499 1001 4661 cuſations
1040 4499 1212 4661 ſont
1264 4499 1594 4661 ſujettes
1647 4499 1779 4661 aux
1845 4499 2359 4661 exceptions,
2425 4499 2517 4661 les
2596 4499 3071 4661 exceptions
3124 4499 3256 4661 aux
3309 4499 3770 4661 repliques,
3823 4499 3915 4661 les
3981 4499 4390 4661 repliques
4443 4499 4588 4661 aux
4667 4499 5010 4661 duplica-

593 4640 820 4787 tions,
887 4640 1475 4787 triplications,
1582 4640 1595 4787 &
1648 4640 2130 4787 finalement
2183 4640 2183 4787 à
2250 4640 2517 4787 toutes
2571 4640 2664 4787 les
2718 4640 3132 4787 Inſtances
3199 4640 3332 4787 que
3372 4640 3426 4787 la
3479 4640 3733 4787 partie
3787 4640 4107 4787 adverſe
4188 4640 4468 4787 voudra
4548 4640 4776 4787 faire;
4842 4640 5016 4787 ainſi

580 4780 643 4935 au
718 4780 844 4935 fait
920 4780 1021 4935 des
1071 4780 1323 4935 armes
1374 4780 1399 4935 il
1450 4780 1563 4935 n’y
1626 4780 1639 4935 a
1702 4780 1954 4935 aucun
2030 4780 2193 4935 trait
2257 4780 2420 4935 tant
2483 4780 2912 4935 ordinaire,
2963 4780 3127 4935 tant
3190 4780 3341 4935 bien
3429 4780 3833 4935 examiné,
3883 4780 4047 4935 tant
4097 4780 4324 4935 priſé,
4375 4780 4539 4935 tant
4589 4780 4867 4935 ſecret,
4930 4780 5005 4935 ne

597 4919 755 5086 tant
808 4919 1296 5086 admirable,
1362 4919 1468 5086 qui
1521 4919 1692 5086 n’ait
1745 4919 2379 5086 ſocontraire;
2471 4919 2524 5086 de
2590 4919 2788 5086 ſorte
2867 4919 3039 5086 qu’il
3091 4919 3184 5086 ne
3250 4919 3303 5086 ſe
3355 4919 3527 5086 faut
3567 4919 3844 5086 jamais
3910 4919 4029 5086 fier
4108 4919 4161 5086 en
4240 4919 4477 5086 aucun
4557 4919 4728 5086 trait
4781 4919 5005 5086 parti-

604 5060 858 5207 culier;
911 5060 1085 5207 tout
1152 5060 1205 5207 ce
1285 5060 1392 5207 qui
1459 5060 1539 5207 eſt
1606 5060 1753 5207 bon
1847 5060 1900 5207 en
1980 5060 2181 5207 l’une
2261 5060 2368 5207 des
2421 5060 2876 5207 occaſions,
2929 5060 3183 5207 eſtant
3236 5060 3410 5207 faux
3464 5060 3517 5207 en
3584 5060 3905 5207 l’autre:
3985 5060 4118 5207 ſoit
4172 5060 4426 5207 aſſailli
4466 5060 4519 5207 le
4626 5060 4854 5207 mieux
4947 5060 4987 5207 du

628 5197 952 5358 monde,
1019 5197 1154 5358 rien
1235 5197 1748 5358 n’empeſche
1829 5197 1991 5358 qu’il
2032 5197 2113 5358 ne
2167 5197 2302 5358 ſoit
2369 5197 2653 5358 encore
2734 5197 2977 5358 mieux
3044 5197 3436 5358 defendu.
3571 5197 3760 5358 Dont
3827 5197 3868 5358 ſi
3922 5197 4016 5358 les
4084 5197 4475 5358 vulgaires
4556 5197 4597 5358 en
4705 5197 5015 5358 demeu-

590 5340 762 5507 rent
828 5340 1237 5507 eſtonnez,
1290 5340 1316 5507 il
1369 5340 1448 5507 ne
1501 5340 1659 5507 faut
1725 5340 1844 5507 pas
1883 5340 1936 5507 le
2002 5340 2319 5507 trouver
2385 5340 2794 5507 eſtrange;
2860 5340 3190 5507 attendu
3282 5340 3401 5507 que
3453 5340 3612 5507 leur
3678 5340 4087 5507 pratique,
4139 5340 4482 5507 n’eſtant
4535 5340 4654 5507 pas
4707 5340 4997 5507 fondée

603 5479 655 5625 en
732 5479 1030 5625 ſcience
1107 5479 1482 5625 generale,
1560 5479 1663 5625 qui
1728 5479 1857 5625 ſoit
1909 5479 2284 5625 baſtante
2348 5479 2348 5625 à
2413 5479 2516 5625 les
2568 5479 2930 5625 preparer
3020 5479 3292 5625 contre
3343 5479 3615 5625 toutes
3693 5479 4274 5625 occurrences,
4313 5479 4352 5625 il
4391 5479 4714 5625 s’enſuit
4791 5479 4843 5625 de
4895 5479 5011 5625 ne-

612 5612 893 5790 ceſſité,
964 5612 1090 5790 que
1132 5612 1231 5790 les
1273 5612 1498 5790 iſſues
1568 5612 1625 5790 de
1667 5612 1878 5790 leurs
1934 5612 2469 5790 entreprinſes
2539 5612 3017 5790 dependent
3074 5612 3130 5790 en
3200 5612 3439 5790 partie
3524 5612 3566 5790 du
3650 5612 3791 5790 ſort
3890 5612 3946 5790 de
3988 5612 4030 5790 la
4129 5612 4509 5790 Fortune,
4579 5612 4691 5790 qui
4776 5612 5001 5790 domi-

600 5755 684 5905 ne
740 5755 852 5905 par
908 5755 1118 5905 tout,
1187 5755 1229 5905 où
1313 5755 1355 5905 la
1439 5755 1844 5905 Prudence
1914 5755 1998 5905 eſt
2068 5755 2445 5905 forcloſe-

2876 423 2928 597 au
3044 423 3290 597 Cercle
3406 423 3458 597 N.
3510 423 3561 597 2.
3678 423 3859 597 Dont
3962 423 3962 597 Z
4014 423 4324 597 Acharie
4376 423 4492 597 luy
4582 423 4750 597 veut
4828 423 5035 597 dere-

2884 570 3044 727 chef
3118 570 3512 727 aſſujettir
3549 570 3598 727 la
3660 570 3857 727 lame
3919 570 4029 727 par
4091 570 4140 727 le
4202 570 4374 727 tour
4448 570 4497 727 du
4596 570 4756 727 bras
4867 570 4867 727 &
4953 570 5027 727 de

2865 695 2913 856 la
2997 695 3249 856 garde.
3405 695 3549 856 Mais
3621 695 3777 856 c’eſt
3849 695 4258 856 touſiours
4318 695 4366 856 le
4450 695 4714 856 meſme
4774 695 5026 856 reme-

2888 820 2998 982 de.
3119 820 3580 982 ALExandre
3653 820 3774 982 luy
3871 820 4260 982 deſrobbe
4345 820 4575 982 encor
4648 820 4684 982 ſa
4745 820 5024 982 pointe

2869 946 2978 1102 par
3051 946 3353 1102 deſſous
3413 946 3462 1102 le
3534 946 3740 1102 bras,
3873 946 3873 1102 &
3934 946 3982 1102 la
4055 946 4176 1102 luy
4272 946 4393 1102 met
4466 946 4502 1102 en
4599 946 5022 1102 courtoiſie

2885 1077 3153 1233 devant
3202 1077 3251 1233 le
3324 1077 3593 1233 viſage;
3666 1077 3971 1233 comme
4032 1077 4093 1233 au
4215 1077 4471 1233 Cercle
4569 1077 4617 1233 N.
4654 1077 4764 1233 14.

602 491 760 625 qu’il
809 491 869 625 en
930 491 942 625 a
1015 491 1149 625 eſté
1209 491 1452 625 vaincu
1525 491 1634 625 luy
1731 491 1986 625 meſme
2047 491 2107 625 au
2180 491 2302 625 lieu
2399 491 2459 625 de
2532 491 2714 625 vain-

602 618 730 754 cre.
858 618 998 754 Mais
1045 618 1208 754 puis
1267 618 1407 754 que
1442 618 1897 754 l’operation
1990 618 2002 754 a
2083 618 2223 754 eſté
2305 618 2713 754 commen-

604 742 714 873 cée
774 742 786 873 à
859 742 895 873 la
980 742 1332 873 Seconde
1393 742 1793 873 Inſtance,
1841 742 1878 873 il
1938 742 2144 873 entre
2205 742 2254 873 en
2351 742 2690 873 ſoupçon

601 869 873 1000 d’avoir
944 869 1287 1000 travaillé
1357 869 1476 1000 par
1546 869 1996 1000 adventure
2102 869 2161 1000 de
2244 869 2409 1000 trop
2480 869 2704 1000 pres:

601 989 777 1128 dont
835 989 871 1128 il
929 989 1281 1128 requiert
1352 989 1363 1128 à
1434 989 2056 1128 recommencer
2138 989 2502 1128 derechef
2572 989 2584 1128 à
2654 989 2689 1128 la

607 1114 990 1257 Premiere
1067 1114 1463 1257 Inſtance,
1527 1114 1821 1257 ſuivant
1885 1114 1936 1257 le
2026 1114 2269 1257 Cercle
2384 1114 2422 1257 N.
2473 1114 2499 1257 1.
2639 1114 2703 1257 Ce

603 1244 1189 1378 qu’Alexandre
1247 1244 1376 1378 luy
1435 1244 1833 1378 accorde,
1950 1244 1962 1378 &
2032 1244 2091 1378 ſe
2161 1244 2336 1378 vont
2442 1244 2700 1378 mettre

585 1368 794 1490 touts
864 1368 1050 1490 deux
1108 1368 1200 1490 ſur
1247 1368 1305 1490 le
1386 1368 1630 1490 Cercle
1676 1368 1978 1490 ſuivant
2025 1368 2060 1490 la
2152 1368 2408 1490 meſme
2454 1368 2721 1490 repre-

579 1493 1029 1623 ſentation,
1145 1493 1156 1623 &
1260 1493 1723 1623 ALExandre
1792 1493 1792 1623 à
1861 1493 2323 1623 pourſuivre
2404 1493 2704 1623 comme
