5520 7640
2865 4544 2914 4667 en
2987 4544 3109 4667 fait
3158 4544 3305 4667 une
3354 4544 3598 4667 petite
3672 4544 3941 4667 pauſe,
4014 4544 4197 4667 pour
4271 4544 4625 4667 obſerver
4686 4544 4723 4667 ſi
4772 4544 4980 4667 l’Ad-

2856 4668 3170 4789 verſaire
3228 4668 3310 4789 ne
3356 4668 3473 4789 fait
3531 4668 3647 4789 pas
3705 4668 3775 4789 de
3856 4668 4357 4789 mouvement
4403 4668 4415 4789 à
4473 4668 4636 4789 tout
4682 4668 4729 4789 ſa
4775 4668 4961 4789 lame

2860 4793 3045 4917 pour
3094 4793 3291 4917 tirer.
3389 4793 3525 4917 Mais
3574 4793 3746 4917 puis
3808 4793 3968 4917 qu’il
4004 4793 4091 4917 ne
4140 4793 4620 4917 s’apperçoit
4681 4793 4743 4917 de
4792 4793 4976 4917 rien,

2850 4916 2887 5038 il
2924 4916 3283 5038 pourſuit
3332 4916 3344 5038 à
3431 4916 3752 5038 marcher
3801 4916 3974 5038 avec
4024 4916 4073 5038 le
4135 4916 4295 5038 pied
4369 4916 4629 5038 eſlevé,
4752 4916 4765 5038 &
4826 4916 4839 5038 à
4900 4916 4962 5038 le

2853 5043 3164 5172 planter
3229 5043 3332 5172 ſur
3397 5043 3436 5172 le
3552 5043 3811 5172 Quarré
3863 5043 4161 5172 inſcrit,
4225 5043 4458 5172 lettre
4562 5043 4601 5172 G,
4678 5043 4730 5172 en
4834 5043 4976 5172 gra-

2875 5167 3093 5265 duant
3142 5167 3239 5265 les
3287 5167 3554 5265 lames,
3602 5167 3638 5265 la
3711 5167 3965 5265 ſienne
4014 5167 4026 5265 à
4135 5167 4183 5265 N.
4256 5167 4292 5265 8.
4401 5167 4401 5265 &
4450 5167 4486 5265 la
4583 5167 4959 5265 contraire

2853 5290 2866 5417 à
2971 5290 3102 5417 N.5.
3193 5290 3246 5417 En
3324 5290 3534 5417 quoy
3586 5290 3848 5417 faiſant
3887 5290 3927 5417 il
3966 5290 4319 5417 pourſuit
4372 5290 4542 5417 tout
4594 5290 4594 5417 à
4647 5290 4974 5417 l’inſtant

2851 5414 2863 5539 à
2947 5414 3188 5539 mener
3248 5414 3887 5539 circulairement
3995 5414 4007 5539 &
4055 5414 4067 5539 à
4128 5414 4429 5539 planter
4465 5414 4525 5539 le
4573 5414 4742 5539 pied
4814 5414 4971 5539 gau-

2867 5538 2990 5663 che
3052 5538 3162 5663 ſur
3224 5538 3273 5663 le
3383 5538 3629 5663 Quarré
3715 5538 4194 5663 circonſcrit,
4243 5538 4256 5663 à
4329 5538 4501 5663 tout
4551 5538 4649 5663 les
4710 5538 4956 5663 orteils

2848 5664 2958 5785 ſur
2995 5664 3055 5785 le
3141 5664 3518 5785 Diametre
3579 5664 3835 5785 oblicq
3896 5664 4103 5785 entre
4176 5664 4359 5785 deux
4419 5664 4529 5785 les
4578 5664 4858 5785 lettres
4955 5664 4955 5785 D

2909 5785 2921 5909 &
2993 5785 3029 5909 F.
3150 5785 3162 5909 &
3222 5785 3499 5909 durant
3571 5785 3631 5909 ce
3715 5785 3968 5909 meſme
4040 5785 4305 5909 temps
4365 5785 4402 5909 il
4450 5785 4510 5909 ſe
4582 5785 4859 5909 tourne
4907 5785 4955 5909 le

2851 5910 3041 6033 talon
3129 5910 3180 6033 du
3243 5910 3421 6033 pied
3484 5910 3674 6033 droit
3737 5910 3788 6033 en
3877 5910 4155 6033 arriere
4219 5910 4320 6033 ſur
4371 5910 4421 6033 la
4485 5910 4675 6033 ligne
4801 5910 4814 6033 G
4915 5910 4966 6033 D,

2904 6036 2916 6161 &
2952 6036 3012 6161 le
3072 6036 3264 6161 coſté
3336 6036 3625 6161 gauche
3697 6036 3745 6161 du
3829 6036 4045 6161 corps
4094 6036 4154 6161 un
4226 6036 4346 6161 peu
4442 6036 4490 6161 en
4574 6036 4827 6161 avant,
4887 6036 4935 6161 en

2845 6159 3107 6278 faiſant
3157 6159 3907 6278 l’aſſujettiſſement
3982 6159 4032 6278 de
4082 6159 4119 6278 la
4169 6159 4369 6278 lame
4431 6159 4843 6278 contraire,
4956 6159 4956 6278 &

2839 6277 3223 6391 tournant
3268 6277 3313 6391 la
3369 6277 3708 6391 branche
3776 6277 4227 6391 exterieure
4295 6277 4351 6391 de
4396 6277 4441 6391 la
4509 6277 4769 6391 ſienne
4836 6277 4972 6391 dia-

2860 6402 3369 6533 gonalement
3452 6402 3500 6533 en
3583 6402 3808 6533 haut;
3879 6402 4176 6533 comme
4247 6402 4283 6533 il
4354 6402 4437 6533 eſt
4508 6402 4958 6533 repreſenté

2852 6525 2965 6659 par
3027 6525 3065 6659 la
3140 6525 3427 6659 figure.
3577 6525 4014 6659 Toutesfois
4113 6525 4301 6659 ceſte
4376 6525 4775 6659 operation
4875 6525 4962 6659 eſt

2859 6654 3168 6783 deſcrite
3225 6654 3385 6783 plus
3431 6654 3922 6783 amplement
3968 6654 4151 6783 avec
4196 6654 4470 6783 toutes
4516 6654 4608 6783 ſes
4665 6654 4962 6783 circon-

2845 6780 3157 6877 ſtances
3209 6780 3261 6877 au
3365 6780 3560 6877 Tabl.
3638 6780 3781 6877 VII.
3885 6780 4132 6877 Cercle
4236 6780 4275 6877 N.
4327 6780 4353 6877 1.
4483 6780 4483 6877 &
4535 6780 4678 6877 aux
4730 6780 4977 6877 anno-

2844 6921 3131 7005 tations
3184 6921 3555 7005 annexes.

1327 4539 1655 4699 Cercle
1895 4539 2092 4699 N.1.

586 4755 664 4874 Les
720 4755 831 4874 deux
886 4755 1097 4874 parties
1141 4755 1386 4874 s’eſtants
1441 4755 1708 4874 colloquez
1774 4755 2230 4874 preallablement
2285 4755 2318 4874 en
2396 4755 2585 4874 droites
2640 4755 2696 4874 li-

685 4882 817 4994 gnes,
882 4882 992 4994 avec
1036 4882 1101 4994 les
1134 4882 1310 4994 eſpees
1353 4882 1682 4994 paralleles;
1792 4882 2076 4994 Alexandre
2142 4882 2460 4994 s’achemine
2514 4882 2624 4994 avec
2668 4882 2690 4994 le

677 5007 791 5121 pied
848 5007 962 5121 droit
1008 5007 1042 5121 en
1111 5007 1213 5121 deça
1259 5007 1293 5121 le
1373 5007 1636 5121 Diametre
1693 5007 1693 5121 à
1738 5007 1773 5121 la
1830 5007 2046 5121 Seconde
2092 5007 2355 5121 Inſtance,
2412 5007 2560 5121 lettre
2651 5007 2686 5121 G,

701 5133 889 5250 menant
947 5133 1123 5250 quand
1275 5133 1439 5250 quand
1498 5133 1521 5250 le
1591 5133 1697 5250 pied
1755 5133 1942 5250 gauche
2013 5133 2083 5250 ſur
2142 5133 2165 5250 le
2259 5133 2458 5250 Quarré
2504 5133 2703 5250 circon-

677 5249 829 5369 ſcrit,
864 5249 1005 5369 entre
1040 5249 1098 5369 les
1145 5249 1321 5369 points
1403 5249 1403 5369 D
1508 5249 1508 5369 S
1578 5249 1613 5369 F,
1672 5249 1672 5369 à
1742 5249 1906 5369 mettre
1953 5249 2023 5369 les
2058 5249 2234 5369 orteils
2281 5249 2351 5369 ſur
2398 5249 2421 5369 le
2503 5249 2691 5369 Diame-

680 5381 969 5499 treoblicq,
1017 5381 1054 5499 en
1102 5381 1500 5499 aſſujettiſſant
1536 5381 1717 5499 l’eſpee
1765 5381 2115 5499 contraire.

1050 5529 1200 5663 Pres
1263 5529 1400 5663 que
1450 5529 1550 5663 les
1625 5529 1888 5663 Parties
1938 5529 2000 5663 ſe
2050 5529 2200 5663 ſont
2275 5529 2701 5663 colloquez

1036 5668 1082 5776 en
1198 5668 1568 5776 Premiere
1648 5668 2007 5776 Inſtance
2111 5668 2157 5776 en
2273 5668 2562 5776 droites
2619 5668 2689 5776 li-

1039 5792 1246 5915 gnes,
1310 5792 1620 5915 chaſcun
1698 5792 1749 5915 en
1814 5792 1917 5915 ſon
2047 5792 2563 5915 Quadrangle,
2602 5792 2705 5915 l’e-

1023 5911 1194 6036 ſpee
1255 5911 1915 6036 d’ALEXANDRE
1964 5911 2331 6036 parallele
2392 5911 2698 6036 deſſous

550 6037 876 6148 l’autre;
935 6037 970 6148 il
1028 6037 1506 6148 commence
1552 6037 1564 6148 à
1622 6037 2054 6148 travailler,
2112 6037 2159 6148 en
2229 6037 2590 6148 hauſſant
2637 6037 2683 6148 le

551 6166 733 6287 pied
794 6166 1024 6287 droit,
1109 6166 1121 6287 &
1182 6166 1824 6287 enſemblement
1873 6166 1909 6287 la
1970 6166 2237 6287 pointe
2310 6166 2370 6287 de
2419 6166 2685 6287 l’eſpee

552 6291 565 6413 à
626 6291 845 6413 l’aide
918 6291 967 6413 du
1052 6291 1394 6413 poignet
1479 6291 1540 6413 de
1589 6291 1637 6413 la
1735 6291 1930 6413 main,
1991 6291 2040 6413 en
2113 6291 2308 6413 ſorte
2381 6291 2540 6413 qu’il
2613 6291 2661 6413 en

546 6417 745 6531 joint
795 6417 845 6531 le
957 6417 1069 6531 N.3.
1107 6417 1156 6531 au
1281 6417 1331 6531 N.
1381 6417 1418 6531 8.
1480 6417 1543 6531 de
1593 6417 1630 6531 la
1680 6417 1879 6531 lame
1941 6417 2365 6531 contraire;
2390 6417 2689 6531 laquel-

553 6541 602 6665 le
652 6541 689 6665 il
739 6541 1098 6665 emporte
1160 6541 1284 6665 peu
1359 6541 1359 6665 à
1433 6541 1557 6665 peu
1632 6541 1644 6665 à
1694 6541 2152 6665 l’advenant
2227 6541 2363 6665 que
2413 6541 2462 6665 le
2512 6541 2686 6665 pied

564 6666 750 6788 droit
820 6666 1169 6788 s’avance
1239 6666 1285 6788 en
1378 6666 1541 6788 deçà
1611 6666 1657 6788 le
1750 6666 2123 6788 Diametre
2181 6666 2297 6788 par
2367 6666 2402 6788 la
2472 6666 2681 6788 trace

570 6789 622 6917 du
775 6789 1031 6917 Quarré
1108 6789 1416 6917 inſcrit;
1505 6789 1800 6917 duquel
1877 6789 2120 6917 eſtant
2197 6789 2364 6917 venu
2453 6789 2453 6917 à
2568 6789 2684 6917 my-

566 6911 851 7041 chemin
938 6911 1000 7041 de
1075 6911 1534 7041 l’Inſtance,
1596 6911 1819 7041 avant
1906 6911 2067 7041 qu’il
2129 6911 2600 7041 tresbuche,
2650 6911 2687 7041 il

1549 1750 1849 1975 Eplus
1909 1750 2488 1975 apparent,
2628 1750 2628 1975 &
2707 1750 2767 1975 le
2847 1750 3067 1975 plus
3127 1750 3526 1975 furieux
3626 1750 3806 1975 d’un
3945 1750 4425 1975 combat,
4564 1750 4584 1975 &
4664 1750 4744 1975 ce
4844 1750 4984 1975 qui

1465 1965 1479 2121 y
1534 1965 1659 2121 fait
1714 1965 1756 2121 le
1825 1965 1977 2121 plus
2047 1965 2282 2121 grand
2338 1965 2850 2121 tintamarre,
2892 1965 2947 2121 ce
3003 1965 3169 2121 ſont
3225 1965 3308 2121 les
3377 1965 3613 2121 coups
3682 1965 3737 2121 de
3793 1965 4028 2121 taille.
4098 1965 4153 2121 La
4236 1965 4430 2121 cauſe
4500 1965 4541 2121 en
4624 1965 4971 2121 procede

1480 2105 1533 2256 de
1600 2105 1653 2256 ce
1733 2105 1920 2256 quils
1987 2105 2427 2256 conſiſtent
2494 2105 2534 2256 en
2640 2105 2694 2256 de
2747 2105 2907 2256 plus
2974 2105 3241 2256 grands
3347 2105 3961 2256 mouvements,
4041 2105 4175 2256 que
4228 2105 4321 2256 les
4401 2105 4855 2256 eſtocades;
4962 2105 4975 2256 &

1456 2249 1577 2395 par
1644 2249 1819 2395 tant
1859 2249 2060 2395 leurs
2114 2249 2423 2395 aions
2464 2249 2638 2395 ſont
2692 2249 2853 2395 plus
2907 2249 3552 2395 remarquables.
3646 2249 3767 2395 Les
3835 2249 4251 2395 eſtocades
4292 2249 4466 2395 ſont
4520 2249 4681 2395 plus
4735 2249 4977 2395 viſtes,

1450 2389 1566 2536 par
1643 2389 1695 2536 ce
1772 2389 2069 2536 qu’elles
2133 2389 2533 2536 prennent
2585 2389 2636 2536 le
2688 2389 2855 2536 plus
2920 2389 3126 2536 court
3191 2389 3487 2536 chemin
3565 2389 3758 2536 pour
3810 2389 4248 2536 atteindre;
4274 2389 4377 2536 les
4428 2389 4661 2536 tailles
4725 2389 4738 2536 y
4790 2389 4970 2536 vont

1455 2525 1569 2677 par
1626 2525 1697 2677 un
1796 2525 2110 2677 deſtour
2167 2525 2608 2677 circulaire,
2679 2525 2793 2677 qui
2850 2525 2935 2677 eſt
2978 2525 3149 2677 plus
3206 2525 3476 2677 tardif.
3619 2525 3832 2677 Celles
3889 2525 3960 2677 cy
4017 2525 4089 2677 ne
4146 2525 4558 2677 touchent
4630 2525 4758 2677 qu’à
4815 2525 4986 2677 l’ex-

568 2661 862 2816 terieur
942 2661 995 2816 du
1089 2661 1329 2816 corps;
1396 2661 1609 2816 celles
1649 2661 1689 2816 là
1756 2661 2183 2816 penetrent
2250 2661 2316 2816 au
2410 2661 2690 2816 dedans
2730 2661 3157 2816 juſqu’aux
3211 2661 3491 2816 parties
3544 2661 3851 2816 vitales:
3945 2661 4118 2816 dont
4171 2661 4265 2816 les
4332 2661 4599 2816 playes
4665 2661 4719 2816 en
4799 2661 4972 2816 ſont

569 2800 734 2958 plus
831 2800 1259 2958 mortelles.
1397 2800 1466 2958 Ce
1535 2800 1728 2958 n’eſt
1797 2800 1921 2958 pas
1976 2800 2363 2958 pourtant
2459 2800 2584 2958 que
2653 2800 2915 2958 noſtre
3011 2800 3398 2958 Eſcholier
3494 2800 3688 2958 doive
3757 2800 3950 2958 tenir
4019 2800 4102 2958 les
4184 2800 4419 2958 coups
4502 2800 4557 2958 de
4626 2800 4819 2958 taille
4902 2800 4957 2958 en

575 2937 694 3092 peu
787 2937 1158 3092 d’eſtime.
1264 2937 1356 3092 car
1396 2937 1502 3092 les
1555 2937 1966 3092 occaſions
2019 2937 2138 3092 luy
2191 2937 2588 3092 rendront
2641 2937 2734 3092 les
2787 2937 2959 3092 vnes
3025 2937 3303 3092 autant
3356 2937 3859 3092 neceſſaires,
3939 2937 4058 3092 que
4124 2937 4217 3092 les
4270 2937 4561 3092 autres.
4680 2937 4866 3092 Auſſi
4919 2937 4972 3092 le

574 3077 776 3234 coup
856 3077 910 3234 de
977 3077 1165 3234 taille
1233 3077 1488 3234 eſtant
1542 3077 1663 3234 tiré
1716 3077 1730 3234 à
1797 3077 2012 3234 point
2079 3077 2415 3234 nommé
2469 3077 2644 3234 avec
2711 3077 2805 3234 les
2886 3077 3477 3234 circonſtances
3544 3077 3920 3234 requiſes,
3987 3077 4028 3234 le
4135 3077 4391 3234 mettra
4471 3077 4525 3234 en
4619 3077 4968 3234 deſordre

564 3223 855 3372 autant
924 3223 1049 3372 que
1104 3223 1589 3372 l’eſtocade,
1631 3223 1728 3372 s’il
1769 3223 1853 3372 ne
1908 3223 2088 3372 ſçait
2144 3223 2532 3372 travailler
2615 3223 3044 3372 deuëment
3100 3223 3612 3372 alencontre.
3709 3223 3806 3372 Car
3862 3223 4402 3372 l’Adverſaire
4472 3223 4513 3372 en
4610 3223 4957 3372 gaignera

566 3358 606 3515 le
675 3358 933 3515 temps
1002 3358 1070 3515 de
1124 3358 1601 3515 pourſuivre
1655 3358 1751 3515 ſon
1833 3358 2268 3515 avantage.
2391 3358 2527 3515 Mais
2595 3358 2745 3515 c’eſt
2800 3358 2990 3515 pour
3072 3358 3563 3515 demonſtrer
3617 3358 3658 3515 la
3712 3358 3999 3515 raiſon,
4053 3358 4162 3515 qui
4203 3358 4407 3515 nous
4462 3358 4462 3515 a
4543 3358 4829 3515 eſmes
4911 3358 4979 3515 de

575 3505 755 3654 vous
846 3505 1220 3654 monſtrer
1271 3505 1942 3654 premierement
1981 3505 1994 3654 à
2058 3505 2445 3654 travailler
2510 3505 2613 3654 ſur
2664 3505 2755 3654 les
2819 3505 3258 3654 eſtocades,
3309 3505 3606 3654 pource
3683 3505 3812 3654 que
3851 3505 3954 3654 les
4019 3505 4406 3654 atteintes
4457 3505 4509 3654 en
4573 3505 4754 3654 ſont
4806 3505 4960 3654 plus

578 3640 826 3790 viſtes,
923 3640 923 3790 &
964 3640 1060 3790 les
1116 3640 1377 3790 playes
1433 3640 1584 3790 plus
1653 3640 2218 3790 dangereuſes.
2301 3640 2755 3790 Toutesfois
2797 3640 3155 3790 l’artifice
3224 3640 3293 3790 de
3348 3640 3817 3790 rencontrer
3872 3640 3913 3790 la
3968 3640 4161 3790 taille
4216 3640 4299 3790 ne
4340 3640 4478 3790 ſera
4547 3640 4657 3790 pas
4740 3640 4960 3790 moin-

599 3775 735 3932 dre,
790 3775 1117 3932 comme
1185 3775 1239 3932 on
1348 3775 1539 3932 verra
1594 3775 1716 3932 par
1771 3775 1812 3932 la
1907 3775 2329 3932 deduion
2425 3775 2493 3932 de
2561 3775 2615 3932 ce
2697 3775 3024 3932 Tableau
3106 3775 3474 3932 preſent.
3597 3775 3651 3932 Et
3719 3775 3760 3932 ſi
3815 3775 3855 3932 la
3951 3775 4278 3932 maniere
4360 3775 4823 3932 d’accueillir
4877 3775 4973 3932 les

585 3917 1003 4064 eſtocades
1070 3917 1070 4064 a
1164 3917 1299 4064 eſté
1353 3917 1689 4064 trouvée
1756 3917 2174 4064 differente
2281 3917 2295 4064 &
2362 3917 2550 4064 quaſi
2618 3917 3008 4064 contraire
3062 3917 3062 4064 à
3116 3917 3156 4064 la
3224 3917 3452 4064 vieille
3547 3917 3802 4064 mode,
3856 3917 4018 4064 celle
4112 3917 4206 4064 des
4273 3917 4516 4064 tailles
4556 3917 4610 4064 le
4664 3917 4798 4064 ſera
4866 3917 4973 4064 en-

580 4057 788 4207 cores
879 4057 1347 4207 davantage.
1477 4057 1529 4207 Or
1581 4057 1698 4207 afin
1802 4057 1919 4207 que
1984 4057 2036 4207 le
2101 4057 2270 4207 tout
2348 4057 2530 4207 vous
2608 4057 2738 4207 ſoit
2816 4057 3271 4207 repreſenté
3349 4057 3505 4207 plus
3583 4057 4090 4207 clairement,
4129 4057 4337 4207 nous
4402 4057 4636 4207 avons
4688 4057 4961 4207 trouvé

562 4191 709 4344 bon
802 4191 922 4344 d’en
1029 4191 1295 4344 mettre
1349 4191 1469 4344 icy
1549 4191 1935 4344 pluſieurs
1989 4191 2389 4344 exemples
2442 4191 2562 4344 par
2629 4191 2882 4344 ordre,
2935 4191 2989 4344 en
3069 4191 3722 4344 commenceant
3802 4191 4175 4344 derechef
4242 4191 4362 4344 par
4415 4191 4975 4344 l’aſſujettiſſe-

606 4334 795 4469 ment
889 4334 943 4469 de
1011 4334 1322 4469 l’eſpee.

1155 1325 2583 1591 DECLARATION
2835 1325 3087 1591 DES
3360 1325 4577 1591 OPERATIONS

1709 1554 1826 1672 DV
2001 1554 2133 1672 TA
2220 1554 2644 1672 BLEAV
2863 1554 3082 1672 QVA
3184 1554 3914 1672 TORZIEME.

4730 7034 4965 7123 Cercle
