5520 7640
1334 423 1649 586 Cercle
1897 423 2191 586 N.2.

649 631 846 752 Durant
892 631 1319 752 qu’Alexandre
1365 631 1539 752 plante
1573 631 1631 752 les
1677 631 1816 752 pieds
1862 631 1873 752 à
1920 631 1954 752 la
2012 631 2231 752 Seconde
2278 631 2508 752 Inſtance
2566 631 2578 752 e
2670 631 2739 752 aſ-

723 762 1067 882 ſujettiſſant
1101 762 1285 882 l’eſpee
1330 762 1617 882 contraire;
1686 762 1961 882 aumeſme
1995 762 2167 882 temps
2236 762 2488 882 Zacharie
2533 762 2740 882 s’avan-

726 884 763 1012 ce
824 884 934 1012 avec
982 884 1007 1012 le
1043 884 1165 1012 pied
1202 884 1397 1012 gauche
1446 884 1458 1012 à
1507 884 1531 1012 la
1580 884 1738 1012 lettre
1848 884 1885 1012 Q,
2007 884 2007 1012 &
2068 884 2141 1012 luy
2177 884 2275 1012 tire
2324 884 2360 1012 un
2446 884 2531 1012 oup
2592 884 2628 1012 de
2665 884 2738 1012 re-

731 1012 835 1127 vers
881 1012 927 1127 au
973 1012 1088 1127 coſté
1145 1012 1260 1127 droit
1317 1012 1352 1127 de
1398 1012 1432 1127 la
1478 1012 1674 1127 teſte.

1122 1137 1213 1270 Eſt
1252 1137 1369 1270 icy
1421 1137 1837 1270 l’oppoſite
1902 1137 1967 1270 de
2019 1137 2058 1270 la
2109 1137 2668 1270 precedente;
2720 1137 2733 1270 à

1089 1263 1288 1392 quoy
1370 1263 1382 1392 A
1452 1263 1898 1392 LEXANDRE
1968 1263 1980 1392 a
2062 1263 2332 1392 convié
2379 1263 2496 1392 luy
2578 1263 2743 1392 meſ-

1093 1388 1178 1515 me
1227 1388 1276 1515 ſa
1336 1388 1579 1515 partie
1628 1388 1980 1515 adverſe,
2040 1388 2089 1515 en
2150 1388 2271 1515 luy
2320 1388 2744 1515 aſſujettiſ-

1075 1512 1226 1647 ſant
1276 1512 1539 1647 l’eſpee
1614 1512 1802 1647 avec
1865 1512 2028 1647 plus
2116 1512 2179 1647 de
2241 1512 2505 1647 poids,
2592 1512 2730 1647 qu’à

588 1639 1087 1743 l’ordinaire,
1170 1639 1467 1743 comme
1539 1639 1634 1743 s’il
1693 1639 1812 1743 s’en
1895 1639 2097 1743 allaſt
2156 1639 2644 1743 tresbucher
2715 1639 2727 1743 à

599 1763 759 1892 tout
809 1763 846 1892 la
907 1763 1203 1892 ſienne.
1326 1763 1781 1892 Cependant
1843 1763 2003 1892 qu’il
2077 1763 2089 1892 y
2163 1763 2225 1892 va
2311 1763 2496 1892 donc
2545 1763 2582 1892 ſi
2631 1763 2742 1892 ru-

613 1886 954 2015 dement,
1068 1886 1081 2015 &
1144 1886 1308 2015 qu’il
1346 1886 1397 2015 ſe
1460 1886 1713 2015 plante
1776 1886 1877 2015 les
1927 1886 2142 2015 pieds
2193 1886 2205 2015 à
2256 1886 2294 2015 la
2370 1886 2736 2015 Seconde

600 2013 988 2137 Inſtance,
1048 2013 1085 2137 en
1181 2013 1339 2137 deçà
1399 2013 1448 2137 le
1545 2013 1956 2137 Diametre;
1993 2013 2053 2137 au
2150 2013 2404 2137 meſme
2465 2013 2719 2137 temps

622 2141 633 2262 Z
691 2141 1072 2262 ACHARIE
1141 2141 1487 2262 s’avance
1556 2141 1729 2262 avec
1787 2141 1844 2262 le
1914 2141 2087 2262 pied
2167 2141 2490 2262 gauche,
2559 2141 2721 2262 con-

603 2261 886 2387 duiſant
947 2261 1600 2387 circulairement
1637 2261 1907 2387 l’efpee
1957 2261 2080 2387 par
2141 2261 2387 2387 deſſus
2424 2261 2474 2387 ſa
2535 2261 2720 2387 teſte

579 2391 591 2514 à
677 2391 825 2514 main
911 2391 1230 2514 gauche,
1329 2391 1329 2514 &
1402 2391 1452 2514 en
1525 2391 1894 2514 abaiſſant
1943 2391 1992 2514 le
2042 2391 2214 2514 pied
2263 2391 2275 2514 à
2337 2391 2533 2514 terre
2595 2391 2718 2514 par

604 2516 743 2639 delà
793 2516 844 2639 le
932 2516 1312 2639 Diametre
1362 2516 1375 2639 à
1425 2516 1463 2639 la
1514 2516 1754 2639 lettre
1855 2516 1905 2639 Q,
1943 2516 1981 2639 il
2019 2516 2133 2639 luy
2196 2516 2322 2639 tire
2373 2516 2449 2639 un
2537 2516 2714 2639 coup

601 2641 662 2763 de
736 2641 993 2763 revers
1078 2641 1433 2763 diagonal
1495 2641 1556 2763 au
1654 2641 1849 2763 coſté
1935 2641 2119 2763 droit
2217 2641 2278 2763 de
2351 2641 2400 2763 la
2474 2641 2718 2763 teſte;

586 2771 896 2887 comme
943 2771 979 2887 il
1015 2771 1074 2887 ſe
1134 2771 1277 2887 voit
1348 2771 1396 2887 en
1456 2771 1503 2887 la
1563 2771 1849 2887 figure.

736 2889 935 3010 Ceſte
997 2889 1395 3010 operation
1482 2889 1545 3010 de
1632 2889 2017 3010 Zacharie,
2079 2889 2266 3010 vous
2328 2889 2415 3010 eſt
2465 2889 2726 3010 repre-

577 3018 838 3137 ſentée
913 3018 963 3137 en
1050 3018 1349 3137 figure,
1412 3018 1536 3137 afin
1636 3018 2023 3137 qu’eſtant
2085 3018 2247 3137 bien
2359 3018 2708 3137 cognue,

583 3142 767 3262 vous
836 3142 882 3262 en
997 3142 1526 3262 compreniez
1595 3142 1767 3262 auſſi
1836 3142 1997 3262 tant
2054 3142 2227 3262 plus
2296 3142 2434 3262 toſt
2514 3142 2721 3262 com-

597 3270 782 3388 ment
862 3270 1290 3388 Alexandre
1360 3270 1394 3388 la
1498 3270 1753 3388 domte
1834 3270 1880 3388 en
1972 3270 2354 3388 pluſieurs
2458 3270 2724 3388 manie-

567 3395 672 3515 res
719 3395 836 3515 par
883 3395 977 3515 les
1035 3395 1528 3515 operations,
1586 3395 1692 3515 qui
1739 3395 1903 3515 ſont
1950 3395 2512 3515 repreſentées
2571 3395 2712 3515 aux

608 3520 897 3643 Cercles
969 3520 1354 3643 ſuivants.

1277 3677 1579 3843 Cercle
1812 3677 2045 3843 N.3.

597 3895 895 4014 Alexandre
931 3895 1098 4014 eſtant
1146 3895 1325 4014 planté
1373 3895 1373 4014 à
1421 3895 1528 4014 tout
1564 3895 1636 4014 ſes
1683 3895 1815 4014 deux
1862 3895 2006 4014 pieds
2053 3895 2053 4014 à
2101 3895 2137 4014 la
2197 3895 2412 4014 Seconde
2459 3895 2722 4014 Inſtance,

724 4024 724 4141 &
783 4024 783 4141 y
829 4024 1005 4141 tenant
1052 4024 1239 4141 l’eſpee
1275 4024 1544 4141 contraire
1591 4024 1907 4141 aſſujettie;
2001 4024 2259 4141 Zacharie
2305 4024 2551 4141 s’avance
2598 4024 2715 4141 avec

679 4151 703 4268 le
751 4151 871 4268 pied
907 4151 1135 4268 gauche,
1195 4151 1387 4268 menant
1436 4151 1616 4268 l’eſpee
1664 4151 2108 4268 circulairement
2156 4151 2241 4268 par
2301 4151 2445 4268 deſſus
2481 4151 2517 4268 ſa
2565 4151 2721 4268 teſte,

674 4278 859 4391 comme
911 4278 962 4391 au
1003 4278 1312 4391 paravant:
1374 4278 1446 4391 ſur
1498 4278 1611 4391 quoy
1704 4278 2002 4391 Alexandre
2043 4278 2290 4391 s’avance
2332 4278 2713 4391 pareillement

686 4403 731 4521 au
799 4403 956 4521 meſme
990 4403 1159 4521 temps
1204 4403 1227 4521 le
1272 4403 1396 4521 coſté
1486 4403 1486 4521 &
1531 4403 1565 4521 le
1610 4403 1723 4521 pied
1768 4403 1993 4521 gauche,
2027 4403 2060 4521 en
2106 4403 2184 4521 luy
2241 4403 2455 4521 donnant
2500 4403 2545 4521 un
2601 4403 2714 4521 coup

698 4524 979 4645 d’eſtocade
1036 4524 1036 4645 à
1081 4524 1306 4645 travers
1339 4524 1373 4645 la
1418 4524 1564 4645 teſte;
1609 4524 1789 4645 comme
1834 4524 1857 4645 il
1890 4524 1947 4645 eſt
2003 4524 2194 4645 declaré
2239 4524 2340 4645 plus
2385 4524 2711 4645 amplement

689 4653 723 4767 en
770 4653 804 4767 la
862 4653 1196 4767 deſcription.

1064 4786 1198 4921 Eſte
1272 4786 1675 4921 operation
1772 4786 2126 4921 procede
2224 4786 2273 4921 en
2358 4786 2553 4921 ſuite
2639 4786 2688 4921 du

1070 4931 1307 5050 Cercle
1420 4931 1457 5050 N.
1507 4931 1544 5050 1.
1607 4931 1657 5050 où
1769 4931 2318 5050 ALEXANDRE
2380 4931 2468 5050 eſt
2518 4931 2717 5050 plan-

1032 5053 1092 5170 té
1140 5053 1152 5170 à
1212 5053 1368 5170 tout
1440 5053 1536 5170 ſes
1620 5053 1812 5170 deux
1860 5053 2075 5170 pieds
2147 5053 2147 5170 à
2219 5053 2255 5170 la
2351 5053 2711 5170 Seconde

1037 5177 1440 5299 Inſtance,
1489 5177 1721 5299 ayant
1783 5177 2137 5299 aſſujetti
2186 5177 2467 5299 l’eſpee
2553 5177 2724 5299 con-

574 5306 800 5424 traire
867 5306 1048 5424 avec
1116 5306 1375 5424 force.
1533 5306 1702 5424 Dont
1815 5306 1815 5424 Z
1883 5306 2289 5424 ACHARIE
2356 5306 2706 5424 s’avance

567 5428 749 5549 avec
798 5428 846 5549 le
907 5428 1076 5549 pied
1149 5428 1477 5549 gauche,
1537 5428 1998 5549 conduiſant
2083 5428 2459 5549 derechef
2519 5428 2556 5549 ſa
2628 5428 2725 5549 la-

597 5551 678 5669 me
759 5551 1417 5669 circulairement
1498 5551 1556 5669 de
1637 5551 1937 5669 deſſous
1983 5551 2260 5669 l’eſpee
2330 5551 2711 5669 contraire

577 5676 689 5803 par
763 5676 1000 5803 deſſus
1049 5676 1086 5803 ſa
1149 5676 1335 5803 teſte
1385 5676 1385 5803 à
1484 5676 1621 5803 main
1708 5676 2043 5803 gauche,
2130 5676 2130 5803 &
2205 5676 2242 5803 en
2317 5676 2553 5803 tirant
2602 5676 2714 5803 par

596 5802 854 5925 meſme
937 5802 1125 5925 voye
1195 5802 1266 5925 un
1360 5802 1548 5925 coup
1642 5802 1701 5925 de
1772 5802 2030 5925 revers
2124 5802 2477 5925 diagonal
2536 5802 2548 5925 à
2607 5802 2724 5925 l’o-

579 5926 777 6050 reille
864 5926 1100 6050 droite
1187 5926 1249 6050 de
1335 5926 1906 6050 l’Adverſaire,
1968 5926 1980 6050 à
2055 5926 2365 6050 planter
2427 5926 2476 6050 le
2538 5926 2712 6050 pied

584 6048 811 6171 eſlevé
874 6048 874 6171 à
937 6048 1163 6171 lettre
1289 6048 1327 6171 Q,
1390 6048 1503 6171 par
1566 6048 1705 6171 delà
1755 6048 1818 6171 le
1919 6048 2347 6171 Diametre;
2410 6048 2587 6171 tout
2650 6048 2713 6171 de

605 6175 865 6302 meſme
948 6175 1137 6302 qu’au
1256 6175 1504 6302 Cercle
1563 6175 2048 6302 precedent.
2143 6175 2710 6302 ALEXANDRE

599 6300 709 6426 qui
771 6300 1005 6426 prend
1103 6300 1165 6426 de
1226 6300 1374 6426 fort
1460 6300 1620 6426 pres
1719 6300 1928 6426 garde
2014 6300 2063 6426 au
2174 6300 2482 6426 temps,
2543 6300 2716 6426 s’ap-

574 6427 1011 6551 percevant
1059 6427 1177 6551 par
1224 6427 1284 6551 le
1331 6427 1804 6551 ſentiment,
1875 6427 2005 6551 que
2065 6427 2112 6551 la
2159 6427 2360 6551 lame
2408 6427 2715 6551 aſſujet-

588 6552 672 6674 tie
732 6552 1198 6674 commence
1257 6552 1257 6674 à
1317 6552 1377 6674 ſe
1461 6552 1903 6674 deſtacher,
1962 6552 1998 6674 il
2070 6552 2309 6674 eſleve
2369 6552 2548 6674 auſſi
2608 6552 2727 6674 pa-

580 6676 1034 6795 reillement
1142 6676 1142 6795 &
1214 6676 1572 6795 chemine
1644 6676 1823 6795 avec
1883 6676 1931 6795 le
1990 6676 2158 6795 pied
2253 6676 2576 6795 gauche,
2660 6676 2707 6795 en

588 6800 960 6925 tournant
1064 6800 1076 6925 &
1123 6800 1517 6925 avançant
1564 6800 1622 6925 le
1703 6800 1959 6925 meſme
2040 6800 2238 6925 coſté
2319 6800 2377 6925 du
2470 6800 2714 6925 corps,

610 6922 660 7051 de
723 6922 938 7051 façon
1026 6922 1178 7051 qu’il
1228 6922 1708 7051 abandonne
1758 6922 1809 7051 la
1859 6922 2111 7051 place,
2162 6922 2212 7051 où
2276 6922 2326 7051 le
2402 6922 2591 7051 coup
2654 6922 2717 7051 de

2903 381 3326 530 l’Ennemy
3390 381 3480 530 eſt
3544 381 3826 530 dreſsé,
3877 381 4159 530 venant
4210 381 4223 530 à
4287 381 4594 530 planter
4633 381 4684 530 le
4748 381 4914 530 pied
4991 381 5042 530 en

2932 508 3087 652 deçà
3165 508 3217 652 le
3333 508 3708 652 Diametre
3786 508 3786 652 à
3864 508 3902 652 la
3980 508 4213 652 lettre
4355 508 4420 652 Q,
4498 508 4549 652 ſe
4640 508 5067 652 chargeant

2935 637 3195 775 meſme
3254 637 3313 775 le
3396 637 3608 775 corps
3691 637 3939 775 deſſus
4022 637 4069 775 en
4152 637 4388 775 avant
4447 637 4459 775 à
4541 637 4707 775 tout
4778 637 4872 775 les
4955 637 5061 775 ge-

2908 761 3117 885 noux
3191 761 3487 885 roides,
3610 761 3622 885 &
3684 761 4016 885 bleſſant
4090 761 4127 885 ſa
4201 761 4447 885 partie
4509 761 4829 885 adverſe
4916 761 5039 885 d’un

2914 882 3094 1031 coup
3172 882 3623 1031 d’eſtocade
3675 882 3688 1031 à
3739 882 4049 1031 travers
4101 882 4152 1031 la
4204 882 4436 1031 teſte;
4513 882 4681 1031 ainſi
4746 882 4900 1031 qu’il
4978 882 5055 1031 eſt

2908 1028 3363 1158 repreſenté
3428 1028 3480 1158 en
3545 1028 3584 1158 la
3649 1028 3936 1158 figure.

3642 1167 3966 1333 Cercle
4268 1167 4441 1333 .4.

2911 1372 3214 1514 Cependant
3280 1372 3714 1514 qu’Alexandre
3780 1372 3833 1514 eſt
3886 1372 4163 1514 empeſcbé
4228 1372 4228 1514 à
4294 1372 4426 1514 faire
4492 1372 5046 1514 l’aſſujettiſſement,

3037 1500 3215 1646 devant
3263 1500 3382 1646 qu’il
3430 1500 3489 1646 ait
3549 1500 3727 1646 planté
3763 1500 3823 1646 les
3870 1500 4013 1646 pieds
4061 1500 4073 1646 à
4120 1500 4156 1646 la
4215 1500 4430 1646 Seconde
4501 1500 4775 1646 Inſtance;
4870 1500 5049 1646 Zacha-

3011 1629 3075 1766 rie
3118 1629 3181 1766 luy
3234 1629 3277 1766 va
3330 1629 3458 1766 tirer
3489 1629 3702 1766 encores
3745 1629 3776 1766 le
3840 1629 4000 1766 meſme
4042 1629 4148 1766 coup
4223 1629 4255 1766 de
4297 1629 4488 1766 revers
4542 1629 4595 1766 au
4658 1629 4775 1766 coſté
4839 1629 4956 1766 droit
5020 1629 5041 1766 de

3009 1756 3045 1895 la
3093 1756 3248 1895 teſte:
3331 1756 3427 1895 mais
3474 1756 3486 1895 à
3546 1756 3797 1895 l’inſtant
3844 1756 3928 1895 que
3964 1756 4035 1895 ſon
4095 1756 4226 1895 eſpee
4298 1756 4584 1895 commence
4632 1756 4644 1895 à
4703 1756 4966 1895 deſcendre
5013 1756 5049 1895 de

3003 1877 3206 2015 l’angle
3251 1877 3397 2015 obtus
3442 1877 3543 2015 vers
3589 1877 3611 2015 le
3656 1877 3757 2015 bas,
3836 1877 4140 2015 Alexandre
4186 1877 4456 2015 l’accueilt
4501 1877 4535 2015 en
4602 1877 4783 2015 dehors
4839 1877 4873 2015 du
4918 1877 5053 2015 bras,

3013 2006 3381 2146 yaſſemblant
3430 2006 3466 2146 la
3503 2006 3675 2146 pointe
3736 2006 3773 2146 de
3809 2006 3846 2146 la
3883 2006 4054 2146 ſienne
4103 2006 4214 2146 tout
4275 2006 4520 2146 joignant
4581 2006 4618 2146 la
4691 2006 4875 2146 garde,
4961 2006 4973 2146 &
5010 2006 5046 2146 en

3020 2142 3290 2268 avançant
3339 2142 3364 2268 le
3401 2142 3548 2268 corps
3646 2142 3646 2268 &
3683 2142 3708 2268 le
3757 2142 3880 2268 pied
3916 2142 4137 2268 gauhe,
4174 2142 4199 2268 il
4236 2142 4579 2268 l’aſſujettit
4616 2142 4702 2268 par
4751 2142 4788 2268 la
4837 2142 5046 2268 desgra-

3018 2270 3221 2393 duation
3274 2270 3317 2393 en
3402 2270 3616 2393 mettant
3680 2270 3712 2393 le
3776 2270 3882 2393 pied
3936 2270 3946 2393 à
4010 2270 4149 2393 terre
4202 2270 4245 2393 en
4320 2270 4426 2393 deçà
4490 2270 4522 2393 le
4618 2270 4874 2393 Diametre
4949 2270 4949 2393 à
5013 2270 5045 2393 la

3018 2402 3166 2528 lettre
3284 2402 3329 2528 Q.

3380 2533 3614 2655 Arties
3676 2533 4033 2655 s’eſtants
4107 2533 4477 2655 derechef
4526 2533 4847 2655 plantez
4896 2533 5057 2655 pre-

3350 2659 3875 2784 allablement
3936 2659 3984 2784 en
4094 2659 4472 2784 Premiere
4533 2659 4935 2784 Inſtance,
5033 2659 5045 2784 &

3375 2774 3939 2918 ALEXANDRE
3999 2774 4239 2918 ayant
4287 2774 4706 2918 pourſuivi
4766 2774 4766 2918 à
4826 2774 5042 2918 ſujet-

3345 2914 3453 3036 ter
3501 2914 3537 3036 la
3596 2914 3788 3036 lame
3859 2914 4290 3036 contraire,
4349 2914 4397 3036 en
4481 2914 4672 3036 ſorte
4744 2914 4899 3036 qu’il
4959 2914 5043 3036 eſt

2892 3166 2991 3289 ce,
3089 3166 3089 3289 &
3150 3166 3150 3289 à
3224 3166 3506 3289 eſlever
3568 3166 4329 3289 conſequemment
4378 3166 4427 3289 le
4488 3166 4660 3289 pied
4721 3166 5041 3289 gauche;

2880 3291 2942 3415 au
3040 3291 3310 3415 meſme
3347 3291 3642 3415 inſtant
3740 3291 3740 3415 Z
3802 3291 4367 3415 ACHARIEluy
4440 3291 4588 3415 oſte
4637 3291 4674 3415 ſa
4723 3291 4920 3415 lame
4981 3291 5042 3415 de

2901 3421 3242 3523 deſſous,
3348 3421 3359 3523 &
3406 3421 3453 3523 la
3536 3421 3595 3523 va
3700 3421 3948 3523 mener
4030 3421 4689 3523 circulairement
4759 3421 4936 3523 avec
4994 3421 5041 3523 le

2884 3545 3052 3677 bras
3104 3545 3220 3677 par
3298 3545 3544 3677 deſſus
3595 3545 3634 3677 ſa
3699 3545 3893 3677 teſte
3944 3545 3944 3677 à
4035 3545 4190 3677 main
4281 3545 4617 3677 gauche,
4681 3545 4875 3677 pour
4927 3545 5043 3677 luy

2898 3675 2943 3797 en
3057 3675 3353 3797 donner
3433 3675 3763 3797 encores
3831 3675 3877 3797 le
3979 3675 4241 3797 meſme
4333 3675 4515 3797 coup
4606 3675 4674 3797 de
4754 3675 5050 3797 revers,

2889 3799 3200 3929 comme
3272 3799 3547 3929 deſſus,
3595 3799 3643 3929 en
3738 3799 4133 3929 marchant
4181 3799 4360 3929 avec
4408 3799 4456 3929 le
4516 3799 4695 3929 pied
4755 3799 5042 3929 gauche

2896 3930 2946 4054 en
3023 3930 3252 4054 avant
3315 3930 3582 4054 contre
3633 3930 4078 4054 l’Ennemi.
4193 3930 4345 4054 C’eſt
4409 3930 4460 4054 là
4536 3930 4778 4054 deſſus
4841 3930 5058 4054 qu’A-

2902 4050 3417 4200 LEXANDRE
3472 4050 3866 4200 travaille.
4015 4050 4123 4200 Dés
4219 4050 4381 4200 qu’il
4436 4050 4870 4200 apperçoit
4938 4050 5047 4200 par

2881 4182 2928 4300 le
2986 4182 3479 4300 ſentiment,
3538 4182 3679 4300 que
3726 4182 3761 4300 la
3820 4182 4020 4300 lame
4090 4182 4489 4300 aſſujettie
4571 4182 5041 4300 commence

2882 4305 2894 4436 à
2942 4305 3002 4436 ſe
3074 4305 3518 4436 deſtacher,
3578 4305 3626 4436 en
3710 4305 4093 4436 tournant
4141 4305 4201 4436 le
4261 4305 4489 4436 corps
4597 4305 4597 4436 &
4657 4305 5052 4436 avançant

2875 4432 2926 4554 le
2977 4432 3156 4554 pied
3233 4432 3526 4554 gauche
3590 4432 3641 4554 en
3705 4432 3884 4554 l’air,
3909 4432 3947 4554 il
3998 4432 4343 4554 s’eſtend
4381 4432 4445 4554 le
4496 4432 4662 4554 bras
4713 4432 4892 4554 avec
4943 4432 5045 4554 l’e-

2873 4558 3046 4682 ſpee
3121 4558 3158 4682 en
3232 4558 3418 4682 haut
3468 4558 3480 4682 à
3530 4558 3753 4682 l’egal
3815 4558 3877 4682 du
3939 4558 4286 4682 ſommet
4361 4558 4423 4682 de
4484 4558 4534 4682 la
4608 4558 4807 4682 teſte
4881 4558 5042 4682 con-

2883 4690 3163 4812 traire,
3285 4690 3297 4812 &
3370 4690 3419 4812 au
3553 4690 3820 4812 meſme
3894 4690 4234 4812 inſtant,
4320 4690 4454 4812 que
4515 4690 5038 4812 l’Adverſaire

2892 4815 3365 4944 commence
3421 4815 3432 4944 à
3522 4815 3758 4944 mener
3815 4815 3848 4944 ſa
3905 4815 4107 4944 lame
4174 4815 4242 4944 de
4298 4815 4478 4944 haut
4557 4815 4602 4944 en
4681 4815 4804 4944 bas
4861 4815 5052 4944 pour

2891 4937 3182 5059 donner
3240 4937 3298 5059 le
3380 4937 3612 5059 coup;
3694 4937 4275 5059 ALEXANDRE
4321 4937 4716 5059 l’accueilt
4775 4937 4949 5059 avec
4995 4937 5030 5059 la

2880 5062 3137 5166 ſienne
3219 5062 3265 5166 en
3382 5062 3662 5166 dehors
3744 5062 3802 5166 du
3896 5062 4106 5166 bras,
4211 5062 4257 5166 en
4374 5062 4689 5166 mettant
4759 5062 4806 5166 la
4876 5062 5051 5166 ſien-

2872 5190 2957 5322 ne
3018 5190 3030 5322 à
3164 5190 3201 5322 N.
3250 5190 3286 5322 1.
3347 5190 3396 5322 ou
3481 5190 3518 5322 2.
3567 5190 3677 5322 ſur
3725 5190 3774 5322 le
3860 5190 3896 5322 9.
3957 5190 4018 5322 ou
4091 5190 4201 5322 10.
4274 5190 4335 5322 de
4384 5190 4652 5322 l’eſpee
4725 5190 5043 5322 contrai-

2884 5311 2970 5438 re.
3106 5311 3155 5438 Et
3217 5311 3229 5438 à
3303 5311 3759 5438 l’advenant
3845 5311 4104 5438 qu’elle
4190 5311 4585 5438 continue
4647 5311 4659 5438 à
4758 5311 5053 5438 deſcen-

2899 5440 3000 5580 dre
3075 5440 3251 5580 avec
3314 5440 3578 5580 force,
3654 5440 3930 5580 durant
4006 5440 4144 5580 que
4207 5440 4257 5580 le
4320 5440 4509 5580 pied
4572 5440 4861 5580 gauche
4924 5440 5037 5580 luy

2886 5570 3161 5699 tombe
3211 5570 3223 5699 à
3286 5570 3486 5699 terre
3535 5570 3548 5699 à
3598 5570 3635 5699 la
3698 5570 3923 5699 lettre
4035 5570 4222 5699 Qpar
4285 5570 4422 5699 delà
4485 5570 4535 5699 le
4635 5570 5034 5699 Diametre;

2885 5691 3047 5822 auſſi
3122 5691 3570 5822 Alexandre
3633 5691 3683 5822 en
3757 5691 3870 5822 fait
3919 5691 3969 5822 la
4044 5691 4730 5822 deſgraduationà
4767 5691 5054 5822 l’adve-

2884 5821 3091 5958 nant,
3140 5821 3189 5958 en
3274 5821 3664 5958 graduant
3713 5821 3750 5958 la
3811 5821 4103 5958 ſienne,
4213 5821 4225 5958 &
4286 5821 4871 5958 accourciſſant
4932 5821 5042 5958 par

2911 5944 3173 6085 meſme
3236 5944 3423 6085 voye
3485 5944 3585 6085 ſon
3660 5944 3823 6085 bras
3898 5944 4110 6085 droit,
4147 5944 4422 6085 lequel
4472 5944 4497 6085 il
4547 5944 4772 6085 retire
4834 5944 4834 6085 à
4897 5944 5047 6085 ſoy,

2945 6071 2945 6212 &
3018 6071 3066 6212 en
3139 6071 3541 6212 avançant
3602 6071 3675 6212 un
3748 6071 3870 6212 peu
3980 6071 4418 6212 davantage
4491 6071 4540 6212 le
4625 6071 4820 6212 coſté
4881 6071 5039 6212 gau-

2898 6192 3047 6315 che,
3097 6192 3134 6315 il
3184 6192 3308 6315 s’en
3370 6192 3768 6315 l’affermit
3818 6192 3868 6315 le
3942 6192 4191 6315 coude
4241 6192 4303 6315 au
4390 6192 4589 6315 coſté
4664 6192 4887 6315 droit,
4974 6192 5037 6315 de

2886 6319 3099 6463 façon
3186 6319 3349 6463 qu’il
3399 6319 3449 6463 en
3549 6319 3812 6463 domte
3925 6319 3925 6463 &
4000 6319 4313 6463 divertit
4363 6319 4651 6463 l’eſpee
4726 6319 5051 6463 contrai-

2890 6449 2943 6589 re
3023 6449 3023 6589 à
3089 6449 3314 6589 l’aide
3394 6449 3460 6589 du
3553 6449 3831 6589 corps,
3884 6449 4520 6589 l’aſſujettiſſant
4587 6449 4706 6589 par
4785 6449 4918 6589 delà
4997 6449 5037 6589 le

2928 6573 3356 6716 Diametre,
3485 6573 3485 6716 &
3537 6573 3900 6716 plantant
3952 6573 4003 6716 le
4055 6573 4237 6716 pied
4301 6573 4535 6716 eſlevé
4599 6573 4716 6716 par
4794 6573 4962 6716 deçà
5040 6573 5040 6716 à

2872 6692 3107 6844 lettre
3230 6692 3279 6844 Q;
3365 6692 3661 6844 comme
3735 6692 3784 6844 on
3858 6692 3907 6844 le
3969 6692 4117 6844 voit
4191 6692 4240 6844 en
4302 6692 4351 6844 la
4400 6692 4696 6844 figure.

3017 6823 3053 6946 Il
3114 6823 3199 6946 eſt
3260 6823 3430 6946 vray
3503 6823 3636 6946 que
3721 6823 3782 6946 ce
3879 6823 4401 6946 mouvement
4486 6823 4559 6946 de
4668 6823 5045 6946 Zacharie,

2905 6942 3225 7084 dequoy
3265 6942 3305 7084 il
3385 6942 3585 7084 mene
3625 6942 3905 7084 l’eſpee
3959 6942 4079 7084 par
4145 6942 4399 7084 deſſus
4439 6942 4479 7084 ſa
4545 6942 4772 7084 teſte,
4812 6942 5052 7084 eſtant

4944 7099 5043 7186 ſur

2894 3041 3070 3162 venu
3133 3041 3146 3162 à
3208 3041 3523 3162 planter
3560 3041 3623 3162 le
3673 3041 3849 3162 pied
3924 3041 4113 3162 droit
4163 3041 4176 3162 à
4226 3041 4264 3162 la
4352 3041 4716 3162 Seconde
4779 3041 5055 3162 Inſtan-
