5520 7640
3610 499 3926 663 Cercle
4152 499 4400 663 N.

3409 708 3692 840 Rvoicy
3774 708 4246 840 maintenant
4293 708 4329 840 la
4376 708 4564 840 ſuite
4671 708 4682 840 &
4741 708 5024 840 execu-

3383 836 3510 960 tion
3591 836 3660 960 de
3718 836 3753 960 la
3834 836 4354 960 precedente,
4423 836 4839 960 continuée
4909 836 5024 960 par

3407 957 4019 1059 ALEXANDRE,
4096 957 4141 1059 en
4230 957 4607 1059 tournant
4685 957 4741 1059 le
4830 957 5019 1059 coſté

3386 1080 3568 1186 droit
3622 1080 3675 1186 en
3761 1080 4072 1186 dedans,
4115 1080 4298 1186 avec
4351 1080 4877 1186 avancement
4942 1080 4995 1186 du

2911 1201 3080 1327 bras
3189 1201 3189 1327 &
3262 1201 3322 1327 de
3371 1201 3673 1327 l’eſpee,
3746 1201 3807 1327 de
3867 1201 4206 1327 laquelle
4279 1201 4315 1327 il
4375 1201 4654 1327 tourne
4702 1201 4738 1327 la
4811 1201 5029 1327 bran-

2928 1325 3042 1456 che
3111 1325 3546 1456 exterieure
3615 1325 3661 1456 en
3729 1325 3947 1456 haut,
4016 1325 4061 1456 en
4153 1325 4519 1456 graduant
4577 1325 4623 1456 au
4691 1325 4874 1456 long
4955 1325 5012 1456 de

2905 1448 3180 1578 l’eſpee
3252 1448 3635 1578 contraire
3706 1448 3754 1578 en
3838 1448 4041 1578 ligne
4125 1448 4448 1578 courbe,
4567 1448 4579 1578 &
4639 1448 4759 1578 luy
4854 1448 5022 1578 don-

2905 1576 3077 1702 nant
3134 1576 3352 1702 (avec
3420 1576 3546 1702 vne
3615 1576 3867 1702 petite
3924 1576 4234 1702 intrade
4314 1576 4371 1702 du
4451 1576 4623 1702 pied
4692 1576 5012 1702 gauche,

2905 1693 3013 1824 ſur
3061 1693 3361 1824 lequel,
3433 1693 3697 1824 tenant
3757 1693 3818 1824 le
3890 1693 4118 1824 genou
4190 1693 4430 1824 roide,
4490 1693 4526 1824 il
4574 1693 4634 1824 ſe
4706 1693 4766 1824 va
4839 1693 5007 1824 pan-

2923 1820 3082 1948 cher
3151 1820 3196 1948 du
3287 1820 3492 1948 corps
3560 1820 3606 1948 en
3674 1820 3936 1948 avant)
3981 1820 4038 1948 un
4141 1820 4323 1948 coup
4414 1820 4835 1948 d’eſtocade
4891 1820 5005 1948 par

2906 1935 2945 2067 la
3010 1935 3231 2067 teſte;
3283 1935 3439 2067 ainſi
3504 1935 3660 2067 qu’il
3725 1935 3803 2067 eſt
3894 1935 4193 2067 monſtré
4258 1935 4258 2067 à
4323 1935 4362 2067 la
4427 1935 4699 2067 figure.

3630 2123 3953 2312 Cercle
4276 2123 4427 2312 .6.

2927 2324 3173 2442 Zacharie
3214 2324 3563 2442 recommence
3604 2324 3614 2442 à
3666 2324 3789 2442 tirer
3830 2324 4035 2442 encores
4086 2324 4117 2442 le
4199 2324 4353 2442 meſme
4394 2324 4507 2442 coup
4589 2324 4620 2442 de
4681 2324 4856 2442 revers
4917 2324 4928 2442 à
4969 2324 5000 2442 la

3013 2443 3130 2574 teſte
3189 2443 3224 2574 de
3259 2443 3306 2574 ſa
3353 2443 3552 2574 partie.
3669 2443 3763 2574 Mais
3810 2443 3857 2574 au
3904 2443 4068 2574 temps
4103 2443 4197 2574 que
4232 2443 4291 2574 ſon
4349 2443 4478 2574 eſpee
4513 2443 4572 2574 eſt
4619 2443 4654 2574 en
4701 2443 4794 2574 ale
4853 2443 4888 2574 de
4947 2443 5005 2574 de-

3005 2570 3235 2690 ſcendre,
3303 2570 3590 2690 Alexandre
3624 2570 3659 2690 ſe
3716 2570 3911 2690 deſrobe
3968 2570 3991 2690 de
4037 2570 4071 2690 la
4117 2570 4289 2690 place,
4324 2570 4645 2690 s’avançant
4736 2570 4736 2690 &
4782 2570 5000 2690 portant

3014 2691 3038 2820 le
3087 2691 3197 2820 pied
3246 2691 3442 2820 gauche
3490 2691 3527 2820 de
3576 2691 3747 2820 grand
3784 2691 3980 2820 viſteſſe
4028 2691 4028 2820 à
4077 2691 4114 2820 la
4163 2691 4310 2820 lettre
4383 2691 4395 2820 S
4456 2691 4493 2820 en
4554 2691 4652 2820 deçà
4713 2691 4738 2820 le
4823 2691 5019 2820 Diame-

3003 2814 3102 2946 tre,
3146 2814 3497 2946 pourſuivant
3540 2814 3716 2946 quand
3815 2814 3815 2946 &
3858 2814 4034 2946 quand
4078 2814 4187 2946 avec
4231 2814 4264 2946 le
4308 2814 4417 2946 pied
4472 2814 4582 2946 droit
4659 2814 4659 2946 à
4724 2814 4878 2946 volter
4944 2814 4998 2946 de-

3001 2941 3117 3061 hors
3171 2941 3202 3061 le
3287 2941 3447 3061 Cercle
3521 2941 3733 3061 derriere
3787 2941 4020 3061 l’autre,
4063 2941 4095 3061 en
4158 2941 4328 3061 tirant
4371 2941 4445 3061 luy
4519 2941 4679 3061 meſme
4732 2941 4764 3061 le
4849 2941 4997 3061 meſme

3002 3065 3112 3181 coup
3179 3065 3212 3181 de
3256 3065 3433 3181 revers
3477 3065 3477 3181 à
3522 3065 3588 3181 ſon
3654 3065 3931 3181 Contraire
3975 3065 4019 3181 au
4063 3065 4185 3181 coſté
4240 3065 4351 3181 droit
4406 3065 4440 3181 de
4484 3065 4517 3181 la
4561 3065 4771 3181 teſte.

3394 3199 3478 3327 Eſt
3537 3199 3645 3327 icy
3740 3199 4099 3327 derechef
4159 3199 4302 3327 une
4374 3199 4589 3327 autre
4660 3199 4840 3327 ſuite
4923 3199 4983 3327 du

3387 3323 3625 3448 Cercle
3744 3323 3780 3448 N.
3827 3323 3863 3448 1.
3958 3323 4232 3448 Durant
4315 3323 4994 3448 qu’ALEXANDRE

3363 3441 3450 3570 eſt
3537 3441 3935 3570 empeſché
4022 3441 4035 3570 à
4109 3441 4283 3570 faire
4358 3441 4818 3570 l’operation
4930 3441 4980 3570 du

3388 3565 3630 3682 Cercle
3732 3565 3770 3682 N.
3834 3565 3859 3682 2.
3974 3565 3974 3682 &
4025 3565 4038 3682 à
4115 3565 4433 3682 ſujetter
4484 3565 4752 3682 l’eſpee
4842 3565 5007 3682 con-

2882 3688 3141 3809 traire,
3220 3688 3638 3809 ZACHARE
3694 3688 4258 3809 recommence
4314 3688 4325 3809 à
4371 3688 4495 3809 luy
4551 3688 4720 3809 tirer
4777 3688 5002 3809 enco-

2882 3808 2994 3936 res
3038 3808 3094 3936 le
3173 3808 3430 3936 meſme
3486 3808 3677 3936 coup
3744 3808 3811 3936 de
3867 3808 4158 3936 revers;
4214 3808 4371 3936 mais
4416 3808 4472 3936 au
4550 3808 4797 3936 temps
4864 3808 4987 3936 que

2881 3936 2986 4057 ſon
3092 3936 3303 4057 eſpee
3373 3936 3467 4057 eſt
3537 3936 3584 4057 en
3678 3936 3830 4057 ae
3924 3936 3982 4057 de
4076 3936 4497 4057 deſcendre
4568 3936 4989 4057 naturelle-

2914 4059 3098 4175 ment
3166 4059 3224 4175 de
3281 4059 3453 4175 haut
3499 4059 3510 4175 à
3567 4059 3693 4175 bas
3739 4059 3934 4175 pour
3980 4059 4152 4175 faire
4198 4059 4725 4175 l’execution,
4816 4059 4988 4175 ALE-

2903 4172 3227 4301 XANDRE
3285 4172 3760 4301 abandonne
3806 4172 3853 4301 la
3911 4172 4119 4301 place
4177 4172 4235 4301 où
4305 4172 4351 4301 le
4420 4172 4594 4301 coup
4664 4172 4756 4301 eſt
4826 4172 5000 4301 dreſ-

2879 4296 2973 4422 ſé,
3044 4296 3091 4422 en
3186 4296 3233 4422 ſe
3304 4296 3718 4422 tournant,
3824 4296 3824 4422 &
3895 4296 4190 4422 ſautant
4261 4296 4438 4422 avec
4486 4296 4533 4422 le
4592 4296 4757 4422 pied
4840 4296 4994 4422 gau-

2893 4425 3047 4550 che,
3118 4425 3225 4550 qui
3296 4425 3510 4550 eſtoit
3593 4425 3913 4550 encores
3996 4425 4257 4550 eſlevé,
4328 4425 4387 4550 ou
4494 4425 4755 4550 meſme
4838 4425 4992 4550 qu’il

2881 4547 3017 4673 ſoit
3067 4547 3315 4673 planté
3365 4547 3377 4673 à
3427 4547 3464 4673 la
3551 4547 3898 4673 Seconde
3960 4547 4357 4673 Inſtance,
4395 4547 4680 4673 juſqu’à
4755 4547 4792 4673 la
4866 4547 5003 4673 let-

2877 4669 2983 4795 tre
3054 4669 3066 4795 S
3113 4669 3230 4795 par
3301 4669 3466 4795 deçà
3525 4669 3572 4795 le
3666 4669 4078 4795 Diametre,
4125 4669 4172 4795 ſe
4243 4669 4619 4795 tournant
4678 4669 4784 4795 ſur
4843 4669 4996 4795 ice-

2878 4793 2996 4921 luy
3043 4793 3103 4921 le
3162 4793 3363 4921 coſté
3422 4793 3707 4921 gauche
3778 4793 3837 4921 du
3932 4793 4145 4921 corps
4228 4793 4263 4921 en
4382 4793 4690 4921 devant,
4761 4793 4761 4921 à
4843 4793 4986 4921 vol-

2887 4917 2976 5039 ter
3032 4917 3077 5039 le
3144 4917 3312 5039 pied
3380 4917 3559 5039 droit
3626 4917 3985 5039 derriere,
4041 4917 4085 5039 en
4209 4917 4500 5039 menant
4567 4917 4623 5039 au
4724 4917 4982 5039 meſme

2883 5039 3136 5164 temps
3180 5039 3245 5164 un
3333 5039 3816 5164 contrecoup
3893 5039 3959 5164 de
4014 5039 4266 5164 revers
4321 5039 4321 5164 à
4387 5039 4485 5164 ſon
4595 5039 4979 5164 Contraire

2879 5161 2941 5276 au
3040 5161 3226 5276 coſté
3325 5161 3498 5276 droit
3584 5161 3646 5276 de
3708 5161 3745 5276 la
3832 5161 4042 5276 teſte,
4165 5161 4178 5276 &
4240 5161 4252 5276 à
4326 5161 4623 5276 planter
4685 5161 4734 5276 le
4808 5161 4982 5276 pied

2895 5283 3073 5408 droit
3132 5283 3191 5408 un
3274 5283 3392 5408 pas
3487 5283 3806 5408 derriere
3865 5283 4138 5408 l’autre
4220 5283 4493 5408 dehors
4552 5283 4611 5408 le
4717 5283 4989 5408 Cercle;

2895 5406 2955 5533 de
3002 5406 3217 5533 façon
3300 5406 3455 5533 qu’il
3491 5406 3610 5533 luy
3682 5406 3932 5533 donne
3968 5406 4016 5533 la
4099 5406 4350 5533 meſme
4409 5406 4755 5533 atteinte,
4815 5406 4982 5533 dont

2870 5531 3391 5649 l’Adverſaire
3438 5531 3646 5649 avoit
3692 5531 3912 5649 penſé
3982 5531 4051 5649 de
4098 5531 4144 5649 le
4202 5531 4491 5649 fraper:
4549 5531 4850 5649 comme
4908 5531 4966 5649 on

2875 5658 2924 5781 le
2985 5658 3132 5781 voit
3181 5658 3573 5781 pourtrait
3622 5658 3622 5781 à
3683 5658 3720 5781 la
3781 5658 4051 5781 figure.

3049 5769 3263 5889 Notez
3322 5769 3477 5889 bien
3548 5769 3596 5889 en
3679 5769 3870 5889 ceſte
3917 5769 4203 5889 aion,
4274 5769 4845 5889 qu’Alexandre
4893 5769 4976 5889 ne

2876 5893 3150 6032 partira
3209 5893 3329 6032 pas
3388 5893 3448 6032 du
3507 5893 3638 6032 lieu
3721 5893 3793 6032 de
3841 5893 3876 6032 la
3960 5893 4305 6032 Seconde
4365 5893 4769 6032 Inſtance,
4853 5893 4984 6032 que

2874 6013 3147 6156 l’eſpee
3206 6013 3586 6156 contraire
3646 6013 3717 6156 ne
3776 6013 3907 6156 ſoit
3966 6013 4132 6156 deſia
4204 6013 4251 6156 en
4322 6013 4477 6156 ae
4548 6013 4607 6156 de
4679 6013 4987 6156 deſcen-

2889 6136 3033 6252 dre.
3129 6136 3225 6252 Car
3273 6136 3441 6252 ainſi
3489 6136 4005 6252 l’Adverſaire
4053 6136 4281 6252 n’aura
4341 6136 4496 6252 plus
4568 6136 4628 6252 de
4712 6136 4952 6252 moyen

2898 6258 2955 6394 de
3012 6258 3299 6394 retenir
3345 6258 3391 6394 le
3448 6258 3677 6394 coup.
3758 6258 3930 6394 dont
4010 6258 4422 6394 Alexandre
4491 6258 4537 6394 en
4606 6258 4743 6394 ſera
4801 6258 4973 6394 tout

2875 6380 3161 6498 aſſeuré
3232 6380 3494 6498 d’avoir
3554 6380 3899 6498 l’entiere
3959 6380 4209 6498 notice
4292 6380 4352 6498 de
4400 6380 4971 6498 l’entreprinſe,

2936 6503 2936 6654 &
2984 6503 3081 6654 n’y
3142 6503 3299 6654 aura
3360 6503 3518 6654 plus
3554 6503 3675 6654 nul
3736 6503 4269 6654 changement
4305 6503 4318 6654 à
4378 6503 4754 6654 craindre.
4851 6503 4984 6654 Mais

2874 6627 2911 6765 ſi
2985 6627 3415 6765 Alexandre
3464 6627 3943 6765 abandonne
3992 6627 4312 6765 pluſtoſt
4386 6627 4422 6765 ſa
4496 6627 4742 6765 place,
4791 6627 4828 6765 il
4902 6627 4951 6765 en

2876 6755 3303 6873 adviendra
3362 6755 3528 6873 tout
3563 6755 3623 6873 le
3682 6755 4097 6873 contraire.
4180 6755 4275 6873 Car
4322 6755 4737 6873 l’Ennemy
4784 6755 4986 6873 n’ay-

2874 6873 2984 7019 ant
3058 6873 3169 7019 fait
3255 6873 3512 7019 qu’vne
3574 6873 4053 7019 preparation
4163 6873 4507 7019 d’eſlever
4569 6873 4826 7019 l’eſpee
4900 6873 4949 7019 en

4761 7000 4979 7094 haut,

631 459 734 606 ſur
785 459 837 606 le
926 459 1144 606 point
1221 459 1285 606 de
1350 459 1388 606 la
1465 459 1696 606 laiſſer
1786 459 2209 606 deſcendre
2299 459 2299 606 à
2375 459 2504 606 bas
2568 459 2760 606 pour

619 591 965 732 achever
1014 591 1063 732 le
1138 591 1360 732 coup,
1421 591 1594 732 n’eſt
1668 591 1779 732 pas
1853 591 2310 732 repreſenté
2396 591 2446 732 en
2520 591 2754 732 figure

632 723 682 839 en
769 723 832 839 ce
932 723 1233 839 Tableau
1308 723 1658 839 preſent,
1746 723 1896 839 mais
1934 723 1971 839 il
2047 723 2134 839 eſt
2222 723 2335 839 mis
2397 723 2447 839 au
2572 723 2760 839 Tabl.

670 837 939 959 XVII.
1046 837 1302 959 Cercle
1410 837 1450 959 N.
1504 837 1544 959 3.
1652 837 1652 959 &
1706 837 1759 959 au
1867 837 2109 959 Cercle
2230 837 2271 959 N.
2338 837 2392 959 4.
2459 837 2513 959 du
2607 837 2768 959 meſ-

642 965 723 1105 me
816 965 898 1105 eſt
968 965 1480 1105 repreſentée
1550 965 1584 1105 la
1689 965 2003 1105 maniere
2085 965 2155 1105 de
2236 965 2585 1105 recevoir
2644 965 2748 1105 l’e-

612 1086 782 1226 ſpee
855 1086 964 1226 qui
1025 1086 1219 1226 vient
1292 1086 1717 1226 deſcendre
1765 1086 1947 1226 avec
2008 1086 2044 1226 la
2105 1086 2420 1226 pointe,
2469 1086 2663 1226 pour
2699 1086 2748 1226 la

637 1210 937 1354 domter
1049 1210 1049 1354 &
1099 1210 1524 1354 aſſujettir.
1612 1210 1662 1354 Il
1712 1210 1724 1354 y
1787 1210 1787 1354 a
1849 1210 2299 1354 ſeulement
2362 1210 2549 1354 ceſte
2637 1210 2749 1354 dif-

612 1338 976 1478 ference,
1061 1338 1642 1478 qu’Alexandre
1715 1338 1727 1478 y
1800 1338 1884 1478 eſt
1933 1338 2393 1478 repreſenté
2466 1338 2745 1478 chemi-

611 1463 788 1600 nant
836 1463 847 1600 à
930 1463 1072 1600 main
1178 1463 1414 1600 droite
1473 1463 1591 1600 par
1650 1463 1780 1600 delà
1839 1463 1898 1600 le
1992 1463 2394 1600 Diametre,
2488 1463 2653 1600 dont
2712 1463 2748 1600 il

616 1582 947 1722 accueilt
993 1582 1267 1722 l’eſpee
1336 1582 1725 1722 contraire
1782 1582 1828 1722 en
1919 1582 2205 1722 dedans
2274 1582 2319 1722 du
2411 1582 2617 1722 bras,
2662 1582 2720 1722 au

601 1711 738 1848 lieu
825 1711 975 1848 qu’il
1024 1711 1074 1848 le
1124 1711 1249 1848 fait
1286 1711 1398 1848 icy
1473 1711 1523 1848 en
1610 1711 1921 1848 dehors.
2058 1711 2108 1848 Or
2171 1711 2270 1848 les
2333 1711 2756 1848 particula-

613 1835 802 1974 ritez
873 1835 920 1974 en
991 1835 1145 1974 ſont
1216 1835 1381 1974 plus
1452 1835 1948 1974 amplement
2030 1835 2385 1974 deduites
2455 1835 2503 1974 au
2597 1835 2715 1974 lieu

639 1962 930 2048 meſme.

799 2659 1029 2774 Notez
1113 2659 1246 2774 que
1331 2659 1524 2774 ceſte
1608 2659 1838 2774 aion
1958 2659 2405 2774 d’aſſujettir
2478 2659 2550 2774 un
2647 2659 2743 2774 tel

615 2782 797 2900 coup
894 2782 958 2900 de
1033 2782 1226 2900 taille
1290 2782 1333 2900 en
1418 2782 1461 2900 la
1568 2782 1878 2900 maniere
1975 2782 2103 2900 que
2167 2782 2371 2900 nous
2435 2782 2724 2900 venons

618 2905 677 3024 de
773 2905 1131 3024 deſcrire,
1202 2905 1369 3024 c’eſt
1429 2905 1619 3024 l’une
1715 2905 1822 3024 des
1870 2905 2037 3024 plus
2096 2905 2382 3024 nobles
2442 2905 2740 3024 parties

618 3029 678 3148 de
738 3029 1240 3148 l’Exercice,
1323 3029 1431 3148 qui
1502 3029 1861 3148 requiert
1945 3029 2004 3148 de
2076 3029 2220 3148 fort
2291 3029 2745 3148 particulie-

603 3153 703 3270 res
770 3153 1330 3270 obſervations
1397 3153 1453 3270 de
1509 3153 1923 3270 pluſieurs,
1990 3153 2180 3270 voire
2247 3153 2314 3270 de
2370 3153 2582 3270 touts
2627 3153 2739 3270 les

631 3280 1217 3375 mouvements,
1272 3280 1272 3375 à
1337 3280 1510 3375 faire
1586 3280 1880 3375 chaſcun
1966 3280 2477 3375 exaement
2531 3280 2542 3375 à
2607 3280 2704 3375 ſon

603 3401 896 3518 temps.
1024 3401 1200 3518 Dont
1270 3401 1305 3518 il
1363 3401 1445 3518 ne
1492 3401 1644 3518 faut
1703 3401 1819 3518 pas
1890 3401 2194 3518 douter,
2252 3401 2381 3518 que
2451 3401 2486 3518 la
2568 3401 2732 3518 cho-

599 3524 649 3621 ſe
723 3524 798 3621 ne
847 3524 984 3621 ſoit
1034 3524 1233 3621 aſſez
1320 3524 1655 3621 difficile,
1767 3524 1779 3621 &
1854 3524 2152 3621 moleſte
2239 3524 2500 3621 meſme
2549 3524 2549 3621 à
2611 3524 2736 3621 l’E-

601 3650 905 3766 ſcholer
1015 3650 1015 3766 &
1088 3650 1101 3766 à
1161 3650 1539 3766 l’entree.
1698 3650 1832 3766 Mais
1893 3650 2112 3766 apres
2210 3650 2368 3766 qu’il
2442 3650 2490 3766 en
2576 3650 2734 3766 aura

610 3773 1009 3890 comprins
1056 3773 1103 3890 la
1161 3773 1630 3890 tresgrande
1701 3773 1959 3890 vtilité,
1994 3773 2053 3890 le
2111 3773 2358 3890 temps
2463 3773 2463 3890 &
2510 3773 2557 3890 le
2604 3773 2745 3890 tra-

615 3897 733 4012 vail
792 3897 957 4012 qu’il
1028 3897 1039 4012 y
1134 3897 1381 4012 mettra
1452 3897 1534 4012 ne
1593 3897 1711 4012 luy
1770 3897 2265 4012 ſçauroyent
2348 3897 2725 4012 ennuyer,

628 4014 1101 4135 moyennant
1171 4014 1367 4135 qu’on
1436 4014 1552 4135 luy
1632 4014 1956 4135 monſtre
2014 4014 2210 4135 bien.
2279 4014 2729 4135 Toutesfois

592 4134 628 4256 il
688 4134 760 4256 ne
843 4134 951 4256 s’en
1035 4134 1310 4256 pourra
1394 4134 1621 4256 guere
1692 4134 1920 4256 ſervir
1991 4134 2039 4256 en
2123 4134 2159 4256 la
2243 4134 2637 4256 Pratique,
2685 4134 2745 4256 ſi-

591 4259 721 4383 non
803 4259 969 4383 qu’il
1028 4259 1075 4383 en
1146 4259 1229 4383 ait
1276 4259 1548 4383 acquis
1619 4259 1761 4383 une
1820 4259 2246 4383 habitude,
2305 4259 2317 4383 à
2388 4259 2589 4383 quoy
2648 4259 2731 4383 ne

600 4384 875 4507 pourra
932 4384 1287 4507 parvenir
1344 4384 1801 4507 autrement
1882 4384 2190 4507 qu’avec
2236 4384 2282 4507 le
2362 4384 2614 4507 temps
2717 4384 2728 4507 &

601 4515 718 4632 par
776 4515 847 4632 de
894 4515 1116 4632 longs
1186 4515 1620 4632 exercices.

748 4627 795 4746 La
876 4627 1120 4746 vieille
1225 4627 1423 4746 mode
1504 4627 1574 4746 de
1643 4627 1853 4746 parer
1934 4627 1980 4746 vn
2085 4627 2271 4746 coup
2364 4627 2422 4746 de
2503 4627 2724 4746 taille,

607 4749 762 4868 c’eſt
845 4749 905 4868 de
1000 4749 1262 4868 mettre
1309 4749 1357 4868 le
1428 4749 1571 4868 fort
1643 4749 1702 4868 de
1774 4749 2036 4868 l’eſpee
2107 4749 2381 4868 devant
2429 4749 2464 4868 la
2536 4749 2726 4868 teſte

602 4873 779 5001 avec
823 4873 867 5001 la
922 4873 1199 5001 pointe
1287 4873 1718 5001 montante,
1762 4873 1950 5001 pour
2005 4873 2370 5001 recevoir
2425 4873 2481 5001 le
2547 4873 2724 5001 coup

603 4995 881 5126 venant
939 4995 939 5126 à
1009 4995 1264 5126 pleine
1322 4995 1531 5126 force
1601 4995 1833 5126 deſſus
1914 4995 1972 5126 ou
2053 4995 2447 5126 alenviron
2552 4995 2610 5126 de
2679 4995 2714 5126 la

609 5120 862 5253 garde.
976 5120 1192 5253 Choſe
1255 5120 1369 5253 qui
1433 5120 1509 5253 eſt
1560 5120 1712 5253 fort
1788 5120 2270 5253 dangereuſe
2384 5120 2397 5253 &
2447 5120 2726 5253 ſujette

590 5244 601 5372 à
658 5244 1089 5372 beaucoup
1168 5244 1927 5372 d’incommoditez;
1984 5244 2097 5372 par
2154 5244 2539 5372 exemple,
2596 5244 2721 5372 que

589 5369 645 5500 le
758 5369 1142 5500 Contraire
1210 5369 1289 5500 ne
1368 5369 1548 5500 vous
1605 5369 1831 5500 bleſſe
1898 5369 1955 5500 en
2045 5369 2237 5500 vous
2293 5369 2722 5500 enfonçant

592 5486 893 5622 l’eſpee,
953 5486 1013 5622 ou
1097 5486 1254 5622 qu’il
1302 5486 1374 5622 ne
1423 5486 1471 5622 la
1555 5486 1772 5622 mette
1844 5486 1892 5622 en
1964 5486 2253 5622 pieces,
2302 5486 2362 5622 ou
2446 5486 2603 5622 qu’il
2651 5486 2723 5622 ne

608 5613 905 5751 change
976 5613 1011 5751 la
1094 5613 1284 5751 taille
1367 5613 1415 5751 en
1522 5613 1914 5751 eſtocade,
1985 5613 2032 5751 en
2115 5613 2507 5751 avançant
2614 5613 2626 5751 &
2673 5613 2721 5751 ſe

601 5735 997 5870 panchant
1055 5735 1695 5870 enſemblement
1742 5735 1777 5870 la
1847 5735 2079 5870 partie
2126 5735 2592 5870 ſuperieure
2661 5735 2708 5870 du

615 5861 854 5993 corps,
923 5861 968 5993 en
1036 5861 1230 5993 ſorte
1310 5861 1458 5993 qu’il
1515 5861 1697 5993 vous
1754 5861 2027 5993 vienne
2118 5861 2414 5993 deſſous
2471 5861 2573 5993 les
2630 5861 2733 5993 ar-

626 5983 752 6112 mes
809 5983 866 6112 au
958 5983 1243 6112 dedans
1312 5983 1415 6112 des
1472 5983 2261 6112 perpendiculaires,
2318 5983 2490 6112 dont
2536 5983 2570 6112 il
2616 5983 2730 6112 au-

600 6112 732 6243 roit
830 6112 1082 6243 moyen
1170 6112 1225 6243 de
1290 6112 1477 6243 vous
1531 6112 1860 6243 toucher
1937 6112 1981 6243 en
2068 6112 2112 6243 la
2189 6112 2561 6243 poitrine,
2638 6112 2693 6243 ou

591 6229 648 6361 au
739 6229 1034 6361 ventre.
1159 6229 1204 6361 Et
1272 6229 1590 6361 encores
1658 6229 1783 6361 que
1851 6229 2032 6361 vous
2100 6229 2361 6361 euſſiez
2430 6229 2600 6361 paré
2657 6229 2713 6361 le

611 6357 789 6494 coup
845 6357 1024 6494 tout
1068 6357 1068 6494 à
1124 6357 1470 6494 ſouhait,
1515 6357 1961 6494 toutesfois
2017 6357 2196 6494 vous
2252 6357 2386 6494 n’en
2453 6357 2709 6494 auriez

601 6479 1046 6602 nullement
1093 6479 1433 6602 amendé
1492 6479 1738 6602 voſtre
1785 6479 2136 6602 ſituation
2207 6479 2300 6602 ny
2359 6479 2429 6602 de
2500 6479 2711 6602 corps

603 6614 687 6746 ny
771 6614 1095 6746 d’eſpee,
1167 6614 1478 6746 dequoy
1550 6614 1730 6746 vous
1802 6614 2174 6746 pourriez
2234 6614 2401 6746 tirer
2461 6614 2689 6746 aucun

593 6751 983 6874 avantage
1040 6751 1224 6874 pour
1293 6751 1626 6874 vaincre.

949 2493 2460 2585 ADVERTISSEMENT.
