5520 7640
3593 436 3913 634 Cercle
4142 436 4393 634 N.9.

3397 623 3474 780 Eſt
3526 623 3565 780 la
3630 623 4043 780 pourſuite
4121 623 4173 780 de
4224 623 4690 780 l’operation
4768 623 5026 780 prece-

3362 759 3629 897 dente,
3711 759 4141 897 continuée
4211 759 4327 897 par
4432 759 5013 897 ALEXANDRE

3348 878 3516 1030 tout
3584 878 3708 1030 d’un
3820 878 4078 1030 meſme
4135 878 4348 1030 train,
4404 878 4449 1030 en
4528 878 4921 1030 avançant
4955 878 5011 1030 le

3358 996 3555 1163 coſté
3660 996 3673 1163 &
3726 996 3778 1163 le
3831 996 4002 1163 pied
4067 996 4290 1163 droit,
4382 996 4396 1163 &
4435 996 4803 1163 pouſſant
4855 996 4855 1163 à
4908 996 5026 1163 bas

2890 1139 3161 1288 arriere
3222 1139 3284 1288 de
3333 1139 3456 1288 ſoy
3505 1139 3542 1288 la
3616 1139 3837 1288 garde
3899 1139 4317 1288 contraire,
4378 1139 4538 1288 qu’il
4575 1139 4784 1288 avoit
4833 1139 5018 1288 prin-

2877 1259 2963 1419 ſe,
3072 1259 3072 1419 &
3133 1259 3243 1419 par
3316 1259 3487 1419 ainſi
3523 1259 3645 1419 luy
3743 1259 3987 1419 donne
4048 1259 4109 1419 un
4194 1259 4377 1419 coup
4450 1259 4999 1419 d’eſtramaçon

2890 1391 2926 1545 au
3012 1391 3257 1545 viſage
3318 1391 3367 1545 en
3453 1391 3746 1545 dedans
3820 1391 3869 1545 du
3942 1391 4138 1545 bras,
4199 1391 4566 1545 plantant
4615 1391 4664 1545 le
4725 1391 4884 1545 pied
4958 1391 5031 1545 eſ-

2925 1515 3035 1641 evé
3095 1515 3095 1641 à
3144 1515 3374 1641 lettre
3483 1515 3532 1641 X;
3617 1515 3920 1641 comme
3992 1515 4041 1641 on
4126 1515 4271 1641 voit
4332 1515 4332 1641 à
4405 1515 4453 1641 la
4502 1515 4793 1641 figure.

3042 1627 3104 1793 Ce
3177 1627 3471 1793 dernier
3532 1627 3715 1793 coup
3801 1627 4352 1793 d’eſtramaçon
4450 1627 4682 1793 eſtant
4756 1627 5025 1793 donné,

2889 1756 2950 1926 on
3010 1756 3071 1926 le
3119 1756 3313 1926 peut
3361 1756 3833 1926 redoubler,
3906 1756 3954 1926 en
4027 1756 4330 1926 voltant
4390 1756 4439 1926 le
4499 1756 4669 1926 pied
4741 1756 5020 1926 gauche

2887 1881 2992 2047 par
3074 1881 3402 2047 derriere
3473 1881 3519 2047 le
3578 1881 3754 2047 pied
3836 1881 4082 2047 droit,
4140 1881 4304 2047 puis
4386 1881 4433 2047 en
4527 1881 4913 2047 tournant
4972 1881 5019 2047 le

2891 2005 3101 2175 corps
3163 2005 3163 2175 à
3263 2005 3411 2175 main
3511 2005 3808 2175 gauche
3870 2005 3920 2175 ſe
4007 2005 4329 2175 charger
4404 2005 4676 2175 deſſus,
4738 2005 4788 2175 en
4875 2005 5024 2175 eſle-

2888 2130 3055 2299 vant
3115 2130 3484 2299 derechef
3532 2130 3580 2299 le
3639 2130 3818 2299 pied
3878 2130 4068 2299 droit
4176 2130 4176 2299 &
4211 2130 4605 2299 l’avancer
4665 2130 4927 2299 devers
4974 2130 5022 2299 le

2919 2271 3361 2433 Contraire,
3465 2271 3465 2433 &
3517 2271 3647 2433 luy
3712 2271 4011 2433 donner
4076 2271 4453 2433 derechef
4518 2271 4596 2433 un
4687 2271 5038 2433 eſtrama-

2900 2382 3008 2549 çon
3080 2382 3128 2549 au
3212 2382 3404 2549 coſté
3488 2382 3668 2549 droit
3740 2382 3800 2549 de
3848 2382 3896 2549 la
3968 2382 4196 2549 teſte;
4280 2382 4484 2549 quaſi
4556 2382 4856 2549 comme
4916 2382 5024 2549 l’o-

2890 2518 3236 2667 peration
3322 2518 3372 2667 du
3483 2518 3730 2667 Cercle
3841 2518 3890 2667 N.
3927 2518 4014 2667 13.
4076 2518 4520 2667 enſuivant.

591 484 813 638 haut,
911 484 923 638 &
997 484 1145 638 qu’il
1206 484 1293 638 ait
1366 484 1637 638 encore
1711 484 1748 638 en
1846 484 1883 638 ſa
1957 484 2351 638 puiſſance
2425 484 2486 638 de
2585 484 2708 638 mo-

616 610 812 764 derer
860 610 897 764 la
970 610 1374 764 deſcente,
1410 610 1569 764 ſans
1630 610 1643 764 y
1692 610 1899 764 avoir
1985 610 2339 764 employé
2413 610 2510 764 ſes
2571 610 2718 764 for-

600 731 740 882 ces,
787 731 821 882 il
868 731 1136 882 pourra
1217 731 1648 882 gouverner
1694 731 1752 882 le
1811 731 2032 882 coup,
2078 731 2090 882 à
2148 731 2602 882 pourſuivre
2648 731 2707 882 le

601 855 819 1006 corps
864 855 1151 1006 fuyant
1219 855 1391 1006 avec
1460 855 1563 1006 ſon
1666 855 1906 1006 eſpee,
1975 855 2021 1006 en
2101 855 2135 1006 la
2250 855 2536 1006 menant
2582 855 2719 1006 ho-

600 984 1237 1114 rizontalement
1305 984 1464 1114 vers
1521 984 1555 1114 la
1669 984 1919 1114 meſme
1998 984 2271 1114 place;
2351 984 2408 1114 de
2476 984 2681 1114 façon

613 1101 1191 1253 qu’Alexandre
1250 1101 1475 1253 ſeroit
1534 1101 1758 1253 encor
1817 1101 1864 1253 en
1971 1101 2242 1253 danger
2313 1101 2431 1253 d’en
2525 1101 2702 1253 eſtre

596 1256 913 1386 touché.

1354 1374 1669 1527 Cercle
1900 1374 2131 1527 N.7.

1091 1557 1174 1699 Eſt
1221 1557 1256 1699 la
1339 1557 1870 1699 continuation
1965 1557 2024 1699 de
2083 1557 2119 1699 la
2178 1557 2709 1699 precedente,

1072 1680 1762 1822 qu’ALEXANDRE
1845 1680 1845 1822 y
1905 1680 2262 1822 adjouſte
2309 1680 2464 1822 ſans
2511 1680 2714 1822 nulle

1046 1807 1307 1942 pauſe,
1366 1807 1414 1942 en
1485 1807 1805 1942 retirant
1876 1807 1888 1942 à
1971 1807 2161 1942 coſté
2208 1807 2256 1942 le
2315 1807 2481 1942 pied
2564 1807 2719 1942 gau-

1055 1928 1215 2073 che,
1295 1928 1341 2073 en
1410 1928 1639 2073 ſorte,
1719 1928 1902 2073 qu’en
1982 1928 2382 2073 ramenant
2439 1928 2714 2073 l’eſpee

603 2051 653 2191 en
726 2051 948 2191 haut,
1009 2051 1046 2191 il
1108 2051 1157 2191 le
1218 2051 1477 2191 plante
1526 2051 1883 2191 joignant
1932 2051 1981 2191 le
2055 2051 2227 2191 pied
2289 2051 2522 2191 droit;
2609 2051 2719 2191 du-

612 2172 773 2325 quel
822 2172 859 2325 il
897 2172 1256 2325 pourſuit
1306 2172 1306 2325 à
1405 2172 1727 2325 marcher
1777 2172 1888 2325 par
1962 2172 2099 2325 delà
2161 2172 2210 2325 le
2347 2172 2718 2325 Quadran-

600 2295 699 2450 gle
809 2295 809 2450 Z
896 2295 1215 2450 derriere
1289 2295 1843 2450 l’Adverſaire,
1892 2295 2015 2450 luy
2089 2295 2433 2450 donnant
2519 2295 2716 2450 dere-

603 2417 766 2572 chef
815 2417 890 2572 un
965 2417 1152 2572 coup
1227 2417 1776 2572 d’eſtramaçon
1838 2417 1851 2572 à
1913 2417 1963 2572 la
2013 2417 2262 2572 teſte;
2325 2417 2487 2572 ainſi
2549 2417 2711 2572 qu’il

604 2550 691 2684 eſt
765 2550 1089 2684 monſtré
1138 2550 1250 2684 par
1300 2550 1399 2684 les
1449 2550 1773 2684 figures.

1306 3001 1617 3168 Cercle
1973 3001 2129 3168 .8.

620 3210 865 3328 Lacharie
910 3210 1155 3328 s’avance
1199 3210 1311 3328 avec
1356 3210 1389 3328 le
1434 3210 1545 3328 pied
1601 3210 1712 3328 droit
1757 3210 1768 3328 à
1813 3210 1846 3328 la
1891 3210 2047 3328 lettre
2113 3210 2147 3328 V;
2203 3210 2203 3328 à
2258 3210 2570 3328 pourſuivre
2615 3210 2727 3328 pro-

704 3328 1161 3454 portionellement
1223 3328 1347 3454 avec
1399 3328 1430 3454 le
1493 3328 1731 3454 gauche,
1783 3328 1814 3454 en
1908 3328 2094 3454 menant
2167 3328 2406 3454 derechef
2447 3328 2478 3454 le
2561 3328 2717 3454 meſme

700 3461 808 3575 coup
873 3461 906 3575 de
949 3461 1123 3575 revers
1167 3461 1275 3575 vers
1319 3461 1351 3575 la
1405 3461 1514 3575 teſte
1590 3461 1612 3575 de
1666 3461 1698 3575 ſa
1753 3461 1948 3575 partie,
2013 3461 2295 3575 toutesfois
2350 3461 2719 3575 horizontale-

724 3585 863 3699 ment,
967 3585 978 3699 &
1036 3585 1036 3699 à
1082 3585 1290 3699 planter
1336 3585 1359 3699 le
1405 3585 1520 3699 pied
1566 3585 1763 3699 gauche
1809 3585 1959 3699 eſlevé
2005 3585 2086 3699 par
2143 3585 2247 3699 delà
2293 3585 2316 3699 le
2397 3585 2732 3699 Diametre,

696 3710 775 3824 ſur
819 3710 853 3824 la
897 3710 1210 3824 collaterale
1244 3710 1545 3824 interieure
1590 3710 1724 3824 entre
1768 3710 1835 3824 les
1880 3710 2047 3824 points
2181 3710 2181 3824 M
2371 3710 2405 3824 I.
2505 3710 2729 3824 Alexan-

713 3832 787 3949 dre
825 3832 1048 3949 quivoit
1085 3832 1222 3949 venir
1271 3832 1296 3949 le
1333 3832 1445 3949 coup
1495 3832 1507 3949 à
1544 3832 1607 3949 ſoy
1656 3832 1693 3949 en
1755 3832 1880 3949 ceſte
1929 3832 2165 3949 ſorte,
2227 3832 2500 3949 aſſujettit
2550 3832 2736 3949 l’efpee

697 3954 963 4074 contraire
1006 3954 1048 4074 en
1091 3954 1133 4074 la
1187 3954 1559 4074 deſgraduant
1623 3954 1655 4074 d’
1687 3954 1954 4074 avantage
2007 3954 2039 4074 en
2103 3954 2273 4074 dehors
2337 3954 2369 4074 du
2412 3954 2550 4074 brs,
2614 3954 2720 4074 por-

703 4084 821 4202 tant
857 4084 892 4202 le
928 4084 1046 4202 pied
1093 4084 1282 4202 gauche
1329 4084 1341 4202 à
1388 4084 1423 4202 la
1470 4084 1624 4202 lettre
1718 4084 1765 4202 Q;
1801 4084 1990 4202 comme
2037 4084 2084 4202 au
2155 4084 2308 4202 Cercle
2403 4084 2438 4202 N.
2497 4084 2532 4202 4.

1087 4218 1099 4335 A
1169 4218 1486 4335 CHARIE
1568 4218 1862 4335 voyant
1920 4218 2049 4335 que
2120 4218 2648 4335 l’Adverſaire
2718 4218 2730 4335 a

1065 4341 1374 4460 eſquivé
1422 4341 1636 4460 touts
1672 4341 1779 4460 les
1839 4341 2077 4460 coups
2136 4341 2208 4460 de
2255 4341 2517 4460 revers
2577 4341 2744 4460 qu’il

1057 4465 1069 4582 a
1129 4465 1310 4582 tirez
1370 4465 1479 4582 ſur
1527 4465 1635 4582 luy
1707 4465 1720 4582 à
1792 4465 1828 4582 la
1900 4465 2262 4582 Seconde
2334 4465 2732 4582 Inſtance,

1059 4568 1671 4707 preſentement
1733 4568 1782 4707 en
1855 4568 1916 4707 ce
2014 4568 2260 4707 Cercle
2370 4568 2407 4707 N.
2468 4568 2505 4707 8.
2554 4568 2590 4707 il
2639 4568 2750 4707 s’a-

609 4692 846 4840 vance
893 4692 1082 4840 avec
1141 4692 1188 4840 le
1247 4692 1413 4840 pied
1483 4692 1672 4840 droit
1720 4692 1826 4840 ſur
1873 4692 1920 4840 le
2015 4692 2393 4840 Diametre
2440 4692 2452 4840 à
2511 4692 2547 4840 la
2606 4692 2747 4840 let-

613 4839 709 4959 tre
793 4839 841 4959 V,
889 4839 1417 4959 pourſuivant
1465 4839 1644 4959 avec
1716 4839 1764 4959 le
1836 4839 2160 4959 gauche,
2268 4839 2268 4959 &
2316 4839 2448 4959 luy
2520 4839 2747 4959 tirant

616 4961 1066 5082 cependant
1124 4961 1181 5082 un
1262 4961 1447 5082 coup
1528 4961 1586 5082 de
1643 4961 1897 5082 revers
1943 4961 2440 5082 horizontal,
2475 4961 2486 5082 à
2544 4961 2740 5082 plan-

616 5083 727 5201 ter
789 5083 838 5201 le
912 5083 1085 5201 pied
1159 5083 1455 5201 gauche
1529 5083 1763 5201 eſlevé
1812 5083 1923 5201 par
2009 5083 2145 5201 delà
2219 5083 2268 5201 le
2367 5083 2749 5201 Diametre

616 5208 724 5325 ſur
772 5208 808 5325 la
893 5208 1339 5325 collaterale
1423 5208 1616 5325 entre
1700 5208 1893 5325 deux
1953 5208 2049 5325 les
2110 5208 2375 5325 points
2507 5208 2507 5325 M
2640 5208 2640 5325 &
2700 5208 2748 5325 I.

612 5330 672 5451 ſe
719 5330 981 5451 faiſant
1029 5330 1041 5451 à
1112 5330 1374 5451 croire,
1445 5330 1767 5451 encores
1826 5330 1957 5451 que
2005 5330 2065 5451 le
2124 5330 2338 5451 corps
2422 5330 2481 5451 de
2541 5330 2755 5451 l’Ad-

628 5452 950 5572 verſaire
1012 5452 1062 5572 ſe
1161 5452 1459 5572 departe
1545 5452 1607 5572 de
1669 5452 1719 5572 la
1781 5452 2029 5572 place,
2103 5452 2252 5572 qu’il
2314 5452 2401 5572 ne
2463 5452 2748 5572 laiſſera

626 5575 1003 5697 pourtant
1074 5575 1132 5697 de
1180 5575 1227 5697 le
1286 5575 1745 5697 pourſuivre
1851 5575 1862 5697 &
1910 5575 2310 5697 atteindre
2357 5575 2357 5697 à
2416 5575 2581 5697 tout
2628 5575 2734 5697 ſon

615 5697 921 5822 revers.
1042 5697 1610 5822 ALEXANDRE
1687 5697 1971 5822 voyant
2015 5697 2069 5822 le
2135 5697 2310 5822 coup
2408 5697 2605 5822 venir
2681 5697 2725 5822 en

631 5823 826 5921 ceſte
873 5823 1114 5921 ſorte,
1160 5823 1195 5921 il
1241 5823 1575 5921 accueilt
1644 5823 1679 5921 la
1748 5823 1944 5921 lame
2024 5823 2405 5921 contraire
2497 5823 2543 5921 en
2646 5823 2750 5921 de-

624 5946 796 6059 hors
864 5946 921 6059 du
990 5946 1150 6059 bras
1207 5946 1390 6059 avec
1424 5946 1470 6059 la
1527 5946 1802 6059 pointe
1870 5946 1928 6059 de
1985 5946 2019 6059 la
2076 5946 2374 6059 ſienne,
2419 5946 2476 6059 ſe
2545 5946 2762 6059 tour-

621 6070 803 6188 nant
883 6070 1522 6188 enſemblement
1591 6070 1648 6188 le
1739 6070 1933 6188 coſté
2024 6070 2310 6188 gauche
2401 6070 2447 6188 en
2538 6070 2755 6188 avant

627 6192 807 6320 avec
855 6192 902 6320 le
986 6192 1249 6320 meſme
1309 6192 1476 6320 pied
1524 6192 1847 6320 avancé,
1907 6192 1919 6320 à
1979 6192 2278 6320 planter
2338 6192 2385 6320 en
2481 6192 2637 6320 deçà
2708 6192 2756 6320 le

683 6316 1048 6440 Diametre
1099 6316 1111 6440 à
1162 6316 1199 6440 la
1250 6316 1476 6440 lettre
1590 6316 1640 6440 Q,
1703 6316 2056 6440 domtant
2157 6316 2169 6440 &
2220 6316 2774 6440 aſſujettiſſant

657 6440 1025 6559 derechef
1084 6440 1262 6559 avec
1310 6440 1452 6559 une
1524 6440 1678 6559 plus
1761 6440 2034 6559 grande
2117 6440 2759 6559 deſgraduation,

662 6568 782 6681 que
830 6568 963 6681 non
1035 6568 1156 6681 pas
1216 6568 1276 6681 au
1397 6568 1650 6681 Cercle
1770 6568 1806 6681 N.
1879 6568 1927 6681 4.
1987 6568 2264 6681 l’eſpee
2348 6568 2770 6681 contraire,

657 6687 707 6809 en
781 6687 1039 6809 faiſant
1113 6687 1754 6809 enſemblement
1828 6687 2075 6809 prinſe
2161 6687 2222 6809 de
2284 6687 2333 6809 la
2420 6687 2691 6809 garde,
2752 6687 2765 6809 à

677 6813 929 6934 mettre
977 6813 1013 6934 la
1109 6813 1253 6934 main
1337 6813 1625 6934 deſſus;
1709 6813 2009 6934 comme
2057 6813 2093 6934 il
2153 6813 2237 6934 eſt
2309 6813 2777 6934 repreſenté

653 6920 653 7046 à
708 6920 749 7046 la
816 6920 1088 7046 figure.

3608 2720 3927 2889 Cercle
4177 2720 4474 2889 N.10.

3372 2918 3736 3045 Eſtuy-cy
3814 2918 3814 3045 a
3892 2918 3996 3045 ſon
4100 2918 4399 3045 origine
4464 2918 4516 3045 au
4646 2918 4893 3045 Cercle
4997 2918 5036 3045 N.

3368 3041 3426 3157 4.
3507 3041 3554 3157 où
3681 3041 3693 3157 A
3763 3041 4239 3157 LEXANDRE
4297 3041 4309 3157 a
4402 3041 4657 3157 domté
4785 3041 4797 3157 &
4866 3041 5041 3157 aſſu-

3335 3171 3509 3290 jetti
3567 3171 3625 3290 le
3706 3171 3892 3290 coup
3985 3171 4055 3290 de
4113 3171 4415 3290 revers,
4496 3171 4624 3290 que
4682 3171 5030 3290 l’Adver-

3345 3296 3513 3416 ſaire
3573 3296 3777 3416 avoit
3825 3296 3957 3416 tiré
4005 3296 4113 3416 ſur
4149 3296 4305 3416 luy:
4353 3296 4413 3416 en
4473 3296 4665 3416 ſuite
4725 3296 5026 3416 dequoy

2875 3425 2910 3536 il
2992 3425 3038 3536 en
3132 3425 3132 3536 a
3213 3425 3330 3536 fait
3376 3425 3866 3536 l’execution
3936 3425 3994 3536 au
4111 3425 4355 3536 Cercle
4472 3425 4507 3536 N.
4565 3425 4600 3536 5.
4658 3425 4833 3536 avec
4903 3425 5031 3536 une

2899 3550 3307 3652 eſtocade.
3459 3550 3927 3652 Maintenant
3973 3550 4008 3652 il
4078 3550 4137 3652 va
4207 3550 4604 3652 travailler
4674 3550 4873 3652 d’une
4931 3550 5048 3652 au-

2892 3676 2987 3794 tre
3058 3676 3352 3794 façon;
3423 3676 3730 3794 comme
3801 3676 4143 3794 s’enſuit.
4284 3676 4556 3794 Durant
4638 3676 4791 3794 qu’il
4886 3676 5039 3794 mar-

2911 3798 3027 3921 che
3079 3798 3260 3921 avec
3311 3798 3363 3921 le
3427 3798 3595 3921 pied
3673 3798 3854 3921 droit
3905 3798 3905 3921 à
3957 3798 4008 3921 la
4060 3798 4293 3921 lettre
4409 3798 4460 3921 Q,
4525 3798 4564 3921 en
4641 3798 5054 3921 aſſujettiſ-

2893 3928 3047 4044 ſant
3106 3928 3379 4044 l’eſpee
3462 3928 3913 4044 contraire,
4008 3928 4055 4044 au
4174 3928 4435 4044 meſme
4506 3928 4767 4044 temps
4826 3928 4862 4044 il
4921 3928 5028 4044 luy

2895 4052 3142 4170 prend
3191 4052 3228 4170 la
3302 4052 3524 4170 garde
3574 4052 3759 4170 avec
3808 4052 3845 4170 ſa
3932 4052 4080 4170 main
4191 4052 4548 4170 gauche,
4610 4052 4956 4170 laquelle
5005 4052 5042 4170 il

2894 4177 3122 4294 retire
3179 4177 3191 4294 à
3248 4177 3362 4294 ſoy
3431 4177 4082 4294 enſemblement
4151 4177 4334 4294 avec
4380 4177 4654 4294 l’eſpee
4723 4177 5043 4294 contrai-

2896 4296 2988 4403 re,
3045 4296 3091 4403 en
3171 4296 3217 4403 ſe
3275 4296 3665 4403 tournant
3699 4296 3757 4403 le
3826 4296 4021 4403 coſté
4101 4296 4285 4403 droit
4331 4296 4744 4403 alenvers,
4847 4296 4847 4403 &
4916 4296 5054 4403 vol-

2898 4426 3065 4548 tant
3125 4426 3173 4548 le
3280 4426 3543 4548 meſme
3615 4426 3782 4548 pied
3865 4426 4534 4548 circulairement
4594 4426 4606 4548 à
4677 4426 4737 4548 un
4833 4426 5047 4548 grand

2899 4548 3021 4670 pas
3082 4548 3424 4670 derriere
3472 4548 3741 4670 l’autre
3814 4548 4094 4670 dehors
4143 4548 4192 4670 le
4289 4548 4533 4670 Cercle
4606 4548 4655 4670 en
4740 4548 4947 4670 deçà,
4996 4548 5045 4670 ſe

2920 4677 3247 4799 mettant
3293 4677 3865 4799 pareillement
3912 4677 4017 4799 ſon
4122 4677 4332 4799 eſpee
4402 4677 4413 4799 à
4495 4677 4693 4799 coſté
4763 4677 4938 4799 avec
4997 4677 5055 4799 le

2900 4798 3073 4921 bras
3135 4798 3443 4921 eſtendu
3566 4798 3579 4921 &
3628 4798 3665 4921 la
3727 4798 3998 4921 pointe
4060 4798 4381 4921 baiſſée;
4455 4798 4516 4921 ce
4590 4798 4714 4921 que
4776 4798 5059 4921 faiſant,

2893 4927 2930 5048 il
2992 4927 3228 5048 eſleve
3278 4927 3327 5048 le
3377 4927 3563 5048 pied
3625 4927 3960 5048 gauche,
4059 4927 4071 5048 &
4121 4927 4170 5048 ſe
4232 4927 4530 5048 panche
4580 4927 4642 5048 le
4704 4927 4914 5048 corps
4976 4927 5038 5048 un

2902 5052 3031 5175 peu
3102 5052 3466 5175 alenvers
3513 5052 3618 5175 ſur
3665 5052 3712 5175 le
3771 5052 3947 5175 pied
4006 5052 4241 5175 droit;
4311 5052 4617 5175 comme
4687 5052 4722 5175 il
4781 5052 5051 5175 appert

2903 5178 2963 5294 au
3034 5178 3427 5294 pourtrait
3499 5178 3570 5294 de
3618 5178 3653 5294 la
3713 5178 3999 5294 figure.

3069 5297 3266 5426 Ceſte
3328 5297 3735 5426 operation
3809 5297 3994 5426 peut
4043 5297 4215 5426 auſſi
4277 5297 4450 5426 eſtre
4511 5297 4930 5426 pratiquée
4992 5297 5041 5426 en

2911 5424 3099 5552 ſuite
3174 5424 3224 5552 du
3337 5424 3575 5552 Cercle
3687 5424 3725 5552 N.
3800 5424 3838 5552 8.
3925 5424 3975 5552 où
4076 5424 4526 5552 Alexandre
4602 5424 4639 5552 en
4727 5424 4814 5552 eſt
4877 5424 5040 5552 venu

2923 5550 3098 5675 deſia
3160 5550 3185 5675 ſi
3235 5550 3485 5675 avant,
3560 5550 3685 5675 que
3759 5550 4021 5675 d’avoir
4071 5550 4196 5675 fait
4246 5550 4284 5675 la
4346 5550 4620 5675 prinſe.

3653 5727 3987 5887 Cercle
4232 5727 4477 5887 &N.11.

3361 5935 3515 6037 ’Eſt
3563 5935 3598 6037 la
3670 5935 4216 6037 continuation
4346 5935 4358 6037 &
4418 5935 4892 6037 l’execution
4999 5935 5059 6037 de

3376 6061 3412 6191 la
3494 6061 4048 6191 precedente,
4118 6061 4578 6191 pourſuivie
4660 6061 4778 6191 par
4884 6061 5061 6191 ALE-

3401 6188 3759 6318 XANDRE
3828 6188 3828 6318 à
3908 6188 4243 6318 avancer
4369 6188 4381 6318 &
4450 6188 4715 6318 porter
4773 6188 4831 6318 le
4900 6188 5073 6318 pied

3397 6308 3623 6423 eſlevé
3686 6308 3799 6423 par
3862 6308 4000 6423 delà
4050 6308 4113 6423 le
4201 6308 4477 6423 Cercle,
4515 6308 4741 6423 lettre
4854 6308 5068 6423 Vder-

2922 6433 3114 6569 riere
3162 6433 3211 6569 le
3283 6433 3403 6569 dos
3475 6433 3536 6569 de
3596 6433 4186 6569 l’Adverſaire,
4258 6433 4306 6569 en
4390 6433 4450 6569 ſe
4535 6433 4956 6569 chargeant
5064 6433 5064 6569 &

2922 6557 3331 6693 panchant
3380 6557 3428 6693 le
3500 6557 3717 6693 corps
3789 6557 4066 6693 deſſus,
4126 6557 4464 6693 trainant
4536 6557 4584 6693 le
4657 6557 4825 6693 pied
4898 6557 5078 6693 droit

2948 6676 3307 6819 derriere,
3415 6676 3427 6819 &
3475 6676 3846 6819 pouſſant
3894 6676 4013 6819 par
4085 6676 4349 6819 meſme
4420 6676 4612 6819 voye
4684 6676 4779 6819 ſon
4863 6676 5067 6819 eſpee

2940 6799 3076 6922 d’un
3150 6799 3310 6922 bras
3359 6799 3580 6922 roide
3630 6799 3753 6922 par
3790 6799 3851 6922 le
3913 6799 4110 6922 coſté
4184 6799 4368 6922 droit
4442 6799 4504 6922 de
4553 6799 5070 6922 l’Adverſaire

2931 6924 2943 7072 à
2991 6924 3291 7072 travers
3339 6924 3399 7072 le
3459 6924 3712 7072 corps;
3760 6924 4060 7072 comme
4133 6924 4181 7072 on
4253 6924 4313 7072 le
4373 6924 4517 7072 voit
4577 6924 4577 7072 à
4637 6924 4673 7072 la
4733 6924 5010 7072 figure.

4849 7105 5077 7199 Cercle
