5520 7640
1256 435 1574 593 Cercle
1801 435 2141 593 N.12.

626 643 911 784 Alexandre
961 643 1357 784 aſſujettiſſant
1407 643 1581 784 l’eſpee
1643 643 1916 784 contraire
1990 643 1990 784 à
2040 643 2077 784 la
2139 643 2350 784 Seconde
2400 643 2735 784 Inſtance,

726 773 983 907 Lacharie
1026 773 1101 907 luy
1165 773 1208 907 va
1272 773 1401 907 tirer
1465 773 1690 907 derechef
1743 773 1775 907 le
1840 773 1989 907 meſme
2043 773 2150 907 coup
2214 773 2246 907 de
2289 773 2471 907 revers
2503 773 2546 907 en
2610 773 2728 907 mar-

697 900 854 1028 chant
933 900 1113 1028 dedans
1169 900 1281 1028 avec
1349 900 1371 1028 le
1439 900 1551 1028 pied
1607 900 1889 1028 gauche.
2012 900 2316 1028 Alexandre
2372 900 2631 1028 l’eſquive
2687 900 2721 1028 en

718 1031 989 1154 marchant
1034 1031 1405 1154 pareillement
1462 1031 1574 1154 avec
1619 1031 1642 1154 le
1687 1031 1799 1154 pied
1867 1031 2058 1154 gauche
2115 1031 2115 1154 à
2160 1031 2193 1154 la
2261 1031 2407 1154 lettre
2520 1031 2520 1154 Q
2621 1031 2723 1154 con-

720 1151 911 1273 duiſant
982 1151 1173 1273 l’eſpee
1220 1151 1661 1273 circulairement
1709 1151 1793 1273 par
1852 1151 1995 1273 deſſus
2043 1151 2079 1273 ſa
2126 1151 2269 1273 teſte,
2353 1151 2353 1273 &
2412 1151 2436 1273 en
2496 1151 2722 1273 pourſui-

694 1273 821 1403 vant
864 1273 864 1403 à
927 1273 1161 1403 marcher
1203 1273 1320 1403 avec
1362 1273 1394 1403 le
1458 1273 1564 1403 pied
1638 1273 1755 1403 droit
1808 1273 1808 1403 à
1851 1273 1893 1403 la
1935 1273 2084 1403 lettre
2180 1273 2233 1403 X,
2286 1273 2318 1403 il
2371 1273 2402 1403 en
2487 1273 2625 1403 donne
2668 1273 2710 1403 un

690 1398 804 1538 coup
883 1398 1258 1538 d’eſtramaçon
1315 1398 1349 1538 en
1428 1398 1621 1538 dedans
1689 1398 1712 1538 du
1780 1398 1893 1538 bras
1939 1398 1939 1538 à
2007 1398 2041 1538 la
2098 1398 2268 1538 jame
2336 1398 2529 1538 gauche
2597 1398 2631 1538 de
2688 1398 2733 1538 ſa

689 1528 870 1649 partie
927 1528 1244 1649 aderſe.

1070 1672 1083 1803 A
1160 1672 1532 1803 preſente
1609 1672 1916 1803 depend
1993 1672 2045 1803 du
2186 1672 2429 1803 Cercle
2570 1672 2622 1803 N.
2686 1672 2724 1803 1.

1052 1797 1109 1896 où
1225 1797 1236 1896 A
1317 1797 1848 1896 LEXANDRE
1917 1797 2263 1896 travaille
2321 1797 2379 1896 en
2460 1797 2725 1896 faiſant

1042 1919 1834 2049 l’aſſujettiſſement.
1949 1919 2064 2049 Sur
2128 1919 2319 2049 quoy
2409 1919 2741 2049 ZAca-

1052 2047 1158 2176 RIE
1206 2047 1336 2176 luy
1407 2047 1538 2176 tire
1632 2047 2000 2176 derechef
2071 2047 2142 2176 un
2237 2047 2427 2176 coup
2498 2047 2557 2176 de
2628 2047 2735 2176 re-

600 2167 789 2282 vers,
848 2167 1155 2282 comme
1202 2167 1261 2282 au
1379 2167 1626 2282 Cercle
1733 2167 1768 2282 N.
1827 2167 1874 2282 2,
1933 2167 2204 2282 devers
2252 2167 2287 2282 la
2346 2167 2570 2282 teſte,
2653 2167 2700 2282 en

603 2294 983 2424 marchant
1031 2294 1221 2424 avec
1257 2294 1316 2424 le
1376 2294 1542 2424 pied
1614 2294 1899 2424 gauche
1958 2294 2018 2424 le
2077 2294 2268 2424 talon
2339 2294 2339 2424 à
2387 2294 2434 2424 la
2494 2294 2720 2424 lettre

596 2415 645 2553 L,
745 2415 745 2553 &
795 2415 1093 2553 laiſſant
1143 2415 1429 2553 trainer
1491 2415 1553 2553 le
1628 2415 1802 2553 pied
1889 2415 2063 2553 droit
2126 2415 2735 2553 proportionel-

562 2538 877 2675 lement
947 2538 1204 2675 apres.
1344 2538 1390 2675 Or
1460 2538 1519 2675 au
1612 2538 1868 2675 temps
1950 2538 2078 2675 que
2137 2538 2183 2675 ſa
2253 2538 2451 2675 lame
2521 2538 2720 2675 vient

589 2669 1016 2801 deſcendre
1086 2669 1143 2801 de
1201 2669 1386 2801 haut
1432 2669 1444 2801 à
1502 2669 1629 2801 bas
1686 2669 1883 2801 pour
1952 2669 2333 2801 executer
2380 2669 2426 2801 le
2495 2669 2726 2801 coup,

597 2796 621 2927 A
680 2796 1181 2927 LEXANDRE
1229 2796 1634 2927 l’eſquive,
1705 2796 1753 2927 en
1824 2796 2218 2927 avançant
2265 2796 2313 2927 le
2384 2796 2623 2927 corps,
2718 2796 2730 2927 &

586 2920 895 3052 entrant
944 2920 1129 3052 avec
1179 2920 1228 3052 le
1278 2920 1463 3052 pied
1525 2920 1809 3052 gauche
1871 2920 1871 3052 à
1932 2920 1969 3052 la
2031 2920 2254 3052 lettre
2377 2920 2390 3052 Q
2476 2920 2513 3052 en
2624 2920 2723 3052 de-

583 3044 643 3179 çà
691 3044 739 3179 le
835 3044 1255 3179 Diametre,
1315 3044 1615 3179 voltant
1675 3044 2131 3179 cependant
2191 3044 2227 3179 ſa
2287 3044 2479 3179 lame
2527 3044 2539 3179 à
2587 3044 2719 3179 l’ai-

586 3171 646 3305 de
718 3171 778 3305 du
850 3171 1174 3305 poignet
1246 3171 1894 3305 circulairement
1942 3171 1942 3305 à
2026 3171 2170 3305 main
2254 3171 2542 3305 gauche
2602 3171 2722 3305 par

600 3292 841 3427 deſſus
901 3292 949 3427 ſa
1021 3292 1274 3427 teſte;
1346 3292 1503 3427 puis
1587 3292 1635 3427 en
1720 3292 2249 3427 pourſuivant
2322 3292 2490 3427 tout
2575 3292 2707 3427 d’un

579 3421 736 3553 train
809 3421 821 3553 à
905 3421 1231 3553 marcher
1280 3421 1461 3553 avec
1509 3421 1570 3553 le
1618 3421 1787 3553 pied
1860 3421 2041 3553 droit
2089 3421 2101 3553 à
2149 3421 2198 3553 la
2246 3421 2476 3553 lettre
2572 3421 2621 3553 X,
2705 3421 2717 3553 &

569 3548 916 3680 trainant
978 3548 1238 3680 quand
1337 3548 1349 3680 &
1424 3548 1671 3680 quand
1721 3548 1770 3680 le
1820 3548 1993 3680 pied
2068 3548 2365 3680 gauche
2415 3548 2662 3680 apres,
2699 3548 2737 3680 il

573 3672 693 3809 luy
752 3672 979 3809 porte
1039 3672 1099 3809 un
1195 3672 1374 3809 coup
1457 3672 1529 3809 de
1577 3672 1780 3809 taille
1852 3672 1900 3809 en
1983 3672 2270 3809 dedans
2354 3672 2413 3809 du
2497 3672 2664 3809 bras
2712 3672 2712 3809 à

562 3798 612 3935 la
687 3798 900 3935 greve
975 3798 1038 3935 de
1088 3798 1138 3935 la
1188 3798 1451 3935 jambe
1514 3798 1852 3935 gauche;
1939 3798 2240 3935 comme
2290 3798 2315 3935 il
2390 3798 2653 3935 appert
2716 3798 2728 3935 à

575 3929 616 4047 la
685 3929 987 4047 figure.

1299 4050 1616 4212 Cercle
1956 4050 2137 4212 .

1095 4260 1095 4393 N
1170 4260 1397 4393 voicy
1460 4260 1498 4393 la
1599 4260 1838 4393 ſuite,
1901 4260 2242 4393 laquelle
2343 4260 2746 4393 ALEXAN-

1049 4385 1186 4520 DRE
1249 4385 1261 4520 y
1324 4385 1685 4520 adjouſte
1747 4385 1797 4520 en
1872 4385 2171 4520 voltant
2234 4385 2284 4520 le
2333 4385 2508 4520 pied
2570 4385 2732 4520 gau-

1042 4513 1161 4643 che
1232 4513 1244 4643 à
1339 4513 1577 4643 droite
1648 4513 1767 4643 par
1850 4513 2171 4643 derriere
2242 4513 2563 4643 l’autre,
2635 4513 2730 4643 le-

1063 4636 1227 4769 quel
1286 4636 1321 4769 il
1391 4636 1626 4769 eſleve
1697 4636 1767 4769 de
1826 4636 1873 4769 la
1931 4636 2131 4769 terre
2201 4636 2366 4769 tout
2425 4636 2483 4769 au
2589 4636 2742 4769 meſ-

608 4757 685 4893 me
737 4757 1034 4893 inſtant
1111 4757 1279 4893 qu’il
1343 4757 1601 4893 plante
1666 4757 1846 4893 ledit
1911 4757 2079 4893 pied
2143 4757 2479 4893 gauche,
2595 4757 2595 4893 &
2659 4757 2711 4893 en

573 4880 619 5022 le
712 4880 1027 5022 mettant
1097 4880 1469 5022 derechef
1516 4880 1528 5022 à
1586 4880 1784 5022 terre
1842 4880 1900 5022 un
1982 4880 2098 5022 peu
2168 4880 2168 5022 à
2238 4880 2436 5022 coſté
2506 4880 2541 5022 en
2634 4880 2739 5022 de-

595 5008 644 5144 çà
717 5008 766 5144 le
864 5008 1146 5144 Cercle,
1183 5008 1220 5144 il
1281 5008 1330 5144 en
1403 5008 1526 5144 fait
1587 5008 1807 5144 cõme
1881 5008 2016 5144 une
2077 5008 2456 5144 fleurette
2530 5008 2567 5144 en
2652 5008 2738 5144 eſ-

578 5141 845 5262 levant
906 5141 1282 5262 derechef
1343 5141 1392 5262 le
1452 5141 1622 5262 pied
1695 5141 2023 5262 gauche;
2132 5141 2144 5262 &
2205 5141 2508 5262 comme
2557 5141 2727 5262 ainſi

575 5266 704 5382 ſoit
775 5266 939 5382 qu’il
986 5266 1068 5382 ait
1127 5266 1456 5382 conduit
1515 5266 1785 5382 durant
1843 5266 1902 5382 ce
1984 5266 2243 5382 meſme
2301 5266 2560 5382 temps
2607 5266 2701 5382 ſon

596 5390 804 5510 eſpee
890 5390 1538 5510 circulairement
1612 5390 1722 5510 par
1808 5390 2040 5510 deſſus
2114 5390 2151 5510 ſa
2248 5390 2493 5510 teſte,
2554 5390 2579 5510 il
2665 5390 2714 5510 en

592 5514 980 5634 redouble
1040 5514 1101 5634 le
1173 5514 1355 5634 coup
1452 5514 1997 5634 d’eſtramaçon
2094 5514 2142 5634 au
2263 5514 2457 5634 coſté
2542 5514 2724 5634 droit

592 5630 665 5768 de
726 5630 775 5768 la
848 5630 1030 5768 teſte
1127 5630 1188 5768 de
1249 5630 1297 5768 ſa
1370 5630 1613 5768 partie
1686 5630 2051 5768 adverſe,
2136 5630 2172 5768 en
2270 5630 2622 5768 plantant
2671 5630 2731 5768 le

581 5759 753 5893 pied
827 5759 1048 5893 eſlevé
1134 5759 1416 5893 dedans
1466 5759 1515 5893 le
1613 5759 1859 5893 Cercle
1920 5759 1933 5893 à
1982 5759 2215 5893 lettre
2289 5759 2350 5893 S;
2424 5759 2719 5893 comme

593 5889 651 6012 on
721 5889 767 6012 le
837 5889 976 6012 voit
1034 5889 1521 6012 repreſenté.

716 6013 762 6136 Il
832 6013 1133 6136 viendra
1203 6013 1539 6136 ſouvent
1609 6013 1620 6136 à
1690 6013 1910 6136 point
1968 6013 2177 6136 apres
2235 6013 2432 6136 avoir
2513 6013 2722 6136 viſte-

615 6135 800 6257 ment
858 6135 1240 6257 travaillé,
1298 6135 1367 6257 de
1425 6135 1853 6257 redoubler
1923 6135 1981 6257 ce
2050 6135 2467 6257 deuxieme
2536 6135 2721 6257 coup

583 6260 595 6392 à
667 6260 704 6392 la
788 6260 969 6392 teſte
1066 6260 1138 6392 de
1198 6260 1778 6392 l’Adverſaire,
1850 6260 1910 6392 un
2007 6260 2127 6392 peu
2212 6260 2719 6392 autrement;

589 6384 911 6514 aſſavoir
973 6384 1023 6514 en
1110 6384 1408 6514 voltant
1445 6384 1507 6514 le
1557 6384 1731 6514 pied
1805 6384 2128 6514 gauche,
2252 6384 2252 6514 &
2327 6384 2488 6514 puis
2563 6384 2724 6514 eſle-

594 6515 702 6636 ver
811 6515 823 6636 &
871 6515 1208 6636 avancer
1256 6515 1413 6636 tant
1461 6515 1919 6636 ſeulement
1967 6515 2015 6636 le
2076 6515 2244 6636 pied
2304 6515 2533 6636 droit.
2666 6515 2726 6636 Ce

601 6631 717 6764 qui
755 6631 897 6764 ſera
948 6631 1077 6764 fait
1141 6631 1193 6764 en
1270 6631 1746 6764 conformité
1823 6631 1875 6764 du
1990 6631 2222 6764 Cercle
2338 6631 2363 6764 N.
2428 6631 2479 6764 7.

3059 449 3112 583 Or
3164 449 3335 583 puis
3387 449 3518 583 que
3610 449 3950 583 Zacharie
4016 449 4016 583 à
4081 449 4330 583 taſché
4370 449 4658 583 juſqu’à
4711 449 5025 583 preſent

2901 574 2949 710 en
3044 574 3199 710 tant
3282 574 3342 710 de
3401 574 3652 710 ſortes
3723 574 3783 710 de
3842 574 4152 710 frapper
4223 574 4319 710 ſon
4414 574 4855 710 Adverſaire
4938 574 4998 710 de

2900 696 2959 838 ce
3031 696 3209 838 coup
3280 696 3352 838 de
3399 696 3685 838 revers,
3780 696 3792 838 &
3851 696 4446 838 qu’Alexandre
4493 696 4541 838 l’a
4612 696 5004 838 touſiours

2884 825 3219 956 prevenu
3357 825 3369 956 &
3438 825 3680 956 domté
3749 825 3795 956 en
3888 825 4211 956 diverſes
4291 825 4649 956 manieres
4707 825 5007 956 ſuivant

2886 946 2923 1082 la
2995 946 3347 1082 diverſité
3420 946 3529 1082 des
3590 946 4027 1082 occaſions,
4087 946 4124 1082 en
4197 946 4391 1082 ſorte
4464 946 4621 1082 qu’il
4682 946 4731 1082 en
4803 946 4803 1082 a
4876 946 5010 1082 eſté

2886 1073 3110 1209 bleſſé
3159 1073 3283 1209 luy
3370 1073 3667 1209 meſme;
3742 1073 3804 1209 ce
3878 1073 4163 1209 voyant
4213 1073 4250 1209 il
4287 1073 4337 1209 ſe
4399 1073 4721 1209 propoſe
4795 1073 4857 1209 de
4919 1073 5006 1209 ne

2887 1198 3127 1328 laiſſer
3190 1198 3354 1328 plus
3430 1198 3808 1328 aſſujettir
3871 1198 3909 1328 ſa
3985 1198 4174 1328 lame
4238 1198 4250 1328 à
4313 1198 4351 1328 la
4465 1198 4818 1328 Seconde
4907 1198 5008 1328 In-

2886 1324 3182 1457 ſtance;
3268 1324 3317 1457 ce
3391 1324 3539 1457 qu’il
3588 1324 3846 1457 taſche
3896 1324 3896 1457 à
3970 1324 4327 1457 prevenir
4376 1324 4487 1457 par
4536 1324 4979 1457 l’operation

2878 1452 3257 1542 ſuivante.

3607 1577 3921 1750 Cercle
4110 1577 4424 1750 N4.

2925 1782 2958 1916 Au
3024 1782 3189 1916 temps
3254 1782 3682 1916 qu’Alexandre
3726 1782 3957 1916 chemine
4001 1782 4110 1916 avec
4154 1782 4187 1916 le
4242 1782 4363 1916 pied
4407 1782 4527 1916 droit
4582 1782 4615 1916 de
4648 1782 4692 1916 la
4758 1782 4999 1916 Premiere

3008 1905 3240 2039 Inſtance
3289 1905 3301 2039 à
3338 1905 3374 2039 la
3436 1905 3680 2039 Seconde,
3729 1905 3851 2039 pour
3888 1905 4157 2039 aſſujettir
4206 1905 4389 2039 l’eſpee
4438 1905 4731 2039 contraire,
4841 1905 4841 2039 &
4903 1905 5013 2039 qu’il

2998 2032 3135 2164 vient
3192 2032 3192 2164 à
3249 2032 3556 2164 pourſuivre
3601 2032 3715 2164 avec
3761 2032 3795 2164 le
3840 2032 3943 2164 pied
4000 2032 4227 2164 gauce;
4318 2032 4569 2164 Zacharie
4614 2032 4637 2164 ſe
4705 2032 5001 2164 tranſporte

3011 2155 3124 2288 avec
3158 2155 3192 2288 le
3237 2155 3350 2288 pied
3407 2155 3520 2288 droit
3565 2155 3655 2288 par
3712 2155 3802 2288 delà
3847 2155 3881 2288 le
3971 2155 4231 2288 Diametre
4288 2155 4288 2288 à
4344 2155 4378 2288 la
4435 2155 4593 2288 lettre
4661 2155 4717 2288 S,
4774 2155 5011 2288 pourſui-

3001 2282 3120 2416 vant
3179 2282 3179 2416 à
3250 2282 3392 2416 mener
3451 2282 3474 2416 le
3533 2282 3640 2416 pied
3699 2282 3900 2416 gauche
3935 2282 3971 2416 en
4018 2282 4148 2416 ſuite
4196 2282 4267 2416 ſur
4326 2282 4349 2416 le
4444 2282 4633 2416 Quarré
4692 2282 5011 2416 circonſcrit.

3040 2406 3229 2537 Durant
3273 2406 3296 2537 le
3373 2406 3529 2537 meſme
3562 2406 3728 2537 temps
3817 2406 4106 2537 Alexandre
4161 2406 4305 2537 ayant
4350 2406 4527 2537 planté
4572 2406 4594 2537 le
4638 2406 4749 2537 pied
4816 2406 5004 2537 gauche

2996 2531 3109 2663 tout
3142 2531 3390 2663 joignant
3447 2531 3481 2663 le
3537 2531 3650 2663 pied
3717 2531 3864 2663 droit,
3909 2531 3954 2663 en
3999 2531 4101 2663 fait
4146 2531 4225 2663 vne
4281 2531 4721 2663 demi-fleurette,
4822 2531 4822 2663 &
4867 2531 5002 2663 entre

3006 2658 3159 2793 deſſus
3217 2658 3605 2793 l’Adverſaire
3664 2658 3770 2793 avec
3805 2658 3840 2793 le
3875 2658 3993 2793 coſté
4052 2658 4240 2793 gauche
4298 2658 4334 2793 du
4381 2658 4522 2793 corps
4557 2658 4780 2793 avancé,
4839 2658 4874 2793 en
4945 2658 5003 2793 luy

3000 2788 3402 2907 aſſujettiſſant
3441 2788 3480 2907 la
3519 2788 3649 2907 lame

3363 2946 3510 3081 Eſte
3571 2946 3963 3081 operation
4036 2946 4281 3081 prend
4330 2946 4832 3081 pareillemẽt
4881 2946 4991 3081 ſon

3354 3079 3645 3197 origine
3693 3079 3754 3197 au
3863 3079 4105 3197 Cercle
4214 3079 4250 3197 N.
4298 3079 4335 3197 1.
4444 3079 5000 3197 ALEXANDRE

3352 3200 3583 3316 eſtant
3643 3200 3692 3316 en
3764 3200 3922 3316 ae
3995 3200 4431 3316 d’aſſujettir
4492 3200 4758 3316 l’eſpee
4843 3200 5001 3316 con-

3341 3318 3597 3449 traire,
3658 3318 3707 3449 en
3780 3318 3975 3449 ſorte
4048 3318 4194 3449 qu’il
4243 3318 4328 3449 ait
4401 3318 4560 3449 deſia
4621 3318 4876 3449 planté
4950 3318 4998 3449 le

2878 3453 3052 3570 pied
3126 3453 3300 3570 droit
3374 3453 3424 3570 en
3511 3453 3672 3570 deçà
3721 3453 3771 3570 le
3858 3453 4229 3570 Diametre
4279 3453 4279 3570 à
4329 3453 4564 3570 lettre
4663 3453 4713 3570 Q,
4800 3453 4800 3570 &
4874 3453 4998 3570 que

2878 3577 2926 3696 le
2998 3577 3178 3696 pied
3262 3577 3539 3696 gauche
3611 3577 3743 3696 ſoit
3828 3577 3876 3696 en
3960 3577 4128 3696 train
4236 3577 4296 3696 de
4369 3577 4862 3696 pourſuivre:
4922 3577 4982 3696 au

2909 3701 3160 3819 meſme
3226 3701 3477 3819 temps
3586 3701 3586 3819 Z
3651 3701 4045 3819 ACHARIE
4099 3701 4219 3819 s’en
4296 3701 4350 3819 va
4438 3701 4765 3819 marcher
4809 3701 4995 3819 avec

2881 3826 2931 3944 le
2981 3826 3156 3944 pied
3231 3826 3418 3944 droit
3468 3826 3581 3944 par
3655 3826 3780 3944 delà
3855 3826 3905 3944 le
4018 3826 4380 3944 Diametre
4455 3826 4455 3944 à
4530 3826 4567 3944 la
4617 3826 4855 3944 lettre
4930 3826 4992 3944 S,

2884 3953 3409 4069 pourſuivant
3489 3953 3489 4069 à
3603 3953 3842 4069 mener
3922 3953 4869 4069 proportionnellement
4937 3953 4994 4069 le

2880 4076 3054 4195 pied
3116 4076 3415 4195 gauche
3465 4076 3564 4195 ſur
3614 4076 3664 4195 le
3776 4076 4025 4195 Quarré
4087 4076 4572 4195 circonſcrit.
4684 4076 4858 4195 Dont
4946 4076 5008 4195 A-

2885 4201 3374 4316 LEXANDRE,
3428 4201 3645 4316 avant
3721 4201 3841 4316 que
3895 4201 3939 4316 le
4026 4201 4525 4316 mouvement
4580 4201 4710 4316 ſoit
4775 4201 4993 4316 ache-

2892 4324 3017 4443 vé,
3105 4324 3356 4443 plante
3431 4324 3481 4443 le
3556 4324 3732 4443 pied
3832 4324 4121 4443 gauche
4209 4324 4384 4443 tout
4459 4324 4623 4443 pres
4698 4324 4748 4443 le
4836 4324 5011 4443 pied

2888 4450 3110 4567 droit,
3180 4450 3448 4567 lequel
3506 4450 3541 4567 il
3611 4450 3984 4567 continue
4066 4450 4229 4567 tout
4299 4450 4916 4567 ſoudainement
4986 4450 4998 4567 à

2888 4566 3198 4683 eſlever,
3267 4566 3313 4683 en
3383 4566 3647 4683 faiſant
3693 4566 3831 4683 une
3901 4566 4568 4683 demi-fleurette,
4672 4566 4683 4683 &
4729 4566 5006 4683 l’avan-

2890 4686 2949 4825 ce
3019 4686 3290 4825 devers
3360 4686 3783 4825 l’Ennemy
3842 4686 3959 4825 par
4018 4686 4159 4825 delà
4206 4686 4265 4825 le
4359 4686 4735 4825 Diametre
4794 4686 4993 4825 entre

2893 4814 3091 4939 deux
3128 4814 3190 4939 le
3277 4814 3537 4939 Centre
3612 4814 3661 4939 du
3773 4814 4008 4939 Cercle
4132 4814 4145 4939 &
4207 4814 4244 4939 la
4318 4814 4541 4939 lettre
4628 4814 4665 4939 I.
4727 4814 4777 4939 ſe
4839 4814 5012 4939 pan-

2888 4936 3106 5048 chant
3175 4936 3220 5048 en
3289 4936 3518 5048 avant
3575 4936 3816 5048 deſſus
3873 4936 3930 5048 le
4022 4936 4320 5048 meſme,
4366 4936 4377 5048 à
4446 4936 4618 5048 tout
4675 4936 4732 5048 le
4812 4936 4996 5048 coſté

2898 5071 3182 5192 gauche
3253 5071 3301 5192 du
3384 5071 3597 5192 corps
3656 5071 3929 5192 tourné
4000 5071 4048 5192 en
4119 5071 4368 5192 avant,
4439 5071 4498 5192 de
4558 5071 4759 5192 façon
4854 5071 5008 5192 qu’il

2876 5195 2998 5317 luy
3059 5195 3303 5317 coupe
3364 5195 3425 5317 le
3499 5195 3853 5317 chemin,
3988 5195 3988 5317 &
4036 5195 4159 5317 luy
4232 5195 4611 5317 aſſujettit
4672 5195 4708 5317 la
4782 5195 5002 5317 lame,

2872 5319 3055 5412 avec
3100 5319 3157 5412 le
3214 5319 3374 5412 bras
3431 5319 3841 5412 raccourci
3955 5319 3955 5412 &
4012 5319 4320 5412 affermi
4377 5319 4434 5412 au
4537 5319 4730 5412 coſté
4810 5319 4992 5412 droit

2886 5437 2946 5588 du
3031 5437 3272 5588 corps;
3320 5437 3368 5588 le
3429 5437 3597 5588 tout
3658 5437 3706 5588 en
3790 5437 4273 5588 conformité
4345 5437 4406 5588 de
4454 5437 4490 5588 la
4550 5437 4828 5588 figure.

3579 5610 3884 5766 Cercle
4145 5610 4407 5766 N.1.

3393 5816 3539 5942 Oicy
3600 5816 3735 5942 une
3784 5816 3967 5942 ſuite
4040 5816 4102 5942 de
4163 5816 4212 5942 la
4261 5816 4798 5942 precedente.
4908 5816 4970 5942 Au

3340 5939 3595 6064 temps
3687 5939 4370 6064 qu’ALEXANDRE
4439 5939 4902 6064 s’achemine
4971 5939 4983 6064 à

3342 6065 3518 6187 tout
3565 6065 3611 6187 le
3670 6065 3834 6187 pied
3904 6065 4080 6187 droit
4150 6065 4197 6187 en
4279 6065 4595 6187 dedans,
4642 6065 4829 6187 pour
4876 6065 4993 6187 luy

3344 6187 3731 6306 aſſujettir
3777 6187 3813 6306 la
3871 6187 4105 6306 lame;
4211 6187 4211 6306 Z
4269 6187 4632 6306 ACHARIE
4679 6187 4726 6306 ſe
4785 6187 4996 6306 recu-

2884 6306 2932 6439 le
2992 6306 3052 6439 un
3148 6306 3364 6439 grand
3411 6306 3531 6439 pas
3603 6306 3651 6439 en
3711 6306 3986 6439 arriere
4046 6306 4046 6439 à
4106 6306 4274 6439 tout
4334 6306 4382 6439 le
4442 6306 4609 6439 pied
4681 6306 5005 6439 gauche,

2881 6427 2943 6563 ſe
3004 6427 3400 6563 panchant
3475 6427 3636 6563 auſſi
3697 6427 3747 6563 le
3833 6427 4044 6563 corps
4130 6427 4353 6563 deſſus
4427 6427 4427 6563 à
4502 6427 4860 6563 l’envers,
4984 6427 4997 6563 &

2902 6551 3145 6674 oſtant
3205 6551 3242 6674 ſa
3314 6551 3508 6674 lame
3581 6551 3957 6674 aſſujettie
4042 6551 4102 6674 de
4187 6551 4490 6674 deſſous
4551 6551 4587 6674 la
4684 6551 5012 6674 contrai-

2891 6676 3008 6814 re,
3102 6676 3570 6814 moyennant
3628 6676 4412 6814 l’accourciſſement
4494 6676 4541 6814 du
4646 6676 4857 6814 bras,
4939 6676 4997 6814 de

2895 6804 3107 6939 façon
3194 6804 3356 6939 qu’il
3419 6804 3469 6939 en
3556 6804 3681 6939 fait
3756 6804 3880 6939 vne
3943 6804 4180 6939 feinte
4255 6804 4267 6939 à
4329 6804 4853 6939 l’Adverſaire
4941 6804 4978 6939 en

2906 6930 3218 7059 dehors,
3268 6930 3431 7059 ſous
3493 6930 3718 7059 eſpoir
3793 6930 3855 7059 de
3917 6930 3967 7059 le
4042 6930 4217 7059 faire
4292 6930 4492 7059 parer
4604 6930 4604 7059 &
4679 6930 5003 7059 eſcarter

4889 7061 4980 7143 ſon
