5520 7640
620 416 717 562 ſon
803 416 1059 562 eſpee,
1120 416 1169 562 en
1242 416 1438 562 ſorte
1499 416 1657 562 qu’il
1706 416 1950 562 auroit
2036 416 2280 562 moyen
2365 416 2439 562 de
2487 416 2536 562 le
2585 416 2756 562 tou-

629 559 788 685 cher
845 559 902 685 au
1004 559 1254 685 meſme
1311 559 1572 685 temps
1629 559 1674 685 en
1765 559 2083 685 dedans.
2208 559 2753 685 ALEXANDRE

617 692 1111 810 s’apperçoit
1171 692 1291 810 par
1352 692 1400 810 le
1472 692 1942 810 ſentiment,
2026 692 2159 810 que
2219 692 2496 810 l’eſpee
2593 692 2749 810 con-

616 805 840 911 traire
922 805 1393 911 commence
1452 805 1463 911 à
1534 805 1593 911 ſe
1675 805 2111 911 deſtacher,
2181 805 2358 911 dont
2417 805 2452 911 il
2534 805 2758 911 dreſſe

617 938 664 1066 au
779 938 1033 1066 meſme
1091 938 1345 1066 temps
1403 938 1449 1066 la
1518 938 1899 1066 ſiennen
2015 938 2246 1066 droite
2303 938 2511 1066 ligne
2569 938 2742 1066 avec

604 1063 661 1190 le
718 1063 877 1190 bras
934 1063 1298 1190 eſtendu,
1355 1063 1809 1190 cheminant
1878 1063 2514 1190 enſemblement
2560 1063 2742 1190 avec

607 1187 657 1310 le
718 1187 891 1310 pied
953 1187 1138 1310 droit
1187 1187 1286 1310 ſur
1335 1187 1385 1310 le
1483 1187 1854 1310 Diametre
1903 1187 1915 1310 à
1965 1187 2125 1310 bien
2187 1187 2360 1310 pres
2421 1187 2471 1310 du
2570 1187 2742 1310 Cen-

619 1309 755 1437 tre,
817 1309 879 1437 de
929 1309 1127 1437 ſorte
1202 1309 1351 1437 qu’il
1400 1309 2095 1437 bleſſel’Ennemy
2144 1309 2206 1437 au
2281 1309 2516 1437 viſage
2591 1309 2715 1437 d’un

618 1437 800 1558 coup
897 1437 1333 1558 d’eſtocade
1406 1437 1636 1558 avant
1721 1437 1878 1558 qu’il
1939 1437 2024 1558 ait
2085 1437 2133 1558 le
2194 1437 2387 1558 loiſir
2472 1437 2533 1558 de
2593 1437 2739 1558 par-

610 1554 782 1683 faire
844 1554 893 1683 la
967 1554 1250 1683 ſuſdite
1311 1554 1607 1683 feinte;
1681 1554 2198 1683 pourſuivant
2271 1554 2271 1683 à
2333 1554 2370 1683 la
2431 1554 2739 1683 pouſſer

607 1684 766 1807 tout
834 1684 1084 1807 outre,
1153 1684 1198 1807 en
1266 1684 1664 1807 panchant
1744 1684 1801 1807 du
1880 1684 2096 1807 corps
2142 1684 2244 1807 ſur
2301 1684 2346 1807 le
2437 1684 2744 1807 devant;

615 1811 909 1934 comme
958 1811 995 1934 il
1056 1811 1142 1934 eſt
1191 1811 1645 1934 repreſenté
1719 1811 1756 1934 en
1829 1811 1866 1934 la
1940 1811 2222 1934 figure.

731 1930 768 2060 Il
817 1930 977 2060 faut
1038 1930 1456 2060 entendre,
1518 1930 1776 2060 quand
1862 1930 2193 2060 Zacharie
2255 1930 2304 2060 ſe
2378 1930 2734 2060 deſtache

609 2055 682 2168 de
730 2055 766 2168 la
827 2055 1020 2168 lame
1081 2055 1649 2168 d’Alexandre,
1722 2055 1770 2168 en
1855 2055 2182 2168 retirant
2303 2055 2303 2168 &
2387 2055 2629 2168 oſtant
2690 2055 2726 2168 la

595 2181 858 2307 ſienne
920 2181 1108 2307 pour
1158 2181 1333 2307 faire
1371 2181 1421 2307 la
1471 2181 1758 2307 ſuſdite
1808 2181 2084 2307 feinte,
2184 2181 2196 2307 &
2259 2181 2421 2307 qu’il
2484 2181 2734 2307 reçoit

595 2312 654 2431 au
784 2312 1044 2431 meſme
1138 2312 1386 2431 temps
1457 2312 1882 2431 l’eſtocade
1965 2312 2024 2431 au
2142 2312 2425 2431 viſage;
2508 2312 2744 2431 enco-

604 2434 700 2558 res
772 2434 904 2558 que
952 2434 1000 2558 ſa
1048 2434 1240 2558 lame
1289 2434 1421 2558 ſoit
1481 2434 1697 2558 toute
1769 2434 2009 2558 libre,
2070 2434 2106 2558 ſi
2178 2434 2262 2558 eſt
2322 2434 2358 2558 il
2418 2434 2730 2558 toutes-

598 2559 787 2681 fois,
870 2559 1024 2681 qu’il
1095 2559 1166 2681 ne
1237 2559 1355 2681 s’en
1449 2559 1627 2681 peut
1698 2559 2147 2681 nullement
2218 2559 2442 2681 ſervir
2525 2559 2572 2681 en
2667 2559 2726 2681 ce

622 2683 874 2806 meſme
946 2683 1198 2806 temps
1246 2683 1439 2806 pour
1487 2683 1763 2806 bleſſer
1823 2683 2400 2806 l’Adverſaire:
2472 2683 2592 2806 par
2664 2683 2724 2806 ce

601 2809 733 2930 que
781 2809 1320 2930 l’experience
1404 2809 1764 2930 monſtre,
1836 2809 1968 2930 que
2015 2809 2387 2930 l’homme
2459 2809 2543 2930 eſt
2627 2809 2723 2930 mis

592 2933 639 3055 en
734 2933 1111 3055 confuſion
1206 2933 1454 3055 quand
1501 2933 1536 3055 il
1595 2933 1843 3055 reçoit
1902 2933 2044 3055 une
2091 2933 2433 3055 bleſſure
2504 2933 2551 3055 au
2646 2933 2728 3055 vi-

582 3058 774 3183 ſage,
823 3058 1256 3183 l’intention
1328 3058 1449 3183 luy
1533 3058 1774 3183 eſtant
1822 3058 2195 3183 rompue,
2243 3058 2280 3183 la
2364 3058 2737 3183 memoire

576 3185 1006 3311 troublée,
1066 3185 1161 3311 les
1233 3185 1388 3311 ſens
1460 3185 1830 3311 divertis.
1973 3185 2021 3311 Or
2081 3185 2176 3311 les
2248 3185 2534 3311 feintes
2618 3185 2737 3311 qui

574 3309 834 3432 ſeront
883 3309 1106 3432 faites
1193 3309 1254 3432 de
1304 3309 1465 3432 plus
1526 3309 1687 3432 pres
1749 3309 1885 3432 que
1959 3309 2021 3432 de
2083 3309 2120 3432 la
2194 3309 2553 3432 Seconde
2614 3309 2726 3432 In-

578 3432 883 3562 ſtance,
965 3432 1141 3562 vous
1211 3432 1305 3562 les
1387 3432 1726 3562 porrez
1832 3432 2230 3562 maiſtriſer
2300 3432 2569 3562 toutes
2651 3432 2698 3562 en

585 3558 772 3665 ceſte
854 3558 1111 3665 meſme
1169 3558 1403 3665 ſorte,
1473 3558 1520 3665 en
1602 3558 1964 3665 eſtendãt
1999 3558 2058 3665 le
2104 3558 2280 3665 bras
2338 3558 2385 3665 en
2478 3558 2724 3665 droite

570 3683 812 3811 ligne,
914 3683 927 3811 &
990 3683 1321 3811 bleſſant
1385 3683 1920 3811 l’Adverſaire
1984 3683 2047 3811 au
2149 3683 2404 3811 meſme
2468 3683 2722 3811 temps

565 3814 720 3933 ſans
780 3814 958 3933 vous
1006 3814 1316 3933 ſoucier
1388 3814 1435 3933 en
1531 3814 1662 3933 rien
1769 3814 1877 3933 qui
1936 3814 2067 3933 ſoit
2151 3814 2222 3933 de
2282 3814 2604 3933 cercher
2663 3814 2699 3933 ſa

563 3940 793 4082 lame,
844 3940 934 4082 ny
985 3940 985 4082 à
1061 3940 1342 4082 droite,
1380 3940 1470 4082 ny
1521 3940 1534 4082 à
1597 3940 1929 4082 gauche.

1292 4077 1622 4242 Cerclé
1843 4077 2151 4242 N.16.

1103 4294 1482 4414 Operation
1555 4294 1922 4414 preſente
1971 4294 2325 4414 procede
2398 4294 2569 4414 auſſi
2643 4294 2691 4414 en

1034 4419 1217 4548 ſuite
1302 4419 1363 4548 du
1485 4419 1729 4548 Cercle
1851 4419 1888 4548 N.
1949 4419 2059 4548 14.
2144 4419 2193 4548 où
2315 4419 2717 4548 ALEXAN-

1058 4544 1202 4662 DRE
1262 4544 1274 4662 a
1346 4544 1575 4662 coupé
1623 4544 1683 4662 le
1743 4544 2032 4662 chemin
2104 4544 2104 4662 à
2164 4544 2717 4662 l’Adverſaire,

1043 4673 1088 4795 en
1190 4673 1576 4795 marchant
1655 4673 1916 4795 contre
1984 4673 2109 4795 luy
2177 4673 2359 4795 avec
2416 4673 2472 4795 le
2541 4673 2711 4795 pied

601 4780 815 4917 droit,
916 4780 929 4917 &
1017 4780 1181 4917 qu’il
1231 4780 1358 4917 luy
1421 4780 1812 4917 aſſujettit
1875 4780 1912 4917 la
1976 4780 2215 4917 lame.
2329 4780 2720 4917 Preſente-

607 4927 793 5046 ment
840 4927 875 5046 il
922 4927 1271 5046 pourſuit
1318 4927 1831 5046 l’operation,
1877 4927 1924 5046 en
2006 4927 2390 5046 avançant
2437 4927 2495 5046 le
2554 4927 2717 5046 pied

600 5045 782 5165 droit
830 5045 1012 5165 avec
1072 5045 1133 5165 un
1205 5045 1399 5165 petit
1447 5045 1604 5165 ſaut
1653 5045 1774 5165 par
1834 5045 1967 5165 delà
2028 5045 2076 5165 le
2173 5045 2548 5165 Diametre
2609 5045 2609 5165 à
2669 5045 2705 5165 la

574 5172 801 5295 lettre
885 5172 933 5295 L;
980 5172 1148 5295 puis
1207 5172 1255 5295 en
1327 5172 1721 5295 panchant
1769 5172 1829 5295 le
1888 5172 2104 5295 corps
2175 5172 2223 5295 en
2307 5172 2617 5295 devant,
2713 5172 2725 5295 &

579 5295 974 5422 avançant
1048 5295 1480 5422 davantage
1542 5295 1591 5422 le
1665 5295 1862 5422 coſté
1949 5295 2282 5422 gauche,
2344 5295 2381 5422 il
2455 5295 2603 5422 oſte
2677 5295 2714 5422 ſa

572 5419 769 5545 lame
839 5419 897 5545 de
979 5419 1211 5545 deſſus
1258 5419 1293 5545 la
1363 5419 1746 5545 contraire
1805 5419 1979 5545 avec
2037 5419 2095 5545 un
2165 5419 2712 5545 pouſſement,

602 5547 771 5669 dont
832 5547 868 5669 il
941 5547 989 5669 en
1086 5547 1207 5669 fait
1292 5547 1521 5669 prinſe
1618 5547 1679 5669 de
1739 5547 1775 5669 la
1884 5547 2090 5669 garde
2162 5547 2344 5669 avec
2404 5547 2440 5669 la
2549 5547 2694 5669 main

603 5671 921 5798 gauche,
994 5671 1031 5798 la
1104 5671 1324 5798 tirant
1397 5671 1409 5798 à
1471 5671 1654 5798 ſoy,
1776 5671 1776 5798 &
1837 5671 2289 5798 preſentant
2350 5671 2387 5798 la
2448 5671 2717 5798 pointe

601 5795 660 5915 de
707 5795 743 5915 la
802 5795 1064 5915 ſienne
1111 5795 1111 5915 à
1171 5795 1206 5915 la
1266 5795 1610 5915 poitrine
1681 5795 1741 5915 de
1788 5795 1800 5915 l
1871 5795 2346 5915 Adverſaire;
2417 5795 2714 5915 comme

577 5921 675 6048 les
723 5921 1027 6048 figures
1088 5921 1672 6048 demonſtrent.

1300 6058 1629 6229 Cercle
1847 6058 2110 6229 N.17.

1090 6263 1237 6395 Oicy
1311 6263 1679 6395 derechef
1728 6263 1863 6395 une
1924 6263 2133 6395 autre
2182 6263 2366 6395 ſuite
2427 6263 2722 6395 duCer-

1051 6393 1147 6503 cle
1255 6393 1291 6503 N.
1339 6393 1447 6503 14.
1543 6393 1555 6503 A
1627 6393 2083 6503 LEXANDRE
2132 6393 2408 6503 faiſant
2456 6393 2732 6503 l’intra-

1069 6517 1120 6643 de
1170 6517 1347 6643 avec
1398 6517 1448 6643 le
1499 6517 1676 6643 pied
1739 6517 1954 6643 droit,
2055 6517 2055 6643 &
2105 6517 2434 6643 prenant
2484 6517 2522 6643 la
2598 6517 2737 6643 gar-

1062 6643 1119 6767 de
1187 6643 1570 6767 contraire
1627 6643 1807 6767 avec
1852 6643 1897 6767 la
1988 6643 2134 6767 main
2213 6643 2540 6767 gauche,
2619 6643 2732 6767 cõ-

618 6769 697 6892 me
765 6769 811 6892 en
879 6769 1334 6892 l’operation
1425 6769 2029 6892 dernierement
2074 6769 2620 6892 precedente,
2666 6769 2734 6892 ſi-

591 6890 728 7022 non
816 6890 965 7022 qu’il
1003 6890 1128 7022 fait
1190 6890 1302 7022 icy
1352 6890 1402 7022 la
1465 6890 1702 7022 prinſe
1764 6890 1877 7022 par
1939 6890 2189 7022 deſſus
2226 6890 2326 7022 les
2401 6890 2588 7022 deux
2638 6890 2725 7022 la-

625 7020 778 7143 mes,
849 7020 885 7143 en
956 7020 1062 7143 les
1109 7020 1475 7143 retenant
1522 7020 2042 7143 accouplées,
2077 7020 2432 7143 pourſuit
2491 7020 2491 7143 à
2550 7020 2727 7143 tirer

3662 3743 3992 3920 Cercle
4190 3743 4520 3920 .20.

3404 3946 3564 4083 Oicy
3613 3946 3761 4083 une
3823 3946 4230 4083 operation
4316 3946 4427 4083 qui
4477 3946 4489 4083 a
4551 3946 4723 4083 auſſi
4773 3946 4822 4083 le
4896 3946 5057 4083 meſ-

3385 4078 3465 4210 me
3523 4078 4260 4210 commencement
4330 4078 4387 4210 du
4502 4078 4756 4210 Cercle
4860 4078 5044 4210 N.14.

3365 4199 3414 4338 où
3512 4199 4063 4338 ALEXANDRE
4112 4199 4504 4338 aſſujettit
4553 4199 4823 4338 l’eſpee
4896 4199 5055 4338 con-

3350 4329 3582 4456 traire
3641 4329 3687 4456 en
3815 4329 4199 4456 marchant
4281 4329 4455 4456 avec
4514 4329 4560 4456 le
4618 4329 4793 4456 pied
4863 4329 5049 4456 droit

2901 4453 3165 4586 devers
3213 4453 3261 4586 le
3345 4453 3609 4586 Centre
3669 4453 3861 4586 pour
3909 4453 4029 4586 luy
4101 4453 4389 4586 couper
4437 4453 4497 4586 le
4569 4453 4905 4586 chemin.
4977 4453 5013 4586 En

2896 4580 2956 4711 ce
3004 4580 3328 4711 preſent
3424 4580 3664 4711 Cercle
3760 4580 4216 4711 ZACHARIE
4276 4580 4623 4711 s’avance
4743 4580 4743 4711 &
4839 4580 5031 4711 entre

2886 4702 2934 4839 au
3044 4702 3301 4839 meſme
3362 4702 3618 4839 temps
3667 4702 3850 4839 avec
3899 4702 3960 4839 le
4034 4702 4229 4839 coſté
4339 4702 4351 4839 &
4400 4702 4449 4839 le
4510 4702 4681 4839 pied
4754 4702 5035 4839 gauche

2886 4830 2886 4964 à
2961 4830 3257 4964 planter
3332 4830 3332 4964 à
3406 4830 3641 4964 lettre
3752 4830 3938 4964 Mpar
4037 4830 4173 4964 delà
4247 4830 4297 4964 le
4408 4830 4853 4964 Diametre,
4940 4830 5039 4964 en-

2885 4953 3234 5086 trainant
3355 4953 3367 5086 &
3427 4953 3728 5086 voltant
3789 4953 3957 5086 auſſi
4006 4953 4054 5086 le
4126 4953 4307 5086 pied
4391 4953 4584 5086 droit
4680 4953 5042 5086 derriere,

2945 5085 2945 5216 &
3018 5085 3319 5216 gripant
3367 5085 3548 5216 avec
3609 5085 3645 5216 la
3753 5085 3898 5216 main
3995 5085 4284 5216 gauche
4345 5085 4538 5216 pour
4598 5085 4936 5216 prendre
4984 5085 5020 5216 la

2892 5212 3117 5340 garde
3184 5212 3600 5340 contraire.
3746 5212 4016 5340 Durant
4083 5212 4184 5340 ces
4263 5212 4387 5340 dits
4465 5212 5027 5340 mouvements

2908 5333 2932 5470 A
2991 5333 3492 5470 LEXANDRE
3552 5333 3600 5470 ſe
3659 5333 3886 5470 retire
3934 5333 3993 5470 le
4041 5333 4208 5470 bras
4327 5333 4327 5470 &
4375 5333 4423 5470 la
4506 5333 4721 5470 garde
4768 5333 4780 5470 à
4864 5333 5007 5470 main

2896 5461 3182 5591 gauche
3301 5461 3301 5591 &
3372 5461 3527 5591 vers
3575 5461 3622 5591 le
3682 5461 3836 5591 bas,
3884 5461 3932 5591 en
4003 5461 4372 5591 reculant
4420 5461 4587 5591 auſſi
4634 5461 4682 5591 le
4765 5461 5027 5591 meſme

2889 5584 3056 5720 pied
3121 5584 3237 5720 ſur
3301 5584 3353 5720 le
3469 5584 3726 5720 Quarré
3816 5584 4306 5720 circonſcrit,
4358 5584 4370 5720 à
4448 5584 4744 5720 planter
4808 5584 4912 5720 ſur
4976 5584 5027 5720 le

2919 5708 3303 5837 Diametre
3363 5708 3650 5837 oblicq,
3722 5708 4189 5837 conduiſant
4237 5708 4249 5837 à
4321 5708 4788 5837 l’advenant
4848 5708 4884 5837 ſa
4944 5708 5028 5837 la-

2905 5835 2990 5967 me
3051 5835 3710 5967 circulairement
3771 5835 3820 5967 en
3893 5835 4076 5967 haut
4125 5835 4247 5967 par
4308 5835 4552 5967 deſſus
4600 5835 4649 5967 ſa
4710 5835 4930 5967 teſte,
5027 5835 5027 5967 &

2888 5960 2933 6088 en
3023 5960 3371 6088 donnant
3427 5960 3494 6088 un
3584 5960 3764 6088 coup
3842 5960 3910 6088 de
3966 5960 4168 6088 taille
4224 5960 4280 6088 au
4370 5960 4763 6088 contraire
4831 5960 4842 6088 à
4909 5960 5022 6088 l’o-

2881 6083 3090 6218 reille
3164 6083 3509 6218 gauche,
3583 6083 3632 6218 en
3706 6083 4038 6218 retirant
4100 6083 4149 6218 le
4211 6083 4383 6218 pied
4457 6083 4641 6218 droit
4715 6083 4764 6218 en
4851 6083 5011 6218 deçà

2877 6209 2924 6321 le
3016 6209 3398 6321 Diametre
3468 6209 3479 6321 à
3549 6209 3780 6321 lettre
3850 6209 3908 6321 I;
3989 6209 4290 6321 comme
4382 6209 4429 6321 on
4521 6209 4568 6321 le
4649 6209 4799 6321 voit
4869 6209 4915 6321 en
4973 6209 5019 6321 la

2880 6332 3515 6460 repreſentation
3600 6332 3710 6460 des
3771 6332 4100 6460 figures.

2927 404 2964 544 la
3063 404 3323 544 meſme
3385 404 3609 544 garde
3671 404 3671 544 à
3720 404 3820 544 ſon
3906 404 4105 544 coſté
4179 404 4502 544 gauche,
4551 404 4601 544 en
4700 404 5085 544 marchant

2926 529 3104 669 avec
3154 529 3205 669 le
3269 529 3446 669 pied
3510 529 3802 669 gauche
3853 529 3865 669 à
3916 529 4157 669 lettre
4246 529 4284 669 X,
4386 529 4386 669 &
4462 529 4982 669 deſtournant
5020 529 5071 669 le

2930 658 3122 783 coſté
3206 658 3386 783 droit
3470 658 3506 783 en
3614 658 3891 783 dehors
3963 658 4143 783 avec
4203 658 4251 783 le
4311 658 4491 783 pied
4552 658 4816 783 eſlevé;
4888 658 5068 783 com-

2954 797 3029 925 me
3079 797 3116 925 il
3154 797 3429 925 appert
3479 797 3629 925 aux
3679 797 4005 925 figures.

3642 935 3956 1099 Cercle
4225 935 4516 1099 N.8.

3359 1129 3506 1267 ’Eſt
3555 1129 3604 1267 la
3665 1129 4215 1267 continuation
4301 1129 4374 1267 de
4423 1129 4460 1267 la
4545 1129 4814 1267 meſme
4851 1129 5071 1267 ſuite.

3411 1268 3961 1396 ALEXANDRE
4033 1268 4081 1396 ſe
4164 1268 4367 1396 volte
4439 1268 4499 1396 le
4571 1268 4750 1396 pied
4834 1268 5061 1396 eſlevé

3397 1392 3720 1524 derriere
3770 1392 3819 1524 le
3881 1392 4055 1524 pied
4117 1392 4440 1524 gauche,
4502 1392 4663 1524 qu’il
4713 1392 4949 1524 eſleve
4998 1392 5048 1524 au

3399 1520 3652 1635 meſme
3721 1520 4066 1635 inſtant,
4135 1520 4192 1635 en
4284 1520 4664 1635 tournant
4733 1520 4790 1635 le
4871 1520 5055 1635 coſté

2919 1651 3204 1782 gauche
3284 1651 3341 1782 du
3444 1651 3662 1782 corps
3742 1651 3787 1782 en
3879 1651 4142 1782 avant,
4210 1651 4393 1782 avec
4485 1651 4885 1782 eſlevation
4988 1651 5033 1782 du

2902 1772 3062 1912 bras
3173 1772 3185 1912 &
3259 1772 3321 1912 de
3357 1772 3407 1912 la
3481 1772 3702 1912 garde
3764 1772 4158 1912 contraire
4207 1772 4219 1912 à
4281 1772 4601 1912 pouſſer
4650 1772 4921 1912 arriere
4995 1772 5056 1912 de

2902 1902 3065 2035 ſoy,
3166 1902 3217 2035 en
3317 1902 3507 2035 ſorte
3595 1902 3759 2035 qu’il
3822 1902 3948 2035 luy
4049 1902 4175 2035 met
4238 1902 4275 2035 la
4364 1902 4628 2035 pointe
4717 1902 4767 2035 au
4868 1902 5057 2035 coſté

2910 2027 3138 2169 droit;
3198 2027 3498 2169 comme
3570 2027 3618 2169 on
3690 2027 3750 2169 le
3810 2027 3954 2169 voit
4014 2027 4481 2169 repreſenté
4541 2027 4589 2169 en
4661 2027 4697 2169 la
4769 2027 5033 2169 figure.

3645 2181 3958 2353 Cercle
4183 2181 4474 2353 N.19.

3428 2386 3428 2523 N
3528 2386 3753 2523 voicy
3828 2386 4403 2523 l’execution,
4503 2386 5066 2523 qu’ALEXAN.

3391 2515 3533 2645 DRE
3593 2515 3960 2645 pourſuit
4031 2515 4196 2645 tout
4279 2515 4421 2645 d’un
4540 2515 4800 2645 meſme
4848 2515 5061 2645 train,

3372 2644 3419 2751 en
3546 2644 3963 2751 accoſtant
4055 2644 4101 2751 le
4240 2644 4645 2751 Contraire
4738 2644 4923 2751 avec
5004 2644 5050 2751 le

3369 2770 3549 2904 pied
3613 2770 3908 2904 gauche
3973 2770 4242 2904 eſlevé,
4294 2770 4307 2904 à
4371 2770 4679 2904 planter
4731 2770 4846 2904 par
4911 2770 5039 2904 delà

2895 2902 2944 3023 le
3031 2902 3413 3023 Diametre
3474 2902 3635 3023 tout
3696 2902 3869 3023 pres
3930 2902 3992 3023 de
4041 2902 4078 3023 la
4140 2902 4374 3023 lettre
4460 2902 4510 3023 T,
4596 2902 4608 3023 &
4658 2902 4658 3023 à
4719 2902 5052 3023 pancher

2895 3028 2945 3150 le
3007 3028 3230 3150 corps
3292 3028 3539 3150 deſſus
3601 3028 3650 3150 en
3725 3028 3997 3150 avant;
4071 3028 4245 3150 dont
4307 3028 4344 3150 il
4406 3028 4529 3150 luy
4604 3028 4876 3150 pouſſe
4938 3028 5049 3150 l’e-

2894 3156 3063 3277 ſpee
3111 3156 3123 3277 à
3184 3156 3437 3277 pleine
3498 3156 3703 3277 force
3764 3156 3776 3277 à
3836 3156 4150 3277 travers
4198 3156 4247 3277 le
4319 3156 4573 3277 corps;
4645 3156 4947 3277 comme
5020 3156 5056 3277 il

2897 3279 2948 3406 ſe
3012 3279 3152 3406 voit
3228 3279 3267 3406 en
3343 3279 3381 3406 la
3445 3279 3725 3406 figure.
