5520 7640
2895 5518 3154 5656 faiſant
3225 5518 3414 5656 deux
3461 5518 3520 5656 ou
3591 5518 3768 5656 trois
3815 5518 3934 5656 pas
4004 5518 4052 5656 en
4111 5518 4359 5656 avant,
4394 5518 4571 5656 ſelon
4630 5518 4666 5656 la
4736 5518 4996 5656 diſtan-

2916 5642 2997 5784 ce,
3054 5642 3158 5784 qui
3216 5642 3308 5784 eſt
3366 5642 3562 5784 entre
3631 5642 3850 5784 deux;
3896 5642 4311 5784 obſervant
4368 5642 4426 5784 au
4530 5642 4772 5784 meſme
4829 5642 4991 5784 tẽps

2909 5768 3070 5905 qu’il
3119 5768 3367 5905 plante
3416 5768 3478 5905 le
3527 5768 3701 5905 pied
3762 5768 4047 5905 gauche
4109 5768 4109 5905 à
4171 5768 4369 5905 terre
4431 5768 4480 5905 en
4542 5768 4666 5905 lieu
4765 5768 4888 5905 d’où
4975 5768 5012 5905 il

2894 5886 3136 6029 puiſſe
3197 5886 3596 6029 atteindre
3669 5886 3838 6029 avec
3899 5886 3959 6029 le
4032 5886 4201 6029 pied
4262 5886 4444 6029 droit
4492 5886 4528 6029 la
4625 5886 5000 6029 Circonfe-

2904 6014 3122 6151 rence
3192 6014 3249 6151 au
3330 6014 3549 6151 point
3652 6014 3710 6151 C,
3790 6014 3860 6151 de
3917 6014 4182 6151 porter
4251 6014 4885 6151 enſemblement
4942 6014 5000 6151 le

2894 6134 3064 6275 bras
3125 6134 3418 6275 eſtendu
3491 6134 3674 6275 avec
3711 6134 3980 6275 l’eſpee
4041 6134 4089 6275 en
4163 6134 4285 6275 vne
4333 6134 4529 6275 ligne
4577 6134 4590 6275 à
4638 6134 4736 6275 ſon
4809 6134 5005 6275 coſté

2916 6263 3093 6395 droit
3164 6263 3211 6395 en
3282 6263 3495 6395 angle
3554 6263 3754 6395 aigu;
3814 6263 4534 6395 conſequemment
4593 6263 4628 6395 il
4699 6263 4935 6395 eſleve
4982 6263 4994 6395 à

2919 6384 2965 6504 ce
3047 6384 3305 6504 meſme
3375 6384 3563 6504 coſté
3657 6384 3844 6504 droit
3903 6384 3949 6504 le
4008 6384 4184 6504 pied
4254 6384 4641 6504 enſemble
4711 6384 4887 6504 avec
4957 6384 5004 6504 le

2897 6508 3060 6642 bras
3188 6508 3200 6642 &
3258 6508 3584 6642 l’eſpee,
3654 6508 4027 6642 eſtendue
4097 6508 4656 6642 pareillement
4738 6508 4784 6642 en
4878 6508 5006 6642 vne

2934 6633 3191 6766 meſme
3249 6633 3447 6766 ligne
3529 6633 3576 6766 en
3657 6633 3867 6766 angle
3926 6633 4194 6766 obtus;
4299 6633 4311 6766 &
4369 6633 4673 6766 comme
4719 6633 4754 6766 il
4801 6633 5023 6766 reco-

2910 6754 3159 6895 gnoiſt
3196 6754 3209 6895 à
3271 6754 3458 6895 veuë
3520 6754 3731 6895 d’oeil
3769 6754 3818 6895 la
3893 6754 4217 6895 diſtance
4291 6754 4341 6895 du
4428 6754 4677 6895 corps,
4727 6754 4913 6895 bras,
5013 6754 5013 6895 &

2908 6878 3120 7019 eſpee
3195 6878 3608 7019 contraire,
3670 6878 3708 7019 il
3783 6878 3833 7019 en
3908 6878 4145 7019 prend
4195 6878 4245 7019 ſa
4320 6878 4508 7019 viſee
4571 6878 4583 7019 à
4646 6878 4696 7019 la
4771 6878 5021 7019 garde,

4835 7032 5019 7119 pour

1413 5536 1719 5698 Cercle
2003 5536 2134 5698 .

638 5736 674 5871 Où
722 5736 782 5871 les
830 5736 1034 5871 parties
1094 5736 1118 5871 ſe
1166 5736 1262 5871 ſont
1322 5736 1526 5871 plantez
1598 5736 1670 5871 ſur
1706 5736 1730 5871 le
1802 5736 1958 5871 Cercle
2006 5736 2042 5871 en
2126 5736 2378 5871 Premiere
2426 5736 2738 5871 Inſtance,

739 5874 853 5995 avec
898 5874 955 5995 les
989 5874 1160 5995 eſpees
1205 5874 1490 5995 paralleles
1535 5874 1569 5995 en
1626 5874 1785 5995 droite
1842 5874 2013 5995 ligne,
2115 5874 2400 5995 Alexandre
2468 5874 2616 5995 ayant
2684 5874 2741 5995 mis

727 6001 762 6121 la
808 6001 959 6121 ſienne
1018 6001 1192 6121 deſſous
1227 6001 1261 6121 la
1308 6001 1680 6121 contraire.

1099 6154 1508 6282 AcHARIE
1559 6154 1866 6282 S’eſtant
1905 6154 2109 6282 placé
2186 6154 2416 6282 deſſus
2467 6154 2518 6282 le
2595 6154 2749 6282 Cer-

1083 6279 1169 6405 cle
1230 6279 1230 6405 à
1303 6279 1462 6405 tout
1511 6279 1609 6405 les
1683 6279 1952 6405 orteils
2013 6279 2062 6405 du
2135 6279 2307 6405 pied
2392 6279 2576 6405 droit
2637 6279 2735 6405 ſur

1069 6403 1106 6514 la
1167 6403 1398 6514 lettre
1495 6403 1544 6514 X,
1580 6403 1641 6514 le
1689 6403 1872 6514 talon
1957 6403 2066 6514 ſur
2127 6403 2176 6514 le
2261 6403 2456 6514 coſté
2529 6403 2735 6514 exte-

1077 6530 1281 6655 rieur
1370 6530 1421 6655 du
1562 6530 1816 6655 meſme
1957 6530 2479 6655 Quadrangle,
2607 6530 2607 6655 &
2683 6530 2734 6655 le

628 6652 794 6791 pied
877 6652 1168 6791 gauche
1237 6652 1500 6791 repoſé
1610 6652 1845 6791 deſſus
1901 6652 1942 6791 la
2011 6652 2219 6791 ligne
2316 6652 2564 6791 Pedale
2689 6652 2744 6791 Z,

620 6787 979 6912 preſente
1016 6787 1289 6912 l’eſpee
1376 6787 1425 6912 en
1524 6787 1760 6912 droite
1809 6787 2045 6912 ligne.
2168 6787 2738 6912 ALEXANDRE,

620 6903 801 7037 pour
849 6903 1236 7037 travailler
1296 6903 1743 7037 alencõtre,
1779 6903 1828 7037 le
1912 6903 2106 7037 vient
2154 6903 2601 7037 approcher
2661 6903 2709 7037 en

1557 1794 1668 2009 Ar
1742 1794 1872 2009 les
2020 1794 2537 2009 Tableaux
2630 1794 3277 2009 precedents
3388 1794 3647 2009 nous
3739 1794 4072 2009 avons
4164 1794 4534 2009 achevé
4645 1794 4996 2009 toutes

1484 2007 1568 2158 les
1624 2007 2130 2158 operations,
2200 2007 2313 2158 qui
2369 2007 2425 2158 ſe
2495 2007 2959 2158 preſentent
3043 2007 3310 2158 contre
3366 2007 4153 2158 l’aſſujettiſſement
4251 2007 4293 2158 de
4363 2007 4644 2158 l’eſpee
4715 2007 4771 2158 en
4883 2007 4981 2158 de-

1512 2149 1666 2296 dans
1736 2149 1792 2296 du
1862 2149 2058 2296 bras,
2142 2149 2212 2296 de
2254 2149 2478 2296 façon
2562 2149 2688 2296 que
2744 2149 3234 2296 l’Eſcholier
3290 2149 3543 2296 n’aura
3599 2149 3767 2296 plus
3809 2149 3935 2296 rien
4019 2149 4019 2296 à
4089 2149 4467 2296 craindre,
4523 2149 4733 2296 apres
4803 2149 4971 2296 qu’il

1479 2290 1648 2437 aura
1713 2290 1908 2437 prins
1986 2290 2116 2437 vne
2181 2290 2312 2437 fois
2390 2290 2533 2437 ceſt
2598 2290 3080 2437 advantage,
3132 2290 3145 2437 à
3223 2290 3626 2437 condition
3730 2290 4160 2437 toutesfois
4225 2290 4355 2437 que
4420 2290 4511 2437 les
4563 2290 4811 2437 eſpees
4889 2290 4980 2437 de-

1513 2430 1855 2573 meurent
1918 2430 2450 2573 accouplées,
2526 2430 2590 2573 ou
2678 2430 2805 2573 que
2843 2430 3388 2573 l’Adverſaire
3438 2430 3514 2573 ne
3565 2430 3730 2573 face
3818 2430 4084 2573 qu’vne
4173 2430 4515 2573 cavation
4591 2430 4870 2573 ſimple
4933 2430 4984 2573 a-

1468 2567 1939 2711 lencontre.
2070 2567 2161 2711 Car
2213 2567 2253 2711 ſi
2292 2567 2750 2711 l’Ennemy
2802 2567 3194 2711 l’attend,
3247 2567 3286 2711 il
3338 2567 3482 2711 fera
3561 2567 3953 2711 touſiours
4018 2567 4489 2711 l’execution
4594 2567 4986 2711 convena-

605 2694 756 2845 ble;
810 2694 906 2845 s’il
947 2694 1071 2845 luy
1139 2694 1304 2845 veut
1372 2694 1715 2845 changer
1756 2694 1797 2845 la
1866 2694 2277 2845 ſituation,
2332 2694 2359 2845 il
2400 2694 2455 2845 ſe
2510 2694 2962 2845 redreſſera,
3031 2694 3086 2845 ou
3195 2694 3456 2845 meſme
3538 2694 3593 2845 en
3675 2694 4100 2845 amendera
4182 2694 4292 2845 ſon
4374 2694 4826 2845 approche;
4895 2694 4977 2845 s’il

646 2839 769 2986 met
838 2839 1057 2986 peine
1126 2839 1126 2986 à
1208 2839 1249 2986 ſe
1317 2839 1619 2986 retirer,
1674 2839 1715 2986 il
1756 2839 1797 2986 le
1865 2839 2400 2986 pourſuivra;
2454 2839 2496 2986 ſi
2550 2839 2550 2986 à
2605 2839 2660 2986 le
2715 2839 2989 2986 bleſſer
3057 2839 3112 2986 de
3194 2839 3413 2986 taille,
3496 2839 3550 2986 ou
3660 2839 3715 2986 de
3797 2839 4098 2986 pointe,
4153 2839 4208 2986 en
4290 2839 4496 2986 ligne
4578 2839 4838 2986 droite,
4907 2839 4961 2986 en

612 2976 943 3124 courbe,
1007 2976 1058 3124 ou
1147 2976 1198 3124 en
1275 2976 1543 3124 revers,
1594 2976 1772 3124 ſans,
1836 2976 1900 3124 ou
1963 2976 2142 3124 avec
2206 2976 2601 3124 cavation,
2639 2976 2677 3124 il
2728 2976 2728 3124 a
2818 2976 2920 3124 des
2958 2976 3506 3124 inſtruions
3544 2976 3557 3124 à
3621 2976 3825 3124 tout.
3927 2976 4093 3124 Qu’il
4182 2976 4475 3124 marche
4539 2976 4730 3124 donc
4820 2976 4985 3124 cou-

606 3114 1191 3261 rageuſement
1243 3114 1503 3261 avant:
1568 3114 1620 3261 le
1698 3114 1984 3261 chemin
2088 3114 2179 3261 eſt
2244 3114 2478 3261 frayé.
2582 3114 2634 3261 Si
2712 3114 2764 3261 on
2894 3114 2972 3261 me
3063 3114 3180 3261 dit,
3258 3114 3414 3261 qu’il
3479 3114 3492 3261 y
3570 3114 3570 3261 a
3648 3114 3791 3261 bien
3895 3114 4220 3261 encores
4285 3114 4389 3261 des
4441 3114 4701 3261 autres
4766 3114 4974 3261 occa-

607 3251 842 3399 ſions,
897 3251 1090 3399 dont
1131 3251 1213 3399 les
1282 3251 1902 3399 particularitez
1944 3251 2164 3399 n’ont
2219 3251 2329 3399 pas
2398 3251 2522 3399 eſté
2577 3251 3170 3399 repreſentées.
3225 3251 3280 3399 Ie
3335 3251 3679 3399 reſpons,
3748 3251 3927 3399 qu’il
3969 3251 4148 3399 n’eſt
4203 3251 4285 3399 ny
4340 3251 4644 3399 beſoin,
4685 3251 4768 3399 ny
4823 3251 4974 3399 poſ-

603 3389 774 3534 ſible
880 3389 932 3534 de
998 3389 1051 3534 ce
1104 3389 1314 3534 faire,
1367 3389 1512 3534 non
1591 3389 1749 3534 plus
1828 3389 1946 3534 que
2025 3389 2091 3534 de
2157 3389 2460 3534 comter
2499 3389 2605 3534 les
2644 3389 2960 3534 ſablons
3039 3389 3105 3534 de
3144 3389 3197 3534 la
3289 3389 3447 3534 mer.
3539 3389 3631 3534 car
3671 3389 3763 3534 les
3829 3389 4435 3534 changements
4474 3389 4645 3534 ſont
4685 3389 4988 3534 infinis:

599 3529 640 3674 la
710 3529 931 3674 teſte,
987 3529 1042 3674 le
1097 3529 1291 3674 bras,
1333 3529 1638 3674 l’eſpee,
1679 3529 1735 3674 le
1790 3529 1998 3674 pied,
2039 3529 2109 3674 un
2192 3529 2316 3674 peu
2386 3529 2552 3674 plus
2607 3529 2940 3674 avancé,
2995 3529 3050 3674 ou
3120 3529 3383 3674 retiré,
3438 3529 3591 3674 plus
3646 3529 3868 3674 haut,
3923 3529 3978 3674 ou
4048 3529 4214 3674 plus
4283 3529 4449 3674 bas,
4519 3529 4588 3674 ou
4671 3529 4671 3674 à
4754 3529 4990 3674 coſté,

617 3667 682 3814 ce
747 3667 916 3814 ſont
994 3667 1398 3814 touſiours
1489 3667 1593 3814 des
1671 3667 2309 3814 changements,
2413 3667 2556 3814 mais
2608 3667 2751 3814 non
2829 3667 2934 3814 pas
2999 3667 3402 3814 touſiours
3480 3667 4092 3814 d’importance,
4157 3667 4209 3814 en
4300 3667 4496 3814 ſorte
4574 3667 4730 3814 qu’il
4795 3667 4990 3814 faille

623 3806 1028 3951 eſtrendre
1095 3806 1190 3951 les
1244 3806 1675 3951 preceptes
1729 3806 2093 3951 ſ-avant.
2215 3806 2565 3951 Parquoy
2633 3806 2822 3951 donc
2889 3806 3132 3951 ayant
3186 3806 3469 3951 achevé
3536 3806 3725 3951 ceſte
3779 3806 4170 3951 premiere
4224 3806 4494 3951 partie,
4561 3806 4683 3951 qui
4750 3806 4831 3951 eſt
4926 3806 4979 3951 de

614 3947 1003 4088 travailler
1076 3947 1125 4088 en
1222 3947 1453 4088 allant
1513 3947 1526 4088 à
1635 3947 1781 4088 main
1902 3947 2242 4088 gauche,
2303 3947 2497 4088 nous
2570 3947 3263 4088 commencerons
3348 3947 3931 4088 doreſenavant
3980 3947 3992 4088 à
4053 3947 4235 4088 vous
4320 3947 4684 4088 monſtrer
4733 3947 4769 4088 la
4866 3947 4988 4088 ma-

607 4085 848 4229 niere,
929 4085 1063 4229 que
1117 4085 1305 4229 vous
1372 4085 1587 4229 devez
1654 4085 1842 4229 tenir
1896 4085 2097 4229 pour
2137 4085 2312 4229 aller
2352 4085 2366 4229 à
2460 4085 2607 4229 main
2715 4085 2943 4229 droite
2997 4085 3118 4229 par
3185 4085 3319 4229 delà
3373 4085 3427 4229 le
3547 4085 3923 4229 Diametre
3964 4085 4313 4229 juſqu’au
4420 4085 4998 4229 TableauXXI.

680 4218 787 4365 Non
881 4218 1001 4365 pas
1095 4218 1215 4365 que
1282 4218 1482 4365 nous
1549 4218 1976 4365 voulions,
2056 4218 2177 4365 que
2257 4218 2430 4365 vous
2497 4218 2738 4365 ſoyez
2804 4218 2991 4365 paſſé
3098 4218 3379 4365 maiſtre
3486 4218 3539 4365 de
3606 4218 3873 4365 toutes
3926 4218 4020 4365 les
4087 4218 4367 4365 leçons
4434 4218 4995 4365 precedentes,

614 4355 841 4504 avant
926 4355 1054 4504 que
1140 4355 1466 4504 d’entrer
1537 4355 1537 4504 à
1608 4355 1651 4504 la
1722 4355 2092 4504 pratique
2191 4355 2248 4504 de
2319 4355 2376 4504 ce
2489 4355 2802 4504 Tableau
2916 4355 3044 4504 XV.
3143 4355 3314 4504 c’eſt
3399 4355 3612 4504 choſe
3669 4355 4166 4504 impoſſible.
4252 4355 4337 4504 car
4408 4355 4493 4504 les
4607 4355 4990 4504 Tableaux

621 4499 1031 4642 enſuivent
1085 4499 1372 4642 l’ordre
1454 4499 1508 4642 de
1563 4499 1604 4642 la
1699 4499 2054 4642 Theorie.
2218 4499 2354 4642 Mais
2422 4499 2613 4642 pour
2681 4499 2722 4642 la
2831 4499 3227 4642 Pratique,
3295 4499 3323 4642 il
3377 4499 3514 4642 ſera
3568 4499 3732 4642 plus
3786 4499 4250 4642 expedient,
4318 4499 4523 4642 apres
4619 4499 4741 4642 que
4810 4499 5001 4642 vous

607 4638 841 4785 aurez
906 4638 1062 4785 bien
1166 4638 1582 4785 comprins
1647 4638 1764 4785 par
1829 4638 1881 4785 le
1946 4638 2063 4785 IX.
2115 4638 2206 4785 les
2284 4638 2752 4785 differences
2843 4638 2947 4785 des
3038 4638 3285 4785 Poids,
3377 4638 3429 4785 de
3507 4638 3689 4785 vous
3754 4638 4118 4785 adonner
4170 4638 4339 4785 tout
4391 4638 4924 4785 incontinent
4976 4638 4989 4785 à

624 4774 1110 4919 conjoindre
1150 4774 1245 4919 les
1299 4774 1582 4919 leçons
1636 4774 1690 4919 en
1784 4774 2054 4919 dehors
2135 4774 2189 4919 du
2256 4774 2418 4919 bras
2485 4774 2661 4919 avec
2741 4774 2944 4919 celles
3025 4774 3132 4919 qui
3186 4774 3348 4919 ſont
3429 4774 3470 4919 en
3564 4774 3874 4919 dedans;
3915 4774 3968 4919 je
4049 4774 4090 4919 di
4144 4774 4198 4919 le
4279 4774 4589 4919 Tableau
4670 4774 4778 4919 IX.
4885 4774 4885 4919 &
4939 4774 4980 4919 ſa

611 4915 842 5060 ſuite,
880 4915 1060 5060 avec
1111 4915 1162 5060 le
1252 4915 1381 5060 XV.
1509 4915 1509 5060 &
1573 4915 1612 5060 la
1676 4915 1932 5060 ſienne
1997 4915 2613 5060 pareillement,
2690 4915 2728 5060 en
2831 4915 3306 5060 pratiquant
3370 4915 3678 5060 tantoſt
3729 4915 3819 5060 les
3870 4915 4076 5060 vnes,
4165 4915 4178 5060 &
4230 4915 4525 5060 tantoſt
4576 4915 4666 5060 les
4717 4915 5000 5060 autres.

675 5049 784 5203 Car
852 5049 1015 5203 puis
1097 5049 1219 5203 que
1301 5049 1451 5203 c’eſt
1519 5049 1574 5203 le
1642 5049 1805 5203 bras
1914 5049 1928 5203 &
1982 5049 2023 5203 la
2132 5049 2282 5203 main
2404 5049 2459 5203 de
2513 5049 2840 5203 l’eſpee,
2949 5049 3058 5203 qui
3140 5049 3453 5203 doivent
3535 5049 3916 5203 effeuer
3998 5049 4039 5203 en
4134 5049 4393 5203 noſtre
4488 5049 4842 5203 Exercice
4910 5049 5006 5203 les

618 5189 1095 5343 principales
1147 5189 1430 5343 parties
1508 5189 1559 5343 de
1624 5189 1895 5343 toutes
1934 5189 2024 5343 les
2088 5189 2578 5343 operations,
2617 5189 2656 5343 il
2707 5189 2862 5343 faut
2940 5189 3133 5343 qu’on
3198 5189 3610 5343 apprenne
3662 5189 3675 5343 à
3726 5189 3817 5343 les
3868 5189 4204 5343 fortifier
4255 5189 4307 5343 en
4384 5189 4655 5343 toutes
4732 5189 4990 5343 manie-

614 5322 750 5480 res,
791 5322 995 5480 pour
1050 5322 1430 5480 travailler
1485 5322 2287 5480 avantageuſement
2396 5322 2396 5480 &
2464 5322 2940 5480 egallement
3022 5322 3076 5480 de
3130 5322 3348 5480 touts
3416 5322 3688 5480 coſtez,
3742 5322 3824 5480 s’il
3878 5322 3960 5480 eſt
4014 5322 4381 5480 poſſible.

1189 1444 2598 1571 DECLARATION
2856 1444 3114 1571 DES
3352 1444 4562 1571 OPERATIONS

1861 1613 1979 1737 DV
2171 1613 2791 1737 TABLEAV
2998 1613 3795 1737 QVINZIEME.
