5520 7640
618 622 808 755 pour
902 622 1246 755 moderer
1317 622 1364 755 le
1435 622 1553 755 pas
1636 622 2097 755 enſuivant,
2168 622 2216 755 en
2299 622 2500 755 ſorte
2583 622 2736 755 qu’il

621 745 854 880 puiſſe
905 745 1177 880 porter
1216 745 1267 880 ſa
1319 745 1590 880 pointe
1642 745 1694 880 au
1771 745 1927 880 plus
1978 745 2146 880 pres
2211 745 2534 880 d’icelle,
2586 745 2754 880 qu’il

612 882 743 1006 ſoit
790 882 1147 1006 poſſible,
1230 882 1242 1006 &
1302 882 1540 1006 entrer
1587 882 1706 1006 par
1766 882 1825 1006 ce
1909 882 2147 1006 moyen
2230 882 2741 1006 exaement

613 995 712 1135 ſur
761 995 798 1135 la
885 995 1256 1135 Premiere
1318 995 1726 1135 Inſtance;
1788 995 2085 1135 ſuivant
2135 995 2407 1135 lequel
2469 995 2716 1135 deſſein

608 1120 643 1227 il
691 1120 976 1227 avance
1024 1120 1083 1227 le
1154 1120 1356 1227 coſté
1440 1120 1654 1227 droit,
1737 1120 2129 1227 enſemble
2176 1120 2355 1227 avec
2414 1120 2521 1227 les
2592 1120 2747 1227 meſ-

647 1250 767 1377 mes
827 1250 1032 1377 pied,
1080 1250 1273 1377 bras,
1381 1250 1381 1377 &
1453 1250 1694 1377 eſpee,
1742 1250 1838 1377 les
1911 1250 2368 1377 conduiſant
2440 1250 2500 1377 un
2597 1250 2717 1377 peu

626 1369 1263 1502 circulairement
1335 1369 1395 1502 de
1444 1369 1624 1502 haut
1672 1369 1684 1502 à
1744 1369 1913 1502 bas,
1973 1369 1985 1502 à
2045 1369 2346 1502 planter
2394 1369 2442 1502 le
2490 1369 2670 1502 pied
2718 1369 2718 1502 à

618 1493 777 1627 tout
826 1493 924 1627 les
985 1493 1254 1627 orteils
1291 1493 1401 1627 ſur
1438 1493 1499 1627 le
1548 1493 1768 1627 point
1853 1493 1902 1627 C,
2000 1493 2012 1627 &
2061 1493 2110 1627 le
2171 1493 2355 1627 talon
2441 1493 2489 1627 du
2587 1493 2746 1627 meſ-

646 1621 721 1748 me
784 1621 884 1748 ſur
947 1621 997 1748 la
1085 1621 1524 1748 collaterale
1612 1621 1662 1748 du
1800 1621 2277 1748 Quadrangle
2352 1621 2352 1748 à
2453 1621 2729 1748 droite,

618 1744 1088 1870 continuant
1157 1744 1168 1870 à
1237 1744 1466 1870 jetter
1535 1744 1592 1870 au
1695 1744 1947 1870 meſme
2004 1744 2256 1870 temps
2325 1744 2428 1870 ſon
2520 1744 2726 1870 eſpee

603 1868 783 1996 avec
830 1868 890 1996 le
950 1868 1105 1996 bras
1165 1868 1524 1996 eſtendu,
1559 1868 1571 1996 à
1619 1868 1834 1996 l’aide
1918 1868 1966 1996 du
2038 1868 2408 1996 poignet,
2456 1868 2528 1996 un
2599 1868 2719 1996 peu

609 1990 769 2122 plus
819 1990 1053 2122 haute
1115 1990 1164 2122 en
1275 1990 1510 2122 droite
1559 1990 1756 2122 ligne
1830 1990 1880 2122 au
1991 1990 2225 2122 deſſus
2299 1990 2348 2122 du
2460 1990 2743 2122 Diame-

612 2113 747 2241 tre,
858 2113 858 2241 &
932 2113 1240 2241 deſſous
1277 2113 1548 2241 l’eſpee
1622 2113 2040 2241 contraire,
2102 2113 2139 2241 en
2225 2113 2422 2241 ſorte
2508 2113 2631 2241 que
2681 2113 2730 2241 la

605 2242 881 2368 pointe
941 2242 989 2368 en
1061 2242 1301 2368 arrive
1361 2242 1528 2368 tout
1576 2242 1744 2368 pres
1804 2242 1876 2368 de
1936 2242 1984 2368 la
2056 2242 2320 2368 garde.
2451 2242 2619 2368 Dont
2679 2242 2727 2368 le

624 2361 809 2493 coſté
908 2361 1093 2493 droit
1155 2361 1266 2493 luy
1352 2361 1439 2493 eſt
1500 2361 1636 2493 tiré
1710 2361 2043 2493 d’autant
2117 2361 2278 2493 plus
2352 2361 2401 2493 en
2475 2361 2734 2493 avant,

661 2489 673 2614 &
734 2489 782 2614 le
867 2489 1049 2614 talon
1158 2489 1206 2614 du
1328 2489 1582 2614 meſme
1655 2489 1825 2614 pied
1886 2489 1934 2614 en
2043 2489 2128 2614 eſt
2201 2489 2480 2614 tourné
2528 2489 2625 2614 ſur
2674 2489 2734 2614 le

615 2606 816 2742 coſté
883 2606 937 2742 du
1085 2606 1555 2742 Quadrangle
1676 2606 1676 2742 C
1757 2606 1811 2742 B,
1864 2606 1918 2742 le
1985 2606 2160 2742 pied
2227 2606 2509 2742 gauche
2576 2606 2738 2742 trai-

596 2737 775 2865 nant
859 2737 931 2865 de
990 2737 1110 2865 ſoy
1193 2737 1456 2865 meſme
1504 2737 1623 2865 par
1671 2737 2125 2865 l’attraion
2232 2737 2340 2865 des
2387 2737 2590 2865 nerfs
2722 2737 2734 2865 &

620 2856 732 2989 des
820 2856 1133 2989 muſcles
1195 2856 1295 2989 ſur
1358 2856 1395 2989 la
1470 2856 1671 2989 ligne
1771 2856 2034 2989 Pedale
2134 2856 2196 2989 A,
2259 2856 2309 2989 le
2396 2856 2609 2989 corps
2672 2856 2722 2989 ſe

621 2980 944 3113 dreſſant
1027 2980 1195 3113 auſſi
1267 2980 1374 3113 par
1470 2980 1733 3113 meſme
1804 2980 1996 3113 voye
2067 2980 2235 3113 tout
2318 2980 2498 3113 droit
2569 2980 2737 3113 per-

591 3106 1151 3233 pendiculaire
1261 3106 1261 3233 &
1334 3106 1383 3233 en
1468 3106 1748 3233 pourfil
1797 3106 1979 3233 avec
2028 3106 2296 3233 l’eſpee
2357 3106 2722 3233 parallele

611 3228 662 3356 en
751 3228 994 3356 droite
1045 3228 1237 3356 ligne
1313 3228 1607 3356 deſſous
1658 3228 1926 3356 l’eſpee
2003 3228 2067 3356 de
2118 3228 2539 3356 l’Ennemi.
2628 3228 2731 3356 Par

587 3351 763 3477 ainſi
810 3351 904 3477 les
963 3351 1139 3477 voilà
1198 3351 1421 3477 touts
1491 3351 1679 3477 deux
1738 3351 2055 3477 plantez
2126 3351 2137 3477 à
2208 3351 2255 3477 la
2349 3351 2725 3477 Premiere

605 3475 967 3608 Inſtance
1037 3475 1083 3608 en
1176 3475 1445 3608 bonne
1515 3475 2051 3608 proportion,
2109 3475 2529 3608 tellement
2599 3475 2727 3608 que

589 3599 692 3730 les
738 3599 978 3730 teſtes
1081 3599 1092 3730 &
1138 3599 1241 3730 les
1332 3599 1641 3730 Centres
1698 3599 1813 3730 des
1870 3599 2087 3730 corps
2133 3599 2293 3730 leur
2350 3599 2727 3730 viennent

586 3721 598 3845 à
671 3721 1105 3845 reſpondre
1166 3721 1613 3845 juſtement
1697 3721 1939 3845 deſſus
2011 3721 2531 3845 l’entredeux
2627 3721 2736 3845 des

588 3843 893 3978 jambes
994 3843 1007 3978 &
1070 3843 1311 3978 deſſus
1362 3843 1413 3978 le
1476 3843 1730 3978 centre
1806 3843 1856 3978 du
1983 3843 2491 3978 Quadrangle,
2541 3843 2732 3978 chaſ-

609 3972 717 4101 cun
788 3972 848 4101 le
920 3972 1111 4101 ſien;
1171 3972 1278 4101 les
1326 3972 1565 4101 nerfs,
1649 3972 1983 4101 muſcles,
2055 3972 2401 4101 genoux,
2497 3972 2509 4101 &
2569 3972 2736 4101 bras

600 4096 1030 4226 eſtendus,
1090 4096 1138 4226 la
1233 4096 1544 4226 manche
1616 4096 1676 4226 de
1747 4096 1783 4226 la
1867 4096 2082 4226 garde
2166 4096 2727 4226 eſtroitement

594 4222 842 4354 ſerrée
892 4222 954 4354 au
1029 4222 1302 4354 poing,
1352 4222 1451 4354 les
1513 4222 1774 4354 eſpees
1824 4222 2110 4354 ſituées
2172 4222 2222 4354 en
2309 4222 2557 4354 lignes
2619 4222 2744 4354 pa-

593 4346 905 4474 ralleles
977 4346 1590 4474 modereement
1662 4346 2143 4474 eſtenduës,
2203 4346 2623 4474 l’eſpaule,
2683 4346 2719 4474 la

627 4472 826 4597 main,
931 4472 943 4597 &
990 4472 1025 4597 la
1083 4472 1352 4597 pointe
1422 4472 1469 4597 en
1551 4472 1785 4597 egalle
1832 4472 2206 4597 hauteur;
2276 4472 2334 4597 de
2416 4472 2732 4597 maniere

623 4594 824 4718 qu’ils
859 4594 1025 4718 ſont
1072 4594 1391 4718 plantez
1462 4594 1674 4718 touts
1757 4594 1946 4718 deux
2017 4594 2655 4718 naturellement
2726 4594 2738 4718 à

600 4717 758 4847 leur
806 4717 939 4847 aiſe
1012 4717 1048 4847 en
1133 4717 1194 4847 un
1267 4717 1388 4847 pas
1436 4717 1751 4847 arreſté,
1812 4717 2018 4847 touts
2066 4717 2321 4847 preſts
2430 4717 2430 4847 &
2503 4717 2733 4847 libres

601 4841 612 4962 à
703 4841 1032 4962 marcher
1111 4841 1156 4962 en
1247 4841 1519 4962 avant,
1598 4841 1644 4962 en
1734 4841 2052 4962 arriere,
2176 4841 2188 4962 &
2233 4841 2369 4962 aux
2448 4841 2743 4962 coſtez,

614 4972 769 5094 tant
805 4972 817 5094 à
889 4972 1199 5094 gauche,
1259 4972 1390 5094 qu’à
1462 4972 1701 5094 droite
1749 4972 1904 5094 ſans
1963 4972 2155 5094 nulle
2214 4972 2429 5094 autre
2477 4972 2752 5094 prepa-

615 5095 911 5200 ration;
980 5095 1254 5200 eſtants
1322 5095 1619 5200 chaſcun
1710 5095 1915 5200 d’eux
1984 5095 2029 5200 en
2098 5095 2360 5200 bonne
2429 5095 2737 5200 defenſe

625 5216 891 5345 contre
949 5216 1123 5345 tout
1181 5216 1239 5345 ce
1308 5216 1436 5345 que
1482 5216 2003 5345 l’Adverſaire
2061 5216 2420 5345 pourroit
2501 5216 2756 5345 machi-

615 5337 779 5484 ner;
816 5337 1030 5484 cõme
1080 5337 1118 5484 il
1181 5337 1269 5484 eſt
1306 5337 1319 5484 à
1382 5337 1533 5484 voir
1583 5337 1721 5484 aux
1771 5337 2060 5484 figures
2123 5337 2173 5484 du
2299 5337 2538 5484 Cercle
2638 5337 2676 5484 N.
2714 5337 2751 5484 1.

1335 5487 1654 5642 Cercle
1866 5487 2142 5642 N.2.

649 5691 952 5815 Alexandre
997 5691 1233 5815 pourſuit
1289 5691 1636 5815 l’operation,
1681 5691 1715 5815 en
1782 5691 1951 5815 allant
1995 5691 2108 5815 avec
2153 5691 2175 5815 le
2242 5691 2354 5815 pied
2422 5691 2534 5815 droit
2579 5691 2669 5815 par
2713 5691 2758 5815 la

742 5816 892 5944 trace
942 5816 979 5944 du
1092 5816 1266 5944 Quarré
1304 5816 1479 5944 inſcrit
1541 5816 1541 5944 à
1591 5816 1628 5944 la
1678 5816 1891 5944 Seconde
1941 5816 2165 5944 Inſtance
2215 5816 2365 5944 lettre
2440 5816 2477 5944 G,
2540 5816 2765 5944 aſſujet-

743 5938 928 6059 tiſſant
975 5938 1149 6059 l’eſpee
1196 5938 1463 6059 contraire
1498 5938 1533 6059 en
1602 5938 1777 6059 dehors
1835 5938 1858 6059 du
1916 5938 2044 6059 bras.

1128 6076 1141 6193 R
1225 6076 1395 6193 puis
1468 6076 1601 6193 que
1734 6076 2158 6193 ZACHARIE
2231 6076 2279 6193 en
2364 6076 2643 6193 attend
2703 6076 2740 6193 la

1087 6200 1534 6329 pourſuite;
1604 6200 2144 6329 ALEXANDRE
2203 6200 2426 6329 eſleve
2473 6200 2532 6329 le
2591 6200 2755 6329 pied

1112 6327 1287 6442 droit
1345 6327 1519 6442 avec
1566 6327 1624 6442 le
1694 6327 1915 6442 genou
1997 6327 2241 6442 roide,
2288 6327 2334 6442 en
2404 6327 2765 6442 hauſſant

1094 6449 1656 6574 pareillement
1741 6449 1754 6574 à
1839 6449 2047 6574 l’aide
2145 6449 2193 6574 du
2303 6449 2633 6574 poignet
2707 6449 2743 6574 la

648 6573 904 6690 pointe
985 6573 1043 6690 de
1090 6573 1136 6690 ſa
1194 6573 1426 6690 lame,
1519 6573 1577 6690 de
1635 6573 1984 6690 laquelle
2042 6573 2077 6690 il
2146 6573 2205 6690 va
2286 6573 2623 6690 toucher
2681 6573 2727 6690 en

666 6692 933 6813 dehors
982 6692 1164 6813 avec
1225 6692 1334 6813 peu
1431 6692 1492 6813 de
1541 6692 1759 6813 force
1832 6692 1881 6813 du
2027 6692 2063 6813 N.
2124 6692 2160 6813 3.
2221 6692 2270 6813 le
2379 6692 2428 6813 N.
2501 6692 2537 6813 8.
2598 6692 2768 6813 con-

640 6811 900 6934 traire,
970 6811 982 6934 y
1029 6811 1489 6934 adjouſtant
1536 6811 1536 6934 à
1606 6811 1665 6934 ce
1748 6811 2007 6934 meſme
2054 6811 2349 6934 inſtant
2396 6811 2537 6934 une
2584 6811 2737 6934 bien

652 6941 893 7068 petite
962 6941 1180 7068 pauſe
1237 6941 1604 7068 (comme
1684 6941 1741 7068 on
1822 6941 1879 7068 le
1948 6941 2097 7068 voit
2166 6941 2624 7068 repreſenté
2693 6941 2739 7068 au

693 7048 936 7197 Cercle
1050 7048 1089 7197 N.
1165 7048 1242 7197 4)
1318 7048 1356 7197 en
1446 7048 1624 7197 ſuite
1701 7048 1764 7197 de
1828 7048 2223 7197 laquelle,
2287 7048 2670 7197 tournant
2733 7048 2772 7197 la

2899 596 3253 736 branche
3314 596 3765 736 exterieure
3851 596 3912 736 de
3961 596 4009 736 ſa
4083 596 4302 736 garde
4387 596 5034 736 diagonalement

2907 719 3451 855 contremont,
3546 719 3546 855 &
3605 719 3723 855 par
3794 719 4054 855 meſme
4113 719 4302 855 voye
4361 719 4715 855 hauſſant
4763 719 4822 855 un
4893 719 5011 855 peu

2923 848 3340 988 davantage
3402 848 3439 988 ſa
3500 848 3795 988 pointe,
3893 848 3893 988 &
3967 848 4336 988 graduant
4385 848 4434 988 ſa
4483 848 4717 988 lame,
4741 848 4778 988 il
4815 848 5036 988 avan-

2917 974 2982 1111 ce
3021 974 3073 1111 le
3138 974 3307 1111 pied
3386 974 3620 1111 eſlevé
3672 974 3789 1111 par
3828 974 3881 1111 la
3933 974 4141 1111 trace
4206 974 4258 1111 du
4389 974 4649 1111 Quarré
4714 974 4975 1111 Inſcrit
5027 974 5040 1111 à

2933 1100 3077 1233 main
3184 1100 3459 1233 droite;
3566 1100 3566 1233 &
3650 1100 3913 1233 devant
3997 1100 4128 1233 que
4200 1100 4248 1233 le
4355 1100 4606 1233 meſme
4690 1100 4965 1233 vienne
5024 1100 5036 1233 à

2896 1225 3385 1358 tresbucher
3433 1225 3612 1358 avec
3660 1225 3708 1358 le
3779 1225 4030 1358 corps,
4066 1225 4101 1358 il
4161 1225 4209 1358 en
4280 1225 4400 1358 fait
4471 1225 4841 1358 derechef
4901 1225 5032 1358 une

2907 1350 3143 1488 petite
3218 1350 3491 1488 pauſe,
3566 1350 3752 1488 pour
3827 1350 4349 1488 remarquer,
4424 1350 4449 1488 ſi
4511 1350 5033 1488 l’Adverſaire

2889 1474 2974 1612 ne
3022 1474 3362 1612 taſchera
3446 1474 3664 1612 point
3749 1474 3810 1612 de
3858 1474 3907 1612 le
3967 1474 4234 1612 bleſſer
4307 1474 4573 1612 durant
4634 1474 4694 1612 ce
4779 1474 5034 1612 meſme

2886 1601 3175 1733 temps.
3302 1601 3441 1733 Mais
3499 1601 3799 1733 comme
3845 1601 3891 1733 il
3949 1601 4319 1733 demeure
4388 1601 4746 1733 encores,
4781 1601 4827 1733 il
4885 1601 5047 1733 che-

2924 1727 3090 1862 mine
3149 1727 3209 1862 un
3292 1727 3410 1862 peu
3481 1727 3849 1862 alenvers
3908 1727 4098 1862 avec
4157 1727 4346 1862 ledit
4418 1727 4584 1862 pied
4655 1727 4927 1862 eſlevé,
4986 1727 5034 1862 le

2887 1856 3243 1974 plantant
3305 1856 3305 1974 à
3354 1856 3403 1974 la
3476 1856 3833 1974 Seconde
3894 1856 4263 1974 Inſtance
4312 1856 4545 1974 lettre
4643 1856 4693 1974 G,
4754 1856 4803 1974 en
4877 1856 5049 1974 eſle-

2898 1979 3067 2111 vant
3164 1979 3176 2111 &
3237 1979 3757 2111 pourſuivant
3817 1979 4409 2111 circulairemẽt
4458 1979 4470 2111 à
4542 1979 4712 2111 tout
4760 1979 4808 2111 le
4869 1979 5038 2111 pied

2900 2101 3238 2237 gauche,
3325 2101 3338 2237 &
3388 2101 3888 2237 accouplant
3925 2101 4025 2237 les
4088 2101 4350 2237 eſpees
4413 2101 4713 2237 environ
4850 2101 4987 2237 N.8.
5025 2101 5037 2237 à

2952 2223 2977 2361 N.
3041 2223 3079 2361 6.
3155 2223 3218 2361 de
3257 2223 3307 2361 la
3371 2223 3803 2361 contraire,
3854 2223 4172 2361 dequoy
4222 2223 4261 2361 il
4299 2223 4744 2361 l’aſſujettit
4807 2223 4972 2361 tout
5023 2223 5036 2361 à

2892 2357 3125 2480 plein,
3189 2357 3538 2480 plantant
3603 2357 3797 2480 ledit
3861 2357 4029 2480 pied
4094 2357 4391 2480 gauche
4456 2357 4559 2480 ſur
4611 2357 4650 2480 la
4753 2357 5050 2480 Circon-

2887 2484 3207 2585 ference
3267 2484 3267 2585 à
3326 2484 3362 2585 la
3421 2484 3659 2585 lettre
3754 2484 3789 2585 D,
3884 2484 3896 2585 &
3955 2484 4609 2585 enſemblement
4656 2484 5036 2585 tournant

2886 2595 2935 2732 le
2996 2595 3178 2732 talon
3275 2595 3324 2732 du
3397 2595 3567 2732 pied
3640 2595 3822 2732 droit
3871 2595 3980 2732 ſur
4029 2595 4065 2732 la
4162 2595 4612 2732 collaterale
4661 2595 5049 2732 interieu-

2890 2724 2954 2863 re
3069 2724 3082 2863 G
3159 2724 3197 2863 F;
3262 2724 3557 2863 comme
3608 2724 3646 2863 il
3698 2724 3788 2863 eſt
3839 2724 4301 2863 repreſenté
4352 2724 4365 2863 à
4416 2724 4455 2863 la
4519 2724 4801 2863 figure.

3645 2878 3951 3038 Cercle
4192 2878 4412 3038 N.3.

2925 3089 3221 3208 Alexandre
3265 3089 3507 3208 pourſuit
3561 3089 3561 3208 à
3627 3089 3858 3208 marcher
3901 3089 4022 3208 avec
4066 3089 4088 3208 le
4132 3089 4252 3208 pied
4307 3089 4428 3208 droit
4472 3089 4560 3208 par
4603 3089 4636 3208 la
4702 3089 4867 3208 meſme
4911 3089 5053 3208 trace

3022 3211 3022 3335 à
3070 3211 3106 3335 la
3166 3211 3431 3335 Troiſieme
3479 3211 3708 3335 Inſtance
3756 3211 3913 3335 lettre
4021 3211 4070 3335 N,
4178 3211 4178 3335 &
4238 3211 4238 3335 à
4286 3211 4599 3335 pourſuivre
4648 3211 4660 3335 à
4708 3211 4816 3335 tout
4852 3211 4889 3335 le
4949 3211 5057 3335 pied

3020 3337 3245 3461 gauche,
3295 3337 3470 3461 lequel
3507 3337 3545 3461 il
3595 3337 3769 3461 plante
3807 3337 3882 3461 ſur
3932 3337 3957 3461 le
4019 3337 4169 3461 meſme
4269 3337 4606 3461 Quadrangle
4681 3337 4681 3461 à
4743 3337 4905 3461 lettre
5005 3337 5043 3461 R,

3010 3462 3045 3582 en
3115 3462 3382 3582 graduant
3441 3462 3499 3582 les
3557 3462 3685 3582 deux
3732 3462 3918 3582 lames,
4035 3462 4035 3582 &
4104 3462 4500 3582 aſſujettiſſant
4582 3462 4896 3582 davantage
4943 3462 5048 3582 celle

3035 3584 3059 3707 de
3106 3584 3521 3707 l’Adverſaire,
3568 3584 3604 3707 en
3651 3584 3781 3707 ſorte
3829 3584 3947 3707 qu’il
3983 3584 4054 3707 luy
4101 3584 4338 3707 preſente
4385 3584 4409 3707 la
4480 3584 4646 3707 pointe
4693 3584 4729 3707 en
4776 3584 5048 3707 courtoiſie

3032 3710 3207 3823 devant
3253 3710 3277 3823 le
3323 3710 3591 3823 viſage.

3389 3846 3481 3967 Vis
3561 3846 3688 3967 que
3815 3846 4287 3967 ZACHARIE
4367 3846 4748 3967 demeure
4828 3846 5047 3967 enco-

3358 3965 3465 4101 res
3525 3965 3525 4101 à
3620 3965 3668 4101 en
3751 3965 4132 4101 attendre
4191 3965 4239 4101 la
4310 3965 4775 4101 pourſuite;
4870 3965 5048 4101 ALE-

3377 4103 3718 4224 XANDRE
3763 4103 4150 4224 travaille,
4195 4103 4241 4224 en
4332 4103 4661 4224 eſlevant
4718 4103 5059 4224 premie-

3356 4227 3668 4350 rement
3740 4227 3788 4350 le
3860 4227 4040 4350 pied
4124 4227 4364 4350 droit,
4447 4227 4603 4350 qu’il
4675 4227 4903 4350 porte
4975 4227 5023 4350 en

2900 4352 3125 4476 avant
3175 4352 3300 4476 par
3362 4352 3400 4476 la
3499 4352 3762 4476 meſme
3837 4352 4036 4476 trace
4124 4352 4174 4476 du
4311 4352 4561 4476 Quarré
4636 4352 4936 4476 Inſcrit,
5048 4352 5048 4476 &

2911 4477 2960 4596 en
3034 4477 3157 4596 fait
3206 4477 3342 4596 une
3391 4477 3637 4596 petite
3686 4477 3908 4596 pauſe
3957 4477 3957 4596 à
4043 4477 4498 4596 my-chemin
4596 4477 4658 4596 de
4707 4477 5051 4596 l’Inſtan-

2905 4602 2974 4727 ce
3020 4602 3249 4727 avant
3317 4602 3478 4727 qu’il
3524 4602 3661 4727 tres
3707 4602 3959 4727 buche
4016 4602 4199 4727 avec
4245 4602 4302 4727 le
4371 4602 4623 4727 corps,
4680 4602 4875 4727 pour
4932 4602 5046 4727 ob-

2894 4725 3154 4849 ſerver
3213 4725 3248 4849 ſi
3307 4725 3837 4849 l’Adverſaire
3908 4725 3991 4849 ne
4038 4725 4179 4849 fera
4238 4725 4380 4849 rien
4462 4725 4651 4849 pour
4710 4725 4886 4849 tirer
4945 4725 5051 4849 ſur

2896 4853 3049 4972 luy;
3120 4853 3866 4972 conſequemment
3925 4853 3972 4972 en
4067 4853 4445 4972 graduant
4481 4853 4587 4972 les
4635 4853 4871 4972 lames
4919 4853 4954 4972 il
5001 4853 5049 4972 le

2899 4972 3127 5098 porte
3199 4972 3523 5098 encores
3583 4972 3739 5098 plus
3800 4972 4016 5098 outre
4076 4972 4076 5098 à
4136 4972 4172 5098 la
4268 4972 4688 5098 Troiſieme
4761 4972 5061 5098 Inſtan-

2918 5104 2980 5231 ce
3042 5104 3276 5231 lettre
3411 5104 3448 5231 N,
3510 5104 3522 5231 à
3596 5104 4064 5231 pourſuivre
4138 5104 4322 5231 avec
4384 5104 4433 5231 le
4507 5104 4679 5231 pied
4766 5104 5061 5231 gauche

2915 5227 3567 5355 circulairement
3626 5227 3674 5355 en
3768 5227 4077 5355 dehors,
4160 5227 4172 5355 &
4219 5227 4219 5355 à
4278 5227 4575 5355 planter
4634 5227 4800 5355 tout
4848 5227 4848 5355 à
4907 5227 5049 5355 plat

2906 5352 3005 5475 ſur
3054 5352 3092 5475 la
3154 5352 3389 5475 lettre
3526 5352 3526 5475 ,
3588 5352 3637 5475 en
3712 5352 4146 5475 pourfilant
4196 5352 4245 5475 le
4307 5352 4530 5475 corps
4642 5352 4642 5475 &
4716 5352 5064 5475 deſtour-

2903 5476 3077 5590 nant
3135 5476 3181 5590 le
3239 5476 3425 5590 talon
3506 5476 3564 5590 du
3634 5476 3808 5590 pied
3889 5476 4075 5590 droit
4156 5476 4203 5590 en
4319 5476 4598 5590 dehors
4644 5476 4748 5590 ſur
4807 5476 4853 5590 la
4923 5476 5050 5590 tra-

2917 5592 3265 5719 verſante
3337 5592 3780 5719 interieure
3852 5592 3864 5719 IT
3984 5592 4031 5719 N,
4091 5592 4738 5719 enſemblement
4786 5592 4954 5719 auſſi
5002 5592 5062 5719 ſe

2907 5724 3297 5855 tournant
3331 5724 3377 5855 la
3435 5724 3779 5855 branche
3847 5724 4306 5855 exterieure
4375 5724 4444 5855 de
4501 5724 4536 5855 la
4627 5724 4845 5855 garde
4926 5724 5052 5855 dia-

2926 5853 3432 5982 gonalement
3498 5853 4026 5982 contremont
4104 5853 4577 5982 moyennant
4632 5853 4665 5982 la
4753 5853 5061 5982 gradua-

2914 5975 3108 6094 tion,
3204 5975 3216 6094 &
3277 5975 3386 6094 par
3434 5975 3470 6094 la
3567 5975 3821 6094 meſme
3882 5975 4366 6094 accouplant
4414 5975 4462 6094 le
4559 5975 4825 6094 Centre
4898 5975 4958 6094 de
5007 5975 5043 6094 ſa

2905 6096 3100 6226 lame
3169 6096 3169 6226 à
3261 6096 3491 6226 moins
3548 6096 3617 6226 de
3732 6096 4100 6226 Nombres
4180 6096 4238 6226 du
4364 6096 4812 6226 Contraire;
4893 6096 5054 6226 dont

2914 6224 2939 6363 il
3001 6224 3125 6363 luy
3212 6224 3373 6363 met,
3435 6224 3484 6363 en
3571 6224 4116 6363 augmentant
4166 6224 4971 6363 l’aſſujettiſſement,
5020 6224 5058 6363 la

2912 6348 3191 6486 pointe
3249 6348 3296 6486 en
3389 6348 3808 6486 courtoiſie
3855 6348 4029 6486 tout
4087 6348 4355 6486 contre
4413 6348 4460 6486 le
4518 6348 4798 6486 viſage,
4832 6348 5065 6486 ayant

2910 6472 3257 6593 pouvoir
3315 6472 3442 6593 d’en
3512 6472 4264 6593 fairel’execution;
4310 6472 4622 6593 comme
4680 6472 4738 6593 on
4807 6472 4853 6593 le
4923 6472 5062 6593 voit

2915 6596 3047 6714 aux
3107 6596 3432 6714 figures.

3053 6718 3285 6859 Quant
3337 6718 3337 6859 à
3402 6718 3518 6859 ces
3583 6718 3776 6859 deux
3841 6718 4190 6859 derniers
4267 6718 4590 6859 Cercles,
4642 6718 4797 6859 puis
4862 6718 5068 6859 qu’ils

2920 6838 3082 6984 ſont
3182 6838 3282 6984 mis
3382 6838 3432 6984 en
3519 6838 3569 6984 la
3657 6838 4231 6984 proſpeive,
4356 6838 4369 6984 &
4456 6838 4506 6984 en
4618 6838 4906 6984 figures
4993 6838 5056 6984 de

2945 6968 3283 7104 moindre
3355 6968 3585 7104 taille,
3645 6968 3706 7104 le
3766 6968 4273 7104 plantement
4370 6968 4478 7104 des
4527 6968 4756 7104 pieds
4828 6968 5070 7104 d’Ale-

2944 7091 3216 7215 xandre
3265 7091 3364 7215 n’y
3414 7091 3426 7215 a
3488 7091 3611 7215 peu
3698 7091 3871 7215 eſtre
3920 7091 4390 7215 repreſenté
4439 7091 4476 7215 ſi
4526 7091 5070 7215 exaement,

4927 7268 5059 7360 que
