5520 7640
593 395 723 533 que
775 395 1231 533 l’Eſcholier
1309 395 1348 533 en
1440 395 1687 533 puiſſe
1752 395 1922 533 tirer
2000 395 2378 533 ſuffiſante
2443 395 2717 533 inſtru-

617 525 810 656 ion:
870 525 966 656 car
1027 525 1183 656 c’eſt
1232 525 1292 656 un
1376 525 1593 656 point
1653 525 1713 656 de
1774 525 2231 656 treſgrande
2280 525 2713 656 importan-

578 650 676 784 ce.
737 650 908 784 Pour
969 650 1018 784 en
1104 650 1630 784 comprendre
1703 650 1887 784 donc
1936 650 1972 784 la
2033 650 2376 784 juſteſſe,
2413 650 2474 784 je
2535 650 2718 784 vous

571 781 926 914 renvoye
984 781 1041 914 au
1144 781 1453 914 Tableau
1522 781 1854 914 premier
1923 781 1992 914 de
2049 781 2301 914 touts,
2370 781 2427 914 où
2519 781 2714 914 vous

573 906 629 1035 en
718 906 988 1035 verrez
1055 906 1156 1035 les
1223 906 1548 1035 patrons
1615 906 1873 1035 tracez
1963 906 2008 1035 en
2120 906 2389 1035 grande
2456 906 2703 1035 forme

569 1032 619 1147 au
744 1032 982 1147 Cercle
1094 1032 1131 1147 N.
1181 1032 1219 1147 1.
1331 1032 1331 1147 &
1406 1032 1781 1147 derechef
1843 1032 1906 1147 au
2031 1032 2268 1147 Cercle
2405 1032 2443 1147 N.
2518 1032 2555 1147 4.
2643 1032 2693 1147 en

598 1157 934 1282 moindre
994 1157 1234 1282 taille,
1294 1157 1342 1282 en
1450 1157 1930 1282 conformité
1990 1157 2351 1282 deſquels
2411 1157 2447 1282 il
2519 1157 2711 1282 vous

564 1281 832 1411 faudra
892 1281 1135 1411 regler
1184 1281 1232 1411 la
1281 1281 1645 1411 ſituation
1754 1281 1815 1411 de
1888 1281 2009 1411 vos
2082 1281 2301 1411 pieds
2362 1281 2519 1411 tant
2580 1281 2592 1411 à
2665 1281 2702 1411 la

587 1408 942 1534 Seconde
1013 1408 1404 1534 Inſtance,
1451 1408 1640 1534 pour
1699 1408 1901 1534 venir
1960 1408 1960 1534 à
2019 1408 2220 1534 bout
2279 1408 2350 1534 de
2397 1408 2717 1534 l’opera-

577 1534 709 1660 tion
805 1534 865 1660 de
949 1534 1009 1660 ce
1105 1534 1345 1660 Cercle
1429 1534 1909 1660 deuxieme,
1981 1534 2125 1660 qu’à
2198 1534 2234 1660 la
2306 1534 2702 1660 troiſieme

573 1658 1161 1784 pareillement,
1209 1658 1389 1784 pour
1460 1658 1508 1784 en
1580 1658 1784 1784 venir
1832 1658 1844 1784 à
1892 1658 2707 1784 l’accompliſſement

579 1785 643 1910 de
720 1785 771 1910 ce
835 1785 1142 1910 preſent
1232 1785 1475 1910 Cercle
1590 1785 1628 1910 N.
1680 1785 1718 1910 3.
1795 1785 1846 1910 Et
1910 1785 2191 1910 prenez
2255 1785 2473 1910 garde
2550 1785 2562 1910 à
2614 1785 2703 1910 les

580 1911 938 2042 obſerver
993 1911 1145 2042 bien
1232 1911 1775 2042 exaement.
1851 1911 1949 2042 car
1993 1911 2460 2042 autrement
2514 1911 2699 2042 vous

562 2035 647 2157 ne
695 2035 913 2157 ferez
986 2035 1204 2157 choſe
1265 2035 1386 2157 qui
1434 2035 1677 2157 vaille.

724 2159 784 2282 Au
856 2159 1047 2282 reſte
1119 2159 1167 2282 en
1262 2159 1370 2282 ces
1454 2159 1645 2282 deux
1741 2159 2040 2282 meſmes
2136 2159 2459 2282 Cercles,
2542 2159 2710 2282 dont

599 2283 1032 2406 Alexandre
1092 2283 1477 2406 aſſujettit
1513 2283 1573 2406 le
1657 2283 2054 2406 Contraire
2114 2283 2162 2406 au
2247 2283 2704 2406 deuxieme,

625 2410 637 2537 &
684 2410 744 2537 au
815 2410 1209 2537 troiſieme
1280 2410 1316 2537 il
1352 2410 1483 2537 luy
1567 2410 1686 2537 met
1734 2410 1769 2537 la
1829 2410 2103 2537 pointe
2163 2410 2210 2537 en
2294 2410 2711 2537 courtoiſie

587 2536 866 2665 devant
927 2536 975 2665 le
1060 2536 1339 2665 viſage,
1400 2536 1449 2665 ou
1546 2536 1692 2665 bien
1801 2536 1959 2665 qu’il
2019 2536 2068 2665 en
2153 2536 2311 2665 face
2372 2536 2724 2665 l’execu-

571 2656 772 2782 tion,
861 2656 1163 2782 comme
1208 2656 1241 2782 il
1297 2656 1353 2782 en
1443 2656 1454 2782 a
1510 2656 1554 2782 la
1621 2656 2069 2782 puiſſance;
2136 2656 2337 2782 nous
2393 2656 2706 2782 n’avons

563 2785 695 2911 rien
803 2785 887 2911 dit
959 2785 1355 2911 touchant
1415 2785 1475 2911 le
1547 2785 1799 2911 poids,
1859 2785 1979 2911 qui
2015 2785 2147 2911 ſoit
2207 2785 2471 2911 requis
2519 2785 2711 2911 pour

558 2906 877 3035 leſdites
948 2906 1445 3035 operations;
1481 2906 1481 3035 à
1552 2906 1753 3035 cauſe
1824 2906 2013 3035 qu’on
2084 2906 2179 3035 les
2226 2906 2499 3035 pourra
2558 2906 2712 3035 pra-

567 3032 833 3162 tiquer
897 3032 998 3162 ſur
1061 3032 1454 3162 pluſieurs
1543 3032 1948 3162 differents
2011 3032 2328 3162 degrez,
2391 3032 2518 3162 ſoit
2607 3032 2721 3162 Vif,

574 3159 634 3283 ou
731 3159 912 3283 Fort,
973 3159 1130 3283 Plus
1178 3159 1347 3283 fort,
1395 3159 1444 3283 ou
1552 3159 1963 3283 Tres-fort;
2023 3159 2446 3283 moyennãt
2507 3159 2700 3283 qu’en

567 3279 1139 3408 aſſujettiſſant
1177 3279 1495 3408 l’eſpee,
1546 3279 1597 3408 on
1660 3279 1876 3408 l’aille
1940 3279 2525 3408 enſemblemẽt
2588 3279 2728 3408 deſ-

575 3409 995 3527 graduant,
1089 3409 1100 3527 &
1159 3409 1544 3527 graduant
1591 3409 1649 3527 au
1719 3409 2104 3527 contraire
2163 3409 2198 3527 la
2256 3409 2513 3527 ſienne
2560 3409 2723 3527 pro-

571 3534 1043 3653 pre,juſqu’à
1106 3534 1157 3653 en
1234 3534 1667 3653 accoupler
1705 3534 1756 3653 le
1858 3534 1896 3653 N.
1960 3534 1960 3653 8
2024 3534 2088 3653 au
2215 3534 2240 3653 N.
2304 3534 2342 3653 6.
2393 3534 2444 3653 du
2559 3534 2725 3653 Con-

560 3659 822 3776 traire.
935 3659 1038 3776 Car
1117 3659 1163 3776 en
1277 3659 1334 3776 ce
1379 3659 1687 3776 faiſant,
1732 3659 1914 3776 avec
1994 3659 2108 3776 peu
2210 3659 2278 3776 de
2347 3659 2563 3776 force
2643 3659 2700 3776 on

572 3781 853 3904 pourra
926 3781 1122 3904 tenir
1219 3781 1256 3904 en
1366 3781 1733 3904 ſujeion
1830 3781 2209 3904 pluſieurs
2307 3781 2722 3904 differents

591 3910 873 4031 degrez
946 3910 1008 4031 de
1081 3910 1338 4031 poids,
1387 3910 1547 4031 ſans
1620 3910 2098 4031 tresbucher
2171 3910 2245 4031 ne
2306 3910 2723 4031 forligner,

566 4034 660 4152 s’il
707 4034 1095 4152 advenoit
1166 4034 1295 4152 que
1354 4034 1741 4152 l’Ennemi
1812 4034 2000 4152 vinſt
2047 4034 2059 4152 à
2117 4034 2294 4152 faire
2364 4034 2693 4152 cavation

580 4154 856 4274 durant
916 4154 976 4274 ce
1060 4154 1324 4274 meſme
1384 4154 1673 4274 temps.
1781 4154 1889 4274 Qui
1937 4154 2093 4274 plus
2165 4154 2285 4274 eſt,
2333 4154 2381 4274 au
2465 4154 2717 4274 temps

591 4274 1186 4408 qu’Alexandre
1293 4274 1661 4408 marchera
1757 4274 1923 4408 vers
1983 4274 2018 4408 la
2137 4274 2542 4408 Troiſieme
2613 4274 2732 4408 In-

565 4404 833 4531 ſtance
891 4404 938 4531 en
1019 4404 1555 4531 augmentant
1602 4404 1637 4531 la
1719 4404 2220 4531 graduation,
2266 4404 2301 4531 il
2348 4404 2488 4531 fera
2546 4404 2721 4531 tout

565 4524 623 4645 le
704 4524 1005 4645 meſme,
1051 4524 1376 4645 encores
1445 4524 1700 4645 contre
1781 4524 1839 4645 de
1896 4524 2058 4645 plus
2128 4524 2394 4645 grands
2464 4524 2730 4645 efforts

594 4655 721 4786 que
790 4655 974 4786 ceux
1043 4655 1181 4786 que
1227 4655 1422 4786 nous
1480 4655 1721 4786 avons
1767 4655 2193 4786 ſpecifiez.

714 4785 772 4896 Or
830 4785 1233 4896 comment
1279 4785 1810 4896 l’Adverſaire
1868 4785 2041 4896 peut
2098 4785 2583 4896 augmenter
2640 4785 2698 4896 ou

589 4901 978 5033 diminuer
1048 4901 1154 5033 ſes
1237 4901 1519 5033 degrez
1590 4901 1649 5033 de
1696 4901 1955 5033 force,
2013 4901 2284 5033 durant
2343 4901 2390 5033 le
2461 4901 2720 5033 temps

592 5022 792 5163 qu’on
855 5022 980 5163 luy
1030 5022 1417 5163 aſſujettit
1454 5022 1729 5163 l’eſpee
1779 5022 1779 5163 à
1829 5022 1866 5163 la
1941 5022 2328 5163 Seconde,
2366 5022 2428 5163 ou
2516 5022 2716 5163 qu’on

580 5151 629 5262 le
691 5151 927 5262 bleſſe
977 5151 989 5262 à
1039 5151 1076 5262 la
1163 5151 1584 5262 Troiſieme
1634 5151 2031 5262 Inſtance,
2068 5151 2118 5262 en
2192 5151 2229 5262 la
2292 5151 2540 5262 forme
2602 5151 2738 5262 que

575 5278 774 5406 nous
829 5278 1128 5406 venons
1194 5278 1261 5406 de
1305 5278 1814 5406 repreſenter
1881 5278 1925 5406 en
2002 5278 2135 5406 nos
2179 5278 2500 5406 figures;
2533 5278 2733 5406 nous

582 5398 881 5534 l’avons
941 5398 1252 5534 ſpecifié
1348 5398 1539 5534 aſſez
1623 5398 2125 5534 amplement
2209 5398 2256 5534 au
2400 5398 2699 5534 Tableau

626 5517 806 5660 VII.
884 5517 935 5660 où
1013 5517 1038 5660 il
1103 5517 1206 5660 n’y
1283 5517 1283 5660 a
1374 5517 1503 5660 que
1593 5517 1786 5660 ceſte
1864 5517 2328 5660 difference,
2405 5517 2534 5660 que
2599 5517 2728 5660 l’aſ-

586 5649 1227 5779 ſujettiſſement
1286 5649 1345 5779 ſe
1405 5649 1535 5779 fait
1607 5649 1654 5779 là
1737 5649 1785 5779 en
1891 5649 2176 5779 dedans
2271 5649 2331 5779 du
2414 5649 2580 5779 bras
2663 5649 2710 5779 en

590 5771 815 5910 allant
874 5771 874 5910 à
981 5771 1124 5910 main
1230 5771 1551 5910 gauche,
1657 5771 1669 5910 &
1717 5771 1835 5910 icy
1906 5771 1954 5910 au
2037 5771 2428 5910 contraire
2511 5771 2559 5910 en
2642 5771 2725 5910 al-

588 5893 738 6013 lant
796 5893 796 6013 à
877 5893 1119 6013 droite
1177 5893 1223 6013 en
1315 5893 1627 6013 dehors.
1684 5893 2123 6013 toutesfois
2169 5893 2227 6013 au
2296 5893 2573 6013 regard
2654 5893 2723 6013 de

591 6016 1052 6166 l’Inſtance,
1113 6016 1234 6166 des
1283 6016 1537 6166 poids,
1647 6016 1647 6166 &
1719 6016 1829 6166 des
1889 6016 2180 6166 temps,
2241 6016 2302 6166 ce
2350 6016 2508 6166 ſont
2569 6016 2726 6166 tou-

597 6165 697 6265 tes
741 6165 852 6265 les
929 6165 1228 6265 meſmes
1295 6165 1881 6265 obſervations.

1339 6587 1660 6745 Cercle
1852 6587 2130 6745 N.4.

633 6773 927 6929 Alexandre
974 6773 1126 6929 eſleve
1173 6773 1197 6929 le
1244 6773 1361 6929 pied
1408 6773 1525 6929 droit
1584 6773 1619 6929 de
1666 6773 1819 6929 terre,
1854 6773 2100 6929 hauſſant
2147 6773 2546 6929 enſemblement
2581 6773 2581 6929 à
2628 6773 2734 6929 l’ai-

739 6910 776 7058 de
825 6910 862 7058 du
911 6910 1134 7058 poignet
1220 6910 1220 7058 &
1282 6910 1591 7058 aſſemblant
1640 6910 1677 7058 la
1714 6910 1887 7058 pointe
1949 6910 1973 7058 de
2023 6910 2060 7058 ſa
2097 6910 2233 7058 lame
2282 6910 2282 7058 à
2331 6910 2430 7058 plus
2492 6910 2529 7058 de
2628 6910 2751 7058 Nom-

2992 416 3104 543 bres
3149 416 3183 543 du
3261 416 3553 543 Contraire,
3598 416 3699 543 puis
3744 416 4014 543 avançant
4059 416 4081 543 le
4149 416 4306 543 meſme
4351 416 4463 543 pied
4497 416 4587 543 par
4643 416 4733 543 delà
4778 416 4812 543 le
4890 416 4991 543 Dia-

3012 546 3170 668 metre,
3203 546 3226 668 il
3282 546 3328 668 va
3384 546 3655 668 graduant
3700 546 3734 668 la
3779 546 3937 668 ſienne
4027 546 4027 668 &
4095 546 4456 668 deſgraduant
4501 546 4535 668 la
4580 546 4840 668 contraire
4885 546 4998 668 pour

2992 668 3319 799 l’aſſujettir
3357 668 3370 799 à
3420 668 3445 799 la
3508 668 3722 799 Seconde
3760 668 4088 799 Inſtance.

3378 777 3490 920 Ous
3577 777 3812 920 avons
3874 777 4123 920 figuré
4210 777 4259 920 ce
4371 777 4619 920 Cercle
4693 777 4991 920 preſent

3328 922 3487 1025 tout
3541 922 3594 1025 au
3679 922 4008 1025 rebours
4082 922 4199 1025 des
4263 922 4581 1025 autres,
4655 922 4698 1025 en
4793 922 4985 1025 ſorte

3351 1043 4046 1169 qu’ALEXANDRE
4132 1043 4144 1169 y
4217 1043 4559 1169 travaille
4632 1043 4681 1169 du
4766 1043 4998 1169 coſté,

3332 1165 3387 1288 où
3464 1165 3651 1288 nous
3706 1165 3937 1288 avons
3992 1165 4201 1288 placé
4256 1165 4256 1288 à
4322 1165 4531 1288 touts
4575 1165 4674 1288 les
4729 1165 4993 1288 autres

2910 1290 3207 1418 Cercles
3269 1290 3368 1418 ſon
3467 1290 3951 1418 Adverſaire.
4075 1290 4137 1418 Ce
4211 1290 4310 1418 qui
4360 1290 4372 1418 a
4434 1290 4571 1418 eſté
4620 1290 4744 1418 fait
4794 1290 4992 1418 pour

2867 1413 3446 1541 accommoder
3505 1413 3612 1541 les
3683 1413 3718 1541 5.
3837 1413 3837 1541 &
3931 1413 4002 1541 6.
4097 1413 4203 1541 qui
4274 1413 4322 1541 en
4405 1413 4901 1541 procedent,
4972 1413 4972 1541 à

2866 1539 3437 1660 l’ordonnance
3509 1539 3580 1660 de
3640 1539 3676 1660 la
3759 1539 4295 1660 proſpeive.
4414 1539 4985 1660 ALEXANDRE

2881 1664 3069 1785 donc
3151 1664 3386 1785 eſtant
3445 1664 3621 1785 venu
3691 1664 4360 1785 preallablement
4419 1664 4419 1785 à
4489 1664 4525 1785 la
4619 1664 4983 1785 Premiere

2884 1788 3236 1915 Inſtance
3286 1788 3299 1915 à
3349 1788 3387 1915 la
3450 1788 3663 1915 façon
3751 1788 3802 1915 du
3915 1788 4154 1915 Cercle
4267 1788 4305 1915 N.
4355 1788 4380 1915 1.
4443 1788 4481 1915 il
4531 1788 4770 1915 eſleve
4820 1788 4983 1915 pre-

2866 1911 3256 2034 ſentemẽt
3305 1911 3353 2034 le
3414 1911 3585 2034 pied
3646 1911 3828 2034 droit
3901 1911 3962 2034 de
4011 1911 4242 2034 terre,
4340 1911 4340 2034 &
4389 1911 4644 2034 hauſſe
4705 1911 4985 2034 enſem-

2867 2038 3232 2162 blement
3280 2038 3317 2162 la
3377 2038 3644 2162 pointe
3717 2038 3778 2162 de
3839 2038 3875 2162 ſa
3924 2038 4118 2162 lame
4167 2038 4179 2162 à
4227 2038 4434 2162 l’aide
4507 2038 4555 2162 du
4628 2038 4992 2162 poignet,

2885 2161 2936 2281 en
2999 2161 3189 2281 ſorte
3265 2161 3417 2281 qu’il
3480 2161 3531 2281 en
3594 2161 3961 2281 aſſemble
4011 2161 4062 2281 le
4163 2161 4201 2281 N.
4252 2161 4277 2281 3.
4315 2161 4366 2281 au
4492 2161 4530 2281 N.
4593 2161 4619 2281 8.
4682 2161 4985 2281 duCon-

2867 2286 3122 2411 traire;
3168 2286 3388 2411 ayant
3434 2286 3549 2411 fait
3607 2286 3746 2411 une
3792 2286 4035 2411 petite
4093 2286 4336 2411 pauſe,
4370 2286 4405 2411 il
4474 2286 4752 2411 marche
4810 2286 4983 2411 avec

2869 2409 2917 2532 le
3000 2409 3261 2532 meſme
3321 2409 3487 2532 pied
3535 2409 3547 2532 à
3642 2409 3796 2532 main
3880 2409 4117 2532 droite
4165 2409 4284 2532 par
4367 2409 4498 2532 delà
4557 2409 4605 2532 le
4712 2409 4985 2532 Diame-

2872 2533 3006 2651 tre,
3067 2533 3471 2651 enſuivant
3520 2533 3557 2651 la
3618 2533 3814 2651 trace
3887 2533 3936 2651 du
4071 2533 4315 2651 Quarré
4401 2533 4695 2651 Inſcrit,
4805 2533 4817 2651 &
4878 2533 5000 2651 fai-

2871 2659 3019 2781 ſant
3069 2659 3106 2781 la
3180 2659 3624 2781 graduation
3710 2659 3772 2781 de
3846 2659 4167 2781 maniere
4229 2659 4389 2781 qu’il
4426 2659 4673 2781 joingt
4722 2659 4821 2781 ſon
4945 2659 4982 2781 N.

2903 2780 2941 2904 8.
2980 2780 3044 2904 au
3173 2780 3211 2904 N.
3276 2780 3314 2904 6.
3378 2780 3430 2904 de
3481 2780 3520 2904 la
3584 2780 3816 2904 partie
3880 2780 4227 2904 adverſe,
4279 2780 4472 2904 pour
4510 2780 4639 2904 luy
4690 2780 4999 2904 aſſujet-

2869 2908 2952 3029 tir
3011 2908 3744 3029 conſequemment
3780 2908 4052 3029 l’eſpee
4111 2908 4123 3029 à
4170 2908 4206 3029 la
4289 2908 4644 3029 Seconde
4703 2908 4999 3029 Inſtan-

2878 3031 2980 3153 ce.
3094 3031 3151 3153 Et
3231 3031 3390 3153 c’eſt
3436 3031 3493 3153 le
3561 3031 4278 3153 commencement
4358 3031 4665 3153 dequoy
4722 3031 4995 3153 toutes

2866 3155 2957 3278 les
3025 3155 3478 3278 operations
3524 3155 3932 3278 ſuivantes
3988 3155 4476 3278 dependent.

3037 3279 3085 3378 Or
3156 3279 3346 3378 ceſte
3394 3279 3631 3378 aion
3714 3279 4284 3378 d’Alexandre,
4332 3279 4593 3378 faiſant
4652 3279 4997 3378 inconti-

2871 3402 3057 3524 nent
3094 3402 3143 3524 la
3192 3402 3415 3524 pauſe
3501 3402 3551 3524 du
3625 3402 3785 3524 pied
3859 3402 4045 3524 droit
4106 3402 4217 3524 dés
4292 3402 4452 3524 qu’il
4489 3402 4551 3524 l’a
4613 3402 4847 3524 eſlevé
4909 3402 4959 3524 en

2855 3527 3266 3648 l’air,voire
3335 3527 3518 3648 qu’en
3620 3527 3997 3648 marchant
4043 3527 4214 3648 avec
4260 3527 4317 3648 le
4397 3527 4648 3648 meſme
4717 3527 4980 3648 devers

2868 3651 2903 3752 la
2986 3651 3338 3752 Seconde
3397 3651 3761 3752 Inſtance
3820 3651 3820 3752 à
3925 3651 4066 3752 main
4160 3651 4430 3752 droite,
4477 3651 4513 3752 il
4560 3651 4607 3752 en
4677 3651 4795 3752 fait
4877 3651 4983 3752 en-

2878 3776 3037 3897 core
3093 3776 3230 3897 une
3287 3776 3491 3897 autre
3548 3776 3764 3897 pauſe
3820 3776 4002 3897 pour
4048 3776 4093 3897 la
4161 3776 4502 3897 ſeconde
4547 3776 4718 3897 fois,
4763 3776 4979 3897 avant

2890 3900 3038 4024 qu’il
3084 3900 3587 4024 tresbuche;
3644 3900 3839 4024 nous
3896 3900 4125 4024 avons
4193 3900 4468 4024 trouvé
4548 3900 4982 4024 expedient

2897 4024 2959 4144 de
3021 4024 3058 4144 la
3133 4024 3643 4144 repreſenter
3705 4024 3755 4144 en
3817 4024 4103 4144 figure,
4153 4024 4265 4144 afin
4352 4024 4476 4144 que
4538 4024 4588 4144 le
4688 4024 4986 4144 Diſciple

2865 4146 2999 4270 ſoit
3044 4146 3200 4270 tant
3278 4146 3524 4270 mieux
3569 4146 3870 4270 adverti
3959 4146 4071 4270 d’en
4160 4146 4339 4270 faire
4406 4146 4808 4270 touſiours
4875 4146 4987 4270 au-

2870 4266 3026 4390 tant
3074 4266 3086 4390 à
3146 4266 3423 4390 toutes
3459 4266 3567 4390 les
3615 4266 3748 4390 fois
3844 4266 3988 4390 qu’il
4036 4266 4169 4390 ſera
4265 4266 4602 4390 queſtion
4686 4266 4746 4390 de
4818 4266 4986 4390 faire

2885 4391 2946 4520 ce
3032 4391 3289 4520 meſme
3350 4391 4097 4520 aſſujettiſſement.
4219 4391 4329 4520 Car
4391 4391 4501 4520 ces
4562 4391 4831 4520 pauſes
4868 4391 4990 4520 luy

2870 4517 3329 4639 preſteront
3389 4517 3437 4639 le
3510 4517 3691 4639 loiſir
3775 4517 3835 4639 de
3908 4517 4463 4639 recognoiſtre
4560 4517 4572 4639 &
4632 4517 4994 4639 prevenir

2875 4642 3153 4764 toutes
3222 4642 3315 4764 les
3407 4642 3846 4764 traverſes,
3939 4642 4066 4764 que
4124 4642 4644 4764 l’Adverſaire
4714 4642 4991 4764 pourra

2903 4765 3277 4884 machiner
3354 4765 3618 4884 durant
3684 4765 3750 4884 ce
3827 4765 4080 4884 meſme
4135 4765 4421 4884 temps.
4520 4765 4586 4884 Au
4674 4765 4993 4884 contrai-

2883 4888 2966 5008 re,
3013 4888 3108 5008 s’il
3179 4888 3464 5008 marche
3524 4888 3690 5008 tout
3749 4888 3951 5008 d’une
4022 4888 4153 5008 tire
4236 4888 4497 5008 depuis
4556 4888 4592 5008 la
4675 4888 4995 5008 Premie-

2874 5014 2935 5135 re
2996 5014 3349 5135 Inſtance
3398 5014 3690 5135 juſqu’à
3739 5014 3775 5135 la
3848 5014 4238 5135 Seconde,
4274 5014 4335 5135 ou
4421 5014 4481 5135 de
4530 5014 4567 5135 la
4652 5014 4993 5135 Seconde

2876 5138 2888 5260 à
2937 5138 2985 5260 la
3070 5138 3518 5260 Troiſieme,
3567 5138 3724 5260 ſans
3773 5138 3979 5260 nulle
4051 5138 4463 5260 entremiſe
4560 5138 4621 5260 de
4682 5138 4936 5260 pauſe,
4972 5138 5009 5260 il

2878 5260 3017 5382 ſera
3081 5260 3131 5382 en
3233 5260 3397 5382 mille
3473 5260 3790 5382 dangers
3853 5260 3942 5382 d’y
4005 5260 4183 5382 eſtre
4233 5260 4499 5382 bleſſé.
4601 5260 4765 5382 Voilà
4841 5260 5006 5382 tou-

2886 5386 3100 5481 chant
3172 5386 3208 5481 la
3279 5386 3648 5481 neceſſité
3732 5386 3791 5481 de
3851 5386 4446 5481 l’obſervation.
4553 5386 4839 5481 Sachez
4899 5386 5006 5481 da-

2881 5511 3250 5636 vantage,
3307 5511 3434 5636 que
3480 5511 3526 5636 la
3584 5511 3953 5636 pratique
4033 5511 4080 5636 en
4160 5511 4299 5636 ſera
4368 5511 4425 5636 du
4506 5511 4990 5636 commmen-

2891 5635 3132 5758 cemẽt
3181 5635 3301 5758 peu
3374 5635 3796 5758 aggreable
3845 5635 3978 5758 aux
4038 5635 4231 5758 yeux
4303 5635 4412 5758 des
4473 5635 4992 5758 Speateurs,

2878 5760 3072 5881 pour
3129 5760 3164 5881 la
3244 5760 3609 5881 tardivité
3735 5760 3747 5881 &
3815 5760 4387 5881 l’interruption
4501 5760 4604 5881 des
4696 5760 4993 5881 mouve-

2920 5883 3145 6003 ments
3228 5883 3287 6003 de
3358 5883 3854 6003 l’apprentif,
3925 5883 4375 6003 procedant
4434 5883 4493 6003 de
4576 5883 4682 6003 ces
4729 5883 4990 6003 pauſes

2883 6005 3240 6127 ſuſdites.
3379 6005 3436 6127 Ce
3506 6005 4013 6127 neantmoins
4082 6005 4324 6127 quand
4370 6005 4405 6127 il
4462 6005 4508 6127 en
4578 6005 4739 6127 aura
4797 6005 4993 6127 prins

2885 6129 3322 6251 l’habitude
3431 6129 3431 6251 &
3504 6129 3662 6251 qu’il
3710 6129 3759 6251 en
3832 6129 4026 6251 ſaura
4074 6129 4414 6251 adjuſter
4463 6129 4560 6251 les
4608 6129 4887 6251 temps,
4924 6129 4984 6251 au

2886 6251 3011 6347 lieu
3103 6251 3160 6347 de
3228 6251 3582 6347 retarder
3662 6251 3822 6347 elles
3890 6251 4381 6347 avanceront
4427 6251 4473 6347 le
4541 6251 4724 6347 reſte
4815 6251 4884 6347 de
4941 6251 4987 6347 la

2889 6376 3309 6504 beſoigne,
3369 6376 3429 6504 de
3489 6376 3680 6504 ſorte
3740 6376 4052 6504 qu’elles
4100 6376 4172 6504 ne
4219 6376 4615 6504 pourront
4675 6376 4855 6504 eſtre
4914 6376 5010 6504 re-

2920 6500 3365 6630 marquées;
3454 6500 3610 6630 mais
3666 6500 3843 6630 pour
3888 6500 3944 6630 le
4010 6500 4722 6630 commencement
4766 6500 4800 6630 il
4844 6500 5000 6630 fau-

2918 6623 3003 6750 dra
3100 6623 3160 6750 de
3209 6623 3245 6750 la
3318 6623 3681 6750 patience
3742 6623 3923 6750 pour
3972 6623 4069 6750 les
4129 6623 4614 6750 apprendre.
4723 6623 4820 6750 Par
4892 6623 5013 6750 ad-

2900 6749 3230 6869 venture
3287 6749 3458 6869 auſſi
3515 6749 3652 6869 que
3720 6749 3903 6869 ceux
3982 6749 4085 6869 qui
4153 6749 4575 6869 viendront
4632 6749 4632 6869 à
4700 6749 4826 6869 lire
4894 6749 5008 6869 ces

2908 6873 3210 6995 eſcrits,
3283 6873 3815 6995 conſiderants
3900 6873 4033 6995 que
4093 6873 4311 6995 telles
4384 6873 4650 6995 pauſes
4698 6873 4867 6995 ſont
4928 6873 4976 6995 du

4837 7026 4997 7091 tout
