5520 7640
4760 7051 4999 7194 Cercle

3624 2484 3947 2646 Cercle
4131 2484 4385 2646 N.7.

3370 2707 3758 2831 Operation
3843 2707 3916 2831 de
3989 2707 4413 2831 ceſtuy-cy
4474 2707 4838 2831 provient
4923 2707 4971 2831 du

3334 2838 3584 2929 Cercle
3714 2838 3750 2929 N.
3821 2838 3857 2929 2.
3952 2838 3999 2929 où
4130 2838 4711 2929 ALEXANDRE
4806 2838 4806 2929 a
4901 2838 4996 2929 te-

3297 2957 3368 3079 nu
3428 2957 3702 3079 l’eſpee
3773 2957 4154 3079 contraire
4214 2957 4618 3079 aſſujettie
4678 2957 4690 3079 à
4761 2957 4797 3079 la
4892 2957 4999 3079 Se-

3310 3085 3555 3201 conde
3625 3085 3986 3201 Inſtance
4056 3085 4102 3201 en
4184 3085 4475 3201 dehors
4545 3085 4592 3201 du
4662 3085 4836 3201 bras
4883 3085 4999 3201 par

2864 3211 2996 3328 delà
3056 3211 3104 3328 le
3200 3211 3620 3328 Diametre,
3752 3211 3752 3328 &
3824 3211 3981 3328 qu’il
4041 3211 4125 3328 ait
4209 3211 4677 3328 commencé
4749 3211 4761 3328 à
4845 3211 5013 3328 mar-

2850 3334 3013 3453 cher
3071 3334 3246 3453 avec
3292 3334 3350 3453 le
3397 3334 3572 3453 pied
3641 3334 3827 3453 droit
3886 3334 4165 3453 devers
4200 3334 4246 3453 la
4328 3334 4770 3453 Troiſieme,
4805 3334 5002 3453 pour

2841 3462 3283 3576 accomplir
3330 3462 3807 3576 l’execution
3891 3462 3951 3576 du
4058 3462 4296 3576 Cercle
4356 3462 4917 3576 pareillement
4976 3462 5000 3576 3.

2859 3586 2906 3701 en
3059 3586 3424 3701 Nombre.
3554 3586 3601 3701 En
3707 3586 3766 3701 ce
3860 3586 4119 3701 meſme
4190 3586 4449 3701 tems
4555 3586 5002 3701 ZACHARIE

2841 3710 3288 3830 augmente
3335 3710 3382 3830 le
3441 3710 3711 3830 poids,
3805 3710 3805 3830 &
3876 3710 3923 3830 en
4005 3710 4393 3830 graduant
4440 3710 4475 3830 ſa
4534 3710 4734 3830 lame
4781 3710 5016 3830 tranſ-

2837 3836 3065 3952 porte
3133 3836 3179 3952 la
3270 3836 3656 3952 contraire
3713 3836 3725 3952 à
3827 3836 3975 3952 main
4089 3836 4328 3952 droite
4419 3836 4464 3952 en
4566 3836 4851 3952 dehors
4930 3836 4987 3952 du

2843 3962 3046 4081 bras.
3118 3962 3225 4081 Sur
3296 3962 3499 4081 quoy
3595 3962 3607 4081 A
3678 3962 4167 4081 LEXANDRE,
4251 3962 4370 4081 qui
4430 3962 4478 4081 en
4561 3962 4645 4081 eſt
4704 3962 5002 4081 adverti

2841 4088 2961 4207 par
3009 4088 3056 4207 le
3116 4088 3582 4207 ſentiment,
3618 4088 3881 4207 plante
3928 4088 3988 4207 au
4084 4088 4347 4207 meſme
4394 4088 4693 4207 inſtant
4729 4088 4789 4207 le
4836 4088 5016 4207 pied

2867 4210 3048 4325 droit
3120 4210 3120 4325 à
3192 4210 3229 4325 la
3301 4210 3759 4325 pretendue
3868 4210 4278 4325 Troiſieme
4338 4210 4700 4325 Inſtance
4772 4210 5001 4325 lettre

2900 4336 2959 4451 N,
3089 4336 3101 4451 &
3172 4336 3537 4451 pourſuit
3608 4336 3773 4451 tout
3867 4336 4610 4451 continuellement
4693 4336 4881 4451 avec
4952 4336 4999 4451 le

2840 4459 3020 4579 pied
3104 4459 3428 4579 gauche,
3488 4459 3500 4579 à
3560 4459 3872 4579 planter
3944 4459 3992 4579 en
4076 4459 4328 4579 forme
4424 4459 4628 4579 d’une
4724 4459 5000 4579 demie-

2841 4583 3218 4710 fleurette
3301 4583 3466 4710 tout
3525 4583 3903 4710 joignant
3962 4583 4269 4710 l’autre;
4316 4583 4588 4710 lequel
4670 4583 5001 4710 eſlevant

2858 4710 3266 4838 derechef,
3318 4710 3358 4838 il
3397 4710 3621 4838 porte
3699 4710 3765 4838 de
3831 4710 4422 4838 grand’viſteſſe
4488 4710 4593 4838 ſur
4633 4710 4685 4838 le
4803 4710 5014 4838 Quar-

2843 4837 2905 4959 ré
2993 4837 3455 4959 Circonſcrit
3517 4837 3729 4959 entre
3779 4837 3879 4959 les
3929 4837 4191 4959 points
4266 4837 4279 4959 P
4379 4837 4391 4959 &
4466 4837 4528 4959 T,
4628 4837 4641 4959 &
4691 4837 4753 4959 au
4853 4837 5003 4959 meſ-

2873 4965 2954 5090 me
3000 4965 3256 5090 temps
3303 4965 3652 5090 laſchant
3698 4965 3966 5090 l’eſpee
4036 4965 4454 5090 contraire,
4501 4965 4617 5090 qui
4675 4965 4722 5090 en
4803 4965 5001 5090 vient

2841 5091 3410 5216 aucunement
3466 5091 3466 5216 à
3523 5091 4012 5216 tresbucher
4069 5091 4183 5216 par
4228 5091 4274 5216 la
4330 5091 4546 5216 force
4615 5091 4660 5216 du
4740 5091 5001 5216 poids,

2838 5214 2875 5323 il
2948 5214 3265 5323 conduit
3339 5214 3375 5323 la
3448 5214 3705 5323 ſienne
3802 5214 3863 5323 de
3949 5214 4241 5323 deſſous
4314 5214 4473 5323 vers
4534 5214 4583 5323 le
4656 5214 4863 5323 haut,
4985 5214 4998 5323 &

2838 5342 2956 5468 luy
3026 5342 3073 5468 en
3156 5342 3285 5468 tire
3332 5342 3402 5468 un
3485 5342 3673 5468 coup
3743 5342 3814 5468 de
3861 5342 4131 5468 revers
4178 5342 4272 5468 (en
4354 5342 4660 5468 voltant
4730 5342 4778 5468 le
4836 5342 5013 5468 pied

2856 5465 3206 5596 gauche)
3269 5465 3331 5596 au
3419 5465 3607 5596 coſté
3694 5465 3882 5596 droit
3957 5465 4020 5596 de
4070 5465 4108 5596 la
4170 5465 4420 5596 teſte;
4483 5465 4658 5596 ainſi
4733 5465 4859 5596 que
4909 5465 5009 5596 les

2840 5590 3129 5711 figures
3201 5590 3779 5711 demonſtrent.

3018 5718 3066 5847 Or
3114 5718 3342 5847 ayant
3414 5718 3666 5847 donné
3714 5718 3762 5847 le
3834 5718 4063 5847 coup,
4111 5718 4147 5847 il
4207 5718 4219 5847 a
4315 5718 4567 5847 moyen
4663 5718 4735 5847 de
4795 5718 4855 5847 le
4903 5718 4999 5847 re-

2867 5839 3186 5944 doubler
3253 5839 3617 5944 encores,
3683 5839 3727 5944 en
3815 5839 4289 5944 continuant
4333 5839 4344 5944 à
4433 5839 4774 5944 marcher
4819 5839 4995 5944 avec

2846 5969 2894 6091 le
2956 5969 3127 6091 pied
3188 5969 3371 6091 droit
3432 5969 3542 6091 par
3615 5969 3884 6091 devant
3933 5969 3982 6091 le
4055 5969 4263 6091 corps
4336 5969 4397 6091 de
4446 5969 4996 6091 l’Adverſaire,

2911 6094 2911 6225 &
2959 6094 3240 6225 iterant
3289 6094 3326 6225 la
3399 6094 3594 6225 volte
3668 6094 3716 6225 du
3790 6094 3961 6225 pied
4022 6094 4351 6225 gauche,
4400 6094 4669 6225 durant
4718 6094 5011 6225 laquel-

2846 6218 2894 6350 le
2954 6218 2990 6350 il
3050 6218 3098 6350 ſe
3158 6218 3530 6350 tournera
3590 6218 3878 6350 l’eſpee
3950 6218 4610 6350 circulairement
4670 6218 4790 6350 par
4862 6218 5006 6350 deſ-

2850 6341 2961 6464 ſus
2998 6341 3047 6464 ſa
3109 6341 3294 6464 teſte
3343 6341 3355 6464 à
3404 6341 3614 6464 l’aide
3688 6341 3737 6464 du
3811 6341 4181 6464 poignet,
4291 6341 4304 6464 &
4365 6341 4415 6464 en
4513 6341 4846 6464 donnera
4907 6341 4981 6464 un

2863 6467 3047 6602 coup
3133 6467 3684 6602 d’eſtramaçon
3758 6467 3770 6602 à
3819 6467 4346 6602 l’Adverſaire
4407 6467 4456 6602 au
4567 6467 4763 6602 coſté
4849 6467 5008 6602 gau-

2867 6590 2983 6728 che
3060 6590 3124 6728 de
3175 6590 3213 6728 la
3265 6590 3495 6728 teſte.
3636 6590 4020 6728 Operation
4110 6590 4174 6728 de
4238 6590 4584 6728 laquelle
4635 6590 4674 6728 la
4751 6590 4994 6728 figure

2918 6719 2918 6845 &
2981 6719 3019 6845 la
3120 6719 3575 6845 deſcription
3651 6719 3917 6845 ſeront
3980 6719 4423 6845 propoſées
4499 6719 4638 6845 aux
4739 6719 5004 6845 Tables

2847 6840 3281 6935 ſuivantes.

567 456 729 570 tout
798 456 1225 570 contraires
1272 456 1283 570 à
1341 456 1376 570 la
1445 456 1688 570 vieille
1768 456 1965 570 mode
2046 456 2103 570 de
2161 456 2335 570 tirer
2427 456 2531 570 des
2600 456 2693 570 ar-

590 582 754 717 mes,
817 582 880 717 où
943 582 1069 717 l’on
1132 582 1208 717 ne
1259 582 1448 717 ſçait
1511 582 1637 717 que
1700 582 1851 717 c’eſt
1927 582 1990 717 de
2040 582 2217 717 faire
2280 582 2582 717 pauſes,
2683 582 2683 717 &

586 708 810 816 moins
877 708 1202 816 encores
1269 708 1325 816 de
1381 708 1482 816 les
1538 708 1896 816 obſerver
1964 708 1997 816 ſi
2053 708 2691 816 curieuſement,

567 832 624 965 ou
716 832 773 965 de
831 832 934 965 les
1002 832 1254 965 mettre
1323 832 1369 965 en
1438 832 1472 965 la
1552 832 1999 965 deſcription
2079 832 2388 965 comme
2434 832 2698 965 neceſ-

554 958 826 1093 ſaires:
897 958 921 1093 ſi
992 958 1383 1093 quelquun
1465 958 1513 1093 en
1596 958 1904 1093 vouluſt
1951 958 2128 1093 tirer
2188 958 2519 1093 occaſion
2626 958 2685 1093 de

566 1087 996 1215 reprendre
1056 1087 1163 1215 les
1235 1087 1760 1215 inſtruions
1868 1087 2214 1215 meſmes,
2274 1087 2333 1215 je
2417 1087 2465 1215 le
2536 1087 2680 1215 prie

577 1209 701 1346 d’en
763 1209 1085 1346 ſurſeoir
1134 1209 1184 1346 le
1233 1209 1655 1346 jugement
1704 1209 1989 1346 juſqu’à
2038 1209 2199 1346 tant
2261 1209 2422 1346 qu’il
2472 1209 2521 1346 en
2596 1209 2682 1346 ait

569 1340 924 1461 examiné
972 1340 1315 1461 l’utilité,
1413 1340 1413 1461 &
1474 1340 1975 1461 l’aſſeurance
2061 1340 2367 1461 qu’elles
2416 1340 2697 1461 appor-

565 1457 723 1586 tent
771 1457 771 1586 à
844 1457 1062 1586 celuy
1147 1457 1256 1586 qui
1329 1457 1704 1586 travaille,
1753 1457 1922 1586 puis
1995 1457 2310 1586 qu’elles
2371 1457 2686 1586 l’engar-

572 1587 736 1711 dent
806 1587 864 1711 de
922 1587 1354 1711 prodiguer
1401 1587 1506 1711 ſes
1588 1587 2172 1711 mouvements,
2253 1587 2265 1711 &
2312 1587 2428 1711 luy
2510 1587 2697 1711 mon-

549 1707 791 1836 ſtrent
852 1707 985 1836 d’en
1058 1707 1396 1836 adjuſter
1469 1707 1518 1836 le
1590 1707 1760 1836 vray
1832 1707 2050 1836 point
2123 1707 2232 1836 des
2292 1707 2692 1836 occaſions

561 1841 1136 1930 convenables.

1286 2010 1593 2166 Cercle
1834 2010 2119 2166 N..

1059 2208 1148 2341 Eſt
1185 2208 1299 2341 icy
1350 2208 1388 2341 la
1463 2208 1867 2341 pourſuite
1931 2208 1994 2341 de
2057 2208 2095 2341 la
2158 2208 2688 2341 precedente.

1036 2331 1576 2467 ALEXANDRE
1626 2331 1889 2467 faiſant
1927 2331 2692 2467 l’aſſujettiſſement

1028 2456 1088 2592 de
1136 2456 1411 2592 l’eſpee
1483 2456 1865 2592 contraire
1937 2456 1949 2592 à
2021 2456 2056 2592 la
2152 2456 2511 2592 Seconde
2583 2456 2690 2592 In-

1006 2581 1268 2713 ſtance
1330 2581 1343 2713 à
1442 2581 1580 2713 main
1692 2581 1966 2713 droite,
2029 2581 2041 2713 à
2104 2581 2440 2713 l’inſtant
2515 2581 2677 2713 qu’il

550 2709 1027 2839 commence
1084 2709 1084 2839 à
1152 2709 1289 2839 tres
1334 2709 1630 2839 bucher
1686 2709 1857 2839 avec
1902 2709 1959 2839 le
2016 2709 2187 2839 pied
2255 2709 2471 2839 droit;
2573 2709 2573 2839 Z
2630 2709 2687 2839 A-

556 2834 879 2961 CHARIE
946 2834 1058 2961 luy
1113 2834 1236 2961 fait
1292 2834 1437 2961 une
1504 2834 1894 2961 cavation,
1950 2834 1995 2961 en
2095 2834 2508 2961 deſrobant
2553 2834 2653 2961 ſon

550 2952 756 3090 eſpee
828 2952 889 3090 de
961 2952 1264 3090 deſſous
1361 2952 1361 3090 &
1409 2952 1784 3090 alentour
1844 2952 1905 3090 de
1965 2952 2002 3090 la
2074 2952 2280 3090 garde
2353 2952 2679 3090 contrai-

536 3080 592 3213 re
670 3080 715 3213 en
793 3080 995 3213 haut,
1073 3080 1465 3213 marchant
1510 3080 1689 3213 avec
1734 3080 1790 3213 le
1846 3080 2013 3213 pied
2092 3080 2271 3213 droit
2338 3080 2383 3213 en
2450 3080 2674 3213 avant

530 3213 542 3329 à
614 3213 843 3329 lettre
939 3213 988 3329 V,
1132 3213 1132 3329 &
1216 3213 1855 3329 enſemblement
1915 3213 2048 3329 luy
2120 3213 2240 3329 tire
2325 3213 2385 3329 un
2493 3213 2674 3329 coup

553 3336 991 3458 d’eſtocade
1038 3336 1215 3458 avec
1263 3336 1310 3458 le
1369 3336 1523 3458 bras
1594 3336 1889 3458 eſtendu
1972 3336 2125 3458 vers
2173 3336 2220 3458 le
2291 3336 2563 3458 viſage.
2622 3336 2681 3458 A-

541 3450 1040 3585 LEXANDRE,
1089 3450 1199 3585 dés
1260 3450 1418 3585 qu’il
1467 3450 1894 3585 apperçoit
1942 3450 2064 3585 par
2113 3450 2162 3585 le
2211 3450 2674 3585 ſentiment,

545 3574 674 3699 que
721 3574 768 3699 la
815 3574 1003 3699 lame
1050 3574 1485 3699 inferieure
1544 3574 2014 3699 commence
2061 3574 2073 3699 à
2120 3574 2179 3699 ſe
2249 3574 2684 3699 deſtacher,

547 3695 773 3835 dreſſe
844 3695 903 3835 au
1022 3695 1283 3835 meſme
1354 3695 1615 3835 temps
1674 3695 1721 3835 la
1792 3695 2077 3835 pointe
2160 3695 2231 3835 de
2302 3695 2350 3835 la
2421 3695 2682 3835 ſienne

535 3826 697 3963 vers
734 3826 796 3963 le
846 3826 1045 3963 front
1120 3826 1182 3963 de
1232 3826 1791 3963 l’Adverſaire,
1854 3826 1903 3963 en
1978 3826 2339 3963 plantant
2401 3826 2451 3963 le
2500 3826 2675 3963 pied

539 3949 770 4081 eſlevé
842 3949 842 4081 à
915 3949 951 4081 la
1036 3949 1485 4081 pretendue
1582 3949 1945 4081 Seconde
2018 3949 2382 4081 Inſtance
2442 3949 2685 4081 lettre

575 4075 623 4213 G,
729 4075 729 4213 &
789 4075 1322 4213 pourſuivant
1382 4075 2034 4213 circulairement
2093 4075 2093 4213 à
2176 4075 2342 4213 tout
2402 4075 2449 4213 le
2508 4075 2686 4213 pied

549 4201 878 4335 gauche,
925 4201 925 4335 à
1019 4201 1277 4335 mettre
1324 4201 1430 4335 ſur
1500 4201 1535 4335 la
1641 4201 2252 4335 Circonference
2311 4201 2369 4335 au
2463 4201 2675 4335 point

578 4330 615 4453 D,
652 4330 702 4453 au
802 4330 951 4453 moy
1001 4330 1051 4453 en
1138 4330 1449 4453 dequoy
1499 4330 1524 4453 il
1573 4330 1623 4453 ſe
1685 4330 2109 4453 deſtourne
2159 4330 2208 4453 le
2271 4330 2470 4453 coſté
2532 4330 2694 4453 gau-

541 4458 668 4574 che
748 4458 806 4574 du
910 4458 1118 4574 corps
1199 4458 1245 4574 en
1349 4458 1660 4574 dehors,
1764 4458 1776 4574 &
1833 4458 2214 4574 accouple
2283 4458 2341 4574 le
2410 4458 2676 4574 centre

553 4573 611 4694 de
669 4573 704 4694 ſa
762 4573 959 4694 lame
1006 4573 1017 4694 à
1122 4573 1157 4694 N.
1203 4573 1238 4694 3.
1284 4573 1342 4694 ou
1435 4573 1470 4694 4.
1528 4573 1586 4694 de
1633 4573 1668 4694 la
1749 4573 2155 4694 contraire,
2213 4573 2689 4694 continuant

531 4700 543 4829 à
591 4700 639 4829 la
735 4700 1047 4829 graduer
1131 4700 1179 4829 en
1275 4700 1695 4829 eſtendant
1755 4700 1815 4829 le
1887 4700 2043 4829 bras
2151 4700 2163 4829 &
2247 4700 2559 4829 mettant
2631 4700 2679 4829 le

552 4832 776 4952 corps
838 4832 1136 4952 eſtendu
1223 4832 1273 4952 en
1347 4832 1658 4952 pourfil,
1708 4832 1770 4952 de
1819 4832 2031 4952 façon
2118 4832 2279 4952 qu’il
2329 4832 2577 4952 prend
2677 4832 2677 4952 &

544 4958 778 5075 ferme
825 4958 872 5075 la
942 4958 1188 5075 droite
1247 4958 1458 5075 ligne
1528 4958 1704 5075 avec
1763 4958 1810 5075 ſa
1880 4958 2103 5075 lame,
2220 4958 2220 5075 &
2290 4958 2337 5075 en
2443 4958 2560 5075 met
2630 4958 2665 5075 la

547 5074 817 5207 pointe
875 5074 922 5207 en
1016 5074 1427 5207 courtoiſie
1509 5074 1790 5207 devant
1837 5074 1884 5207 le
1954 5074 2142 5207 coſté
2212 5074 2400 5207 droit
2470 5074 2517 5207 du
2599 5074 2682 5207 vi-

540 5194 700 5334 ſage
786 5194 859 5334 de
921 5194 1499 5334 l’Adverſaire,
1560 5194 1793 5334 ayant
1855 5194 2199 5334 pouvoir
2285 5194 2408 5334 d’en
2494 5194 2678 5334 faire

539 5323 1068 5466 l’execution;
1118 5323 1413 5466 comme
1462 5323 1499 5466 il
1549 5323 1635 5466 eſt
1684 5323 2140 5466 repreſenté
2201 5323 2250 5466 en
2312 5323 2361 5466 la
2410 5323 2694 5466 figure.

1274 5491 1591 5666 Cercle
1795 5491 2066 5666 N.6.

1034 5705 1187 5828 Pres
1251 5705 1962 5828 qu’ALEXANDRE
2026 5705 2026 5828 a
2089 5705 2229 5828 eſté
2280 5705 2534 5828 planté
2585 5705 2598 5828 à
2636 5705 2687 5828 la

1036 5830 1387 5956 Seconde
1484 5830 1908 5956 Inſtance,
1980 5830 1992 5956 y
2065 5830 2343 5956 tenant
2416 5830 2694 5956 l’eſpee

1019 5954 1400 6067 contraire
1458 5954 1850 6067 aſſujettie
1931 5954 1977 6067 en
2069 5954 2543 6067 conformité
2612 5954 2658 6067 du

1054 6076 1301 6208 Cercle
1413 6076 1450 6208 N.
1512 6076 1573 6208 2.)
1635 6076 1672 6208 il
1746 6076 1833 6208 eſt
1895 6076 2068 6208 venu
2154 6076 2154 6208 à
2216 6076 2685 6208 pourſuivre

552 6199 1007 6331 l’operation
1095 6199 1146 6331 du
1272 6199 1512 6331 Cercle
1613 6199 1664 6331 N.
1714 6199 1752 6331 3.
1828 6199 2068 6331 Eſtant
2131 6199 2321 6331 donc
2397 6199 2447 6331 en
2536 6199 2687 6331 ae

576 6324 636 6460 de
731 6324 1065 6460 marcher
1137 6324 1316 6460 avec
1375 6324 1423 6460 le
1495 6324 1674 6460 pied
1757 6324 1936 6460 droit
2008 6324 2127 6460 par
2187 6324 2235 6460 la
2318 6324 2521 6460 trace
2616 6324 2664 6460 du

615 6446 870 6583 Quarré
933 6446 1226 6583 Inſcrit,
1265 6446 1265 6583 à
1316 6446 1647 6583 l’inſtant
1723 6446 1876 6583 qu’il
1927 6446 2398 6583 commence
2462 6446 2462 6583 à
2513 6446 2704 6583 tres-

569 6581 864 6707 bucher
911 6581 1088 6707 avec
1136 6581 1183 6707 le
1254 6581 1501 6707 corps;
1596 6581 2009 6707 ZACHARIE
2056 6581 2174 6707 luy
2233 6581 2351 6707 fait
2398 6581 2540 6707 une
2610 6581 2693 6707 ca-

571 6705 862 6828 vation,
935 6705 1298 6828 delivrant
1371 6705 1407 6828 la
1468 6705 1734 6828 pointe
1807 6705 1868 6828 de
1928 6705 2025 6828 ſon
2110 6705 2316 6828 eſpee
2401 6705 2473 6828 de
2558 6705 2691 6828 deſ-

559 6827 733 6945 ſous
779 6827 826 6945 la
895 6827 1104 6945 garde
1174 6827 1557 6945 contraire
1615 6827 1777 6945 vers
1824 6827 1870 6945 le
1928 6827 2137 6945 haut,
2184 6827 2230 6945 en
2311 6827 2706 6945 avançant

568 6951 620 7098 le
672 6951 842 7098 pied
908 6951 1130 7098 droit,
1221 6951 1221 7098 &
1274 6951 1391 7098 luy
1444 6951 1679 7098 tirant
1731 6951 1797 7098 un
1875 6951 2058 7098 coup
2136 6951 2568 7098 d’eſtocade
2633 6951 2685 7098 en

2881 420 3167 566 dedans
3229 420 3279 566 du
3366 420 3527 566 bras
3589 420 3863 566 devers
3912 420 3962 566 le
4024 420 4310 566 viſage.
4422 420 5006 566 ALEXANDRE,

2879 547 2980 694 dés
3067 547 3218 694 qu’il
3281 547 3431 694 ſent
3494 547 3544 694 le
3632 547 4246 694 deſtachement
4334 547 4447 694 des
4497 547 4773 694 lames,
4836 547 5011 694 dreſ-

2847 674 2907 817 ſe
2954 674 3479 817 incontinent
3539 674 3586 817 la
3646 674 3896 817 ſienne
3968 674 4016 817 en
4123 674 4361 817 droite
4421 674 4635 817 ligne
4695 674 4874 817 avec
4945 674 4993 817 le

2853 800 3015 918 bras
3084 800 3383 918 eſtendu
3476 800 3752 918 devers
3798 800 3845 918 le
3902 800 4248 918 ſommet
4329 800 4398 918 de
4456 800 4502 918 la
4582 800 4767 918 teſte
4836 800 4997 918 con-

2854 929 3111 1072 traire,
3222 929 3234 1072 &
3295 929 3602 1072 comme
3651 929 3688 1072 il
3762 929 3811 1072 en
3884 929 4031 1072 voit
4093 929 4301 1072 venir
4363 929 4645 1072 l’eſpee
4694 929 4706 1072 à
4767 929 4927 1072 ſoy,
4964 929 5000 1072 il

2847 1051 3237 1188 l’accueilt
3285 1051 3474 1188 avec
3521 1051 3569 1188 le
3640 1051 3900 1188 centre
3971 1051 4030 1188 de
4077 1051 4125 1188 la
4184 1051 4432 1188 ſienne
4492 1051 4503 1188 à
4610 1051 4657 1188 N.
4705 1051 4740 1188 3.
4799 1051 4847 1188 ou
4953 1051 4989 1188 4.

2863 1181 3344 1327 continuant
3393 1181 3393 1327 à
3455 1181 3492 1327 la
3566 1181 3923 1327 graduer,
4034 1181 4046 1327 &
4108 1181 4120 1327 à
4194 1181 4502 1327 planter
4576 1181 4625 1327 le
4687 1181 4859 1327 pied
4921 1181 4982 1327 au

2843 1304 2967 1448 lieu
3042 1304 3427 1448 pretendu
3501 1304 3576 1448 de
3626 1304 3663 1448 la
3750 1304 4160 1448 Troiſieme
4222 1304 4583 1448 Inſtance
4632 1304 4869 1448 lettre
4968 1304 5005 1448 N,

2841 1434 3009 1576 puis
3080 1434 3092 1576 à
3200 1434 3439 1576 mener
3510 1434 4263 1576 conſequemment
4323 1434 4371 1576 le
4442 1434 4622 1576 pied
4705 1434 4992 1576 gauche

2847 1553 2949 1702 ſur
3014 1553 3052 1702 la
3129 1553 3360 1702 lettre
3476 1553 3540 1702 R,
3668 1553 3668 1702 &
3720 1553 3732 1702 à
3809 1553 4079 1702 dreſſer
4143 1553 4195 1702 le
4272 1553 4490 1702 corps
4567 1553 4605 1702 en
4682 1553 5003 1702 pourfil,

2846 1678 3189 1828 fermant
3240 1678 3355 1828 par
3405 1678 3583 1828 ainſi
3622 1678 3660 1828 la
3749 1678 3978 1828 droite
4028 1678 4270 1828 ligne;
4359 1678 4537 1828 dont
4575 1678 4613 1828 il
4664 1678 4893 1828 bleſſe
4944 1678 4995 1828 le

2885 1807 3277 1956 Contraire
3338 1807 3387 1956 au
3473 1807 3669 1956 coſté
3742 1807 3926 1956 droit
3999 1807 4048 1956 du
4134 1807 4404 1956 viſage;
4477 1807 4771 1956 comme
4820 1807 4857 1956 il
4918 1807 5004 1956 eſt

2869 1945 3194 2082 monſtré
3256 1945 3369 2082 par
3406 1945 3519 2082 les
3569 1945 3894 2082 figures.
