5520 7640
2868 518 3032 652 qu’il
3083 518 3083 652 a
3159 518 3285 652 eſté
3348 518 3500 652 trop
3601 518 3891 652 difficile
3954 518 4017 652 de
4068 518 4169 652 les
4232 518 4737 652 repreſenter
4813 518 4977 652 exa-

2898 651 3208 779 ement
3268 651 3316 779 en
3375 651 3530 779 leur
3590 651 3817 779 vraye
3865 651 4270 779 ſituation.
4354 651 4509 779 C’eſt
4569 651 4975 779 pourquoi

2850 771 2899 898 le
2960 771 3117 898 bras
3178 771 3190 898 y
3263 771 3348 898 eſt
3397 771 3785 898 pourtrait
3858 771 3919 898 un
4004 771 4125 898 peu
4198 771 4356 898 plus
4441 771 4720 898 eſlevé,
4854 771 4854 898 &
4915 771 4963 898 la

2851 897 3121 1026 pointe
3180 897 3344 1026 plus
3403 897 3649 1026 baſſe,
3720 897 3908 1026 pour
3966 897 4072 1026 les
4166 897 4424 1026 mettre
4494 897 4541 1026 en
4647 897 4823 1026 veuë
4882 897 4940 1026 au

2850 1025 3293 1146 ſpeateur
3401 1025 3413 1146 &
3461 1025 3520 1146 au
3592 1025 3891 1146 peintre
3963 1025 4262 1146 méſme.

3564 1161 3890 1339 Cercle
4107 1161 4411 1339 N.10.

3294 1370 3444 1499 ’Eſt
3506 1370 3618 1499 icy
3680 1370 3717 1499 la
3792 1370 3979 1499 ſuite
4066 1370 4116 1499 de
4178 1370 4638 1499 l’operation
4713 1370 4975 1499 prece-

3327 1497 3581 1618 dente.
3650 1497 3789 1618 Puis
3858 1497 3985 1618 que
4078 1497 4516 1618 ZACHARIE
4585 1497 4770 1618 tient
4839 1497 4943 1618 ſon

3320 1618 3523 1743 eſpee
3630 1618 3869 1743 deſſus
3940 1618 4215 1743 l’eſpee
4310 1618 4692 1743 contraire
4787 1618 4954 1743 avec

3304 1744 3472 1864 telle
3556 1744 4094 1864 moderation,
4178 1744 4333 1864 qu’il
4405 1744 4489 1864 eſt
4560 1744 4692 1864 dit;
4776 1744 4967 1864 ALE-

2871 1864 3202 1993 XANDRE
3247 1864 3692 1993 augmente
3737 1864 3783 1993 le
3851 1864 4068 1993 poids
4136 1864 4193 1993 de
4239 1864 4284 1993 la
4353 1864 4660 1993 ſienne,
4740 1864 4786 1993 en
4877 1864 4968 1993 ta-

2842 1987 3103 2112 ſchant
3171 1987 3239 2112 de
3285 1987 3387 2112 les
3432 1987 3920 2112 tranſporter
3988 1987 4033 2112 en
4124 1987 4396 2112 dehors
4464 1987 4510 2112 du
4589 1987 4748 2112 bras
4850 1987 4952 2112 cõ-

2882 2115 2953 2241 me
3025 2115 3072 2241 on
3155 2115 3297 2241 voit
3345 2115 3404 2241 au
3522 2115 3759 2241 Cercle
3819 2115 4257 2241 enſuyvant
4364 2115 4399 2241 N.
4435 2115 4542 2241 11.)
4648 2115 4957 2241 Dequoy

2894 2236 3313 2367 ZACHARIE
3372 2236 3488 2367 luy
3570 2236 3989 2367 empeſche
4059 2236 4594 2367 l’execution,
4664 2236 4711 2367 en
4792 2236 4955 2367 aug-

2881 2358 3210 2487 mentant
3256 2358 3812 2487 pareillement
3868 2358 3914 2487 le
3982 2358 4107 2487 ſien
4186 2358 4708 2487 alencontre,
4765 2358 4957 2487 pour

2839 2481 2960 2613 luy
3021 2481 3349 2613 reſiſter.
3458 2481 4028 2613 ALEXANDRE
4113 2481 4222 2613 qui
4283 2481 4332 2613 en
4392 2481 4404 2613 a
4465 2481 4975 2613 l’advertiſſe-

2875 2607 3092 2738 ment,
3116 2607 3236 2738 luy
3284 2607 3537 2738 laſche
3586 2607 3622 2738 ſa
3670 2607 3899 2738 lame,
3947 2607 4284 2738 laquelle
4357 2607 4405 2738 en
4477 2607 4682 2738 vient
4730 2607 4730 2738 à
4790 2607 4971 2738 treſ-

2848 2730 3146 2857 bucher
3192 2730 3352 2857 plus
3410 2730 3467 2857 ou
3559 2730 3811 2857 moins,
3857 2730 3903 2857 en
3960 2730 4224 2857 faiſant
4281 2730 4729 2857 cependant
4786 2730 4958 2857 avec

2837 2854 2883 2956 la
2940 2854 3194 2956 ſienne
3251 2854 3309 2956 un
3389 2854 3654 2956 circuit
3724 2854 4058 2956 d’embas
4115 2854 4265 2956 vers
4311 2854 4369 2956 le
4415 2854 4645 2956 haut,
4691 2854 4691 2956 à
4749 2854 4956 2956 l’aide

2862 2975 2994 3100 d’un
3078 2975 3749 3100 deſtournement
3833 2975 3881 3100 du
3977 2975 4169 3100 coſté
4265 2975 4445 3100 droit
4529 2975 4576 3100 du
4660 2975 4876 3100 corps
4948 2975 4948 3100 à

2848 3101 3173 3225 tourner
3231 3101 3278 3225 en
3370 3101 3637 3225 dehors
3695 3101 3695 3225 à
3765 3101 3973 3225 pieds
4031 3101 4368 3225 fermes,
4426 3101 4472 3225 en
4542 3101 4739 3225 ſorte
4808 3101 4959 3225 qu’il

2836 3224 2961 3354 luy
3018 3224 3371 3354 preſente
3417 3224 3462 3354 la
3531 3224 3804 3354 pointe
3884 3224 3929 3354 en
4032 3224 4441 3354 courtoiſie
4533 3224 4806 3354 devant
4863 3224 4965 3354 les

2860 3348 3059 3478 yeux
3105 3348 3280 3478 avec
3327 3348 3385 3478 le
3432 3348 3595 3478 bras
3653 3348 4027 3478 eſtendu;
4097 3348 4388 3478 comme
4458 3348 4493 3478 il
4563 3348 4645 3478 eſt
4715 3348 4971 3478 repre-

2851 3477 3057 3593 ſenté
3105 3477 3250 3593 aux
3299 3477 3625 3593 figures.

3554 3594 3863 3751 Cercle
4128 3594 4394 3751 N.11.

3323 3804 3621 3930 Lprend
3670 3804 3769 3930 ſon
3844 3804 4129 3930 origine
4178 3804 4240 3930 au
4302 3804 4972 3930 precedentCer-

3310 3928 3400 4042 cle
3503 3928 3548 4042 N.
3627 3928 3661 4042 9.
3741 3928 3979 4042 eſtant
4047 3928 4218 4042 venu
4308 3928 4365 4042 au
4456 3928 4967 4042 commence-

3334 4052 3508 4176 ment
3578 4052 3636 4176 de
3683 4052 4136 4176 l’operation
4218 4052 4276 4176 du
4357 4052 4648 4176 dernier
4695 4052 4962 4176 prece-

3313 4173 3523 4297 dent,
3570 4173 3919 4297 aſſavoir,
3989 4173 4722 4297 qu’ALEXANDRE
4781 4173 4967 4297 com-

2873 4296 3119 4426 mence
3178 4296 3190 4426 à
3237 4296 3718 4426 augmenter
3753 4296 3812 4426 le
3859 4296 4082 4426 poids
4152 4296 4211 4426 de
4258 4296 4293 4426 ſa
4352 4296 4539 4426 lame
4586 4296 4962 4426 inferieu-

2850 4418 2909 4547 re
2968 4418 3157 4547 pour
3204 4418 3688 4547 tranſporter
3735 4418 3830 4547 les
3901 4418 4184 4547 eſpees,
4255 4418 4420 4547 dont
4468 4418 4503 4547 il
4550 4418 4562 4547 a
4621 4418 4763 4547 eſté
4822 4418 4964 4547 em-

2849 4543 3119 4672 peſché
3178 4543 3237 4672 au
3307 4543 3753 4672 precedent
3835 4543 3906 4672 de
3952 4543 4129 4672 faire
4199 4543 4739 4672 l’execution;
4809 4543 4962 4672 pre-

2847 4665 3302 4789 ſentement
3347 4665 3392 4789 le
3483 4665 3904 4789 Contraire,
3960 4665 4006 4789 en
4074 4665 4278 4789 uſant
4347 4665 4472 4789 d’un
4551 4665 4767 4789 poids
4846 4665 4971 4789 me-

2859 4790 3109 4914 diocre
3165 4790 3665 4914 alencontre,
3699 4790 3756 4914 le
3801 4790 3926 4914 luy
3983 4790 4347 4914 accorde.
4426 4790 4971 4914 ALEXANDRE

2874 4910 3053 5040 donc
3101 4910 3483 5040 avançant
3530 4910 3590 5040 le
3650 4910 3840 5040 coſté
3912 4910 4222 5040 gauche,
4258 4910 4652 5040 s’affermit
4711 4910 4759 5040 le
4807 4910 4962 5040 bras

2851 5033 2899 5160 au
2995 5033 3187 5160 coſté
3247 5033 3463 5160 droit,
3511 5033 3919 5160 cõtinuant
3967 5033 3979 5160 à
4039 5033 4292 5160 porter
4340 5033 4388 5160 le
4448 5033 4616 5160 pied
4676 5033 4964 5160 gauche

2858 5164 2903 5288 en
2982 5164 3195 5288 avant
3240 5164 3353 5288 ſur
3398 5164 3431 5288 la
3488 5164 3690 5288 ligne
3746 5164 4219 5288 traverſante
4264 5164 4702 5288 interieure
4758 5164 4961 5288 entre

2839 5283 2947 5408 les
2984 5283 3261 5408 lettres
3333 5283 3345 5408 S
3454 5283 3454 5408 &
3538 5283 3587 5408 R,
3635 5283 4238 5408 accompliſſant
4286 5283 4407 5408 par
4467 5283 4516 5408 ce
4600 5283 4841 5408 moyen
4914 5283 4962 5408 le

2852 5400 3233 5537 tranſport
3294 5400 3355 5537 de
3405 5400 3675 5537 l’eſpee
3736 5400 4178 5537 contraire,
4240 5400 4387 5537 qu’il
4448 5400 4829 5537 aſſujettit
4890 5400 4940 5537 en

2860 5535 3137 5672 dehors
3195 5535 3252 5672 du
3322 5535 3506 5672 bras;
3552 5535 3853 5672 comme
3899 5535 3991 5672 les
4037 5535 4326 5672 figures
4395 5535 4961 5672 demonſtrent.

3507 5670 3832 5823 Cercle
4048 5670 4372 5823 N.12.

3357 5874 3443 5997 Eſt
3504 5874 3540 5997 la
3638 5874 4151 5997 dependance
4224 5874 4285 5997 de
4346 5874 4383 5997 la
4432 5874 4969 5997 precedente;

3321 5998 3748 6120 continuée
3827 5998 3940 6120 par
4030 5998 4041 6120 A
4120 5998 4660 6120 LEXANDRE,
4738 5998 4783 6120 en
4851 5998 4974 6120 fai-

3312 6118 3468 6235 ſant
3503 6118 3862 6235 l’intrade
3910 6118 4089 6235 avec
4137 6118 4185 6235 le
4244 6118 4412 6235 pied
4483 6118 4698 6235 droit,
4818 6118 4830 6235 &
4890 6118 4949 6235 au

3342 6242 3588 6367 meſme
3644 6242 3901 6367 temps
3946 6242 4315 6367 tournant
4360 6242 4404 6367 le
4460 6242 4628 6367 bras
4684 6242 4964 6367 courbé

2853 6369 3040 6466 avec
3084 6369 3128 6466 la
3194 6369 3535 6466 branche
3601 6369 4041 6466 exterieure
4107 6369 4668 6466 contremont,
4788 6369 4788 6466 &
4843 6369 4964 6466 fai-

2856 6489 3012 6623 ſant
3060 6489 3108 6623 la
3192 6489 3635 6623 graduation
3743 6489 3851 6623 des
3935 6489 4222 6623 eſpees,
4270 6489 4318 6623 en
4402 6489 4594 6623 ſorte
4678 6489 4810 6623 que
4869 6489 4977 6623 les

2882 6611 3068 6745 deux
3138 6611 3394 6745 gardes
3441 6611 3488 6745 ſe
3546 6611 4082 6745 rencontrent
4128 6611 4163 6745 ſi
4221 6611 4687 6745 rudement,
4734 6611 4862 6745 que
4920 6611 4967 6745 le

2863 6735 3034 6840 bras
3095 6735 3631 6840 duContraire
3692 6735 3741 6840 en
3814 6735 3899 6840 eſt
3960 6735 4155 6840 forcé
4216 6735 4216 6840 à
4289 6735 4533 6840 ceder,
4631 6735 4631 6840 &
4679 6735 4692 6840 à
4740 6735 4972 6840 laiſſer

2894 6860 3179 6987 monter
3224 6860 3258 6987 la
3327 6860 3589 6987 pointe
3669 6860 3714 6987 en
3806 6860 4033 6987 haut,
4113 6860 4159 6987 en
4239 6860 4364 6987 luy
4444 6860 4786 6987 donnant
4865 6860 4968 6987 par

2859 6986 3035 7101 ainſi
3082 6986 3468 7101 l’atteinte
3527 6986 3702 7101 avec
3749 6986 3796 7101 le
3855 6986 4019 7101 bras
4089 6986 4429 7101 courbe,
4499 6986 4546 7101 en
4616 6986 4979 7101 plantant

4928 7107 4976 7199 le

1310 502 1616 665 Cercle
1943 502 2118 665 .8.

1054 718 1054 848 L
1134 718 1247 848 s’en
1349 718 1587 848 enſuit
1667 718 1984 848 encores
2064 718 2200 848 une
2257 718 2506 848 autre,
2586 718 2688 848 qui

1023 840 1376 970 procede
1437 840 1595 970 auſſi
1669 840 1778 970 des
1863 840 2168 970 meſmes
2265 840 2545 970 Cercles
2654 840 2691 970 N.

1034 966 1057 1092 2.
1159 966 1170 1092 &
1227 966 1261 1092 3.
1329 966 1759 1092 accordant
1838 966 1895 1092 en
1963 966 2235 1092 toutes
2291 966 2393 1092 les
2461 966 2676 1092 parti-

1029 1089 1402 1220 cularitez
1458 1089 1639 1220 avec
1673 1089 1718 1220 la
1774 1089 2316 1220 precedente;
2361 1089 2688 1220 horsmis

569 1214 701 1348 que
821 1214 821 1348 Z
893 1214 893 1348 A
977 1214 1313 1348 CHARIE
1373 1214 1493 1348 fait
1565 1214 1673 1348 icy
1732 1214 1792 1348 le
1864 1214 2560 1348 tranſportement
2620 1214 2680 1348 de

553 1336 832 1466 l’eſpee
890 1336 1274 1466 contraire
1344 1336 1391 1466 en
1484 1336 1763 1466 dehors
1821 1336 1879 1466 du
1949 1336 2112 1466 bras
2159 1336 2345 1466 avec
2391 1336 2554 1466 plus
2624 1336 2682 1466 de

571 1461 963 1593 violence,
1032 1461 1217 1593 qu’au
1321 1461 1563 1593 Cercle
1632 1461 1932 1593 dernier
1978 1461 2463 1593 precedent,
2520 1461 2682 1593 dont

554 1584 602 1717 ſa
651 1584 844 1717 lame
905 1584 1147 1717 eſtant
1195 1584 1498 1717 laſchée
1570 1584 1618 1717 en
1691 1584 1824 1717 fera
1885 1584 1945 1717 un
2018 1584 2187 1717 plus
2247 1584 2465 1717 grand
2514 1584 2695 1717 tres-

562 1708 1094 1812 buchement.
1219 1708 1797 1812 ALEXANDRE
1888 1708 2069 1812 donc
2137 1708 2580 1812 travaillant
2636 1708 2682 1812 là

574 1831 844 1968 deſſus,
943 1831 943 1968 &
1004 1831 1262 1968 faiſant
1311 1831 1692 1968 l’intrade,
1741 1831 2036 1968 comme
2085 1831 2479 1968 auCercle
2540 1831 2688 1968 pre-

564 1958 892 2092 cedent,
974 1958 1303 2092 conduit
1373 1958 1408 2092 ſa
1479 1958 1678 2092 lame
1748 1958 1748 2092 à
1807 1958 2018 2092 l’aide
2100 1958 2159 2092 du
2265 1958 2499 2092 coude
2570 1958 2687 2092 par

577 2079 811 2216 deſſus
858 2079 905 2216 ſa
963 2079 1198 2216 teſte,
1256 2079 1444 2216 pour
1503 2079 1550 2216 en
1667 2079 1913 2216 mener
1972 2079 2042 2216 un
2124 2079 2311 2216 coup
2394 2079 2687 2216 d’eſtra-

579 2206 820 2341 maçon
892 2206 904 2341 à
952 2206 1278 2341 l’oreille
1350 2206 1639 2341 gauche
1723 2206 1784 2341 de
1844 2206 2422 2341 l’Adverſaire;
2506 2206 2699 2341 com-

586 2332 657 2459 me
716 2332 810 2459 les
870 2332 1165 2459 figures
1236 2332 1815 2459 demonſtrent.

672 2457 745 2588 Le
805 2457 986 2588 coup
1059 2457 1300 2588 eſtant
1349 2457 1675 2588 achevé,
1711 2457 1747 2588 il
1783 2457 1832 2588 le
1892 2457 2158 2588 pourra
2218 2457 2689 2588 ſemblable-

580 2581 768 2712 ment
813 2581 1256 2712 redoubler
1311 2581 1367 2712 en
1433 2581 1466 2712 la
1555 2581 1810 2712 meſme
1865 2581 2098 2712 ſorte,
2153 2581 2275 2712 que
2330 2581 2530 2712 nous
2585 2581 2685 2712 ve-

549 2708 742 2831 nons
822 2708 878 2831 de
947 2708 1094 2831 dire
1162 2708 1208 2831 en
1276 2708 1787 2831 l’annotation
1866 2708 2400 2831 precedente.

1318 3179 1613 3342 Cercle
1824 3179 2076 3342 N.9.

1068 3390 1347 3520 Nvoicy
1416 3390 1788 3520 derechef
1847 3390 1905 3520 un
1974 3390 2218 3520 autre,
2265 3390 2381 3520 qui
2428 3390 2695 3520 proce-

1036 3515 1096 3643 de
1156 3515 1660 3643 pareillemẽt
1720 3515 1780 3643 de
1864 3515 1924 3643 ce
1996 3515 2705 3643 qu’ALEXANDRE

1025 3638 1107 3752 eſt
1190 3638 1355 3752 venu
1449 3638 1449 3752 à
1543 3638 1872 3752 marcher
1955 3638 2225 3752 devers
2260 3638 2308 3752 la
2390 3638 2696 3752 Troiſie-

1037 3764 1119 3894 me
1177 3764 1565 3894 Inſtance,
1611 3764 1799 3894 pour
1846 3764 2022 3894 faire
2069 3764 2538 3894 l’execution
2632 3764 2691 3894 de

550 3883 975 4020 l’eſtocade
1040 3883 1556 4020 repreſentée
1607 3883 1672 4020 au
1775 3883 2020 4020 Cercle
2123 3883 2226 4020 N.3.
2329 3883 2381 4020 Là
2458 3883 2703 4020 deſſus

600 4010 600 4147 Z
664 4010 1047 4147 ACHARIE
1111 4010 1239 4147 luy
1290 4010 1737 4147 tranſporte
1852 4010 1852 4147 &
1903 4010 2286 4147 aſſujettit
2338 4010 2606 4147 l’eſpee
2682 4010 2682 4147 à

581 4135 725 4274 main
820 4135 1059 4274 droite
1107 4135 1227 4274 par
1298 4135 1537 4274 deſſus
1585 4135 1633 4274 le
1729 4135 2099 4274 Diametre
2159 4135 2709 4274 perpendicu-

542 4259 765 4379 laire,
821 4259 865 4379 en
977 4259 1289 4379 mettant
1356 4259 1400 4379 la
1456 4259 1713 4379 ſienne
1779 4259 1969 4379 avec
2058 4259 2526 4379 moderation
2638 4259 2705 4379 de

547 4396 765 4512 force
825 4396 934 4512 par
1006 4396 1248 4512 deſſus
1297 4396 1357 4512 le
1454 4396 1817 4512 Diametre
1877 4396 2288 4512 principal.
2385 4396 2446 4512 Au
2542 4396 2700 4512 meſ-

584 4520 668 4638 me
715 4520 978 4638 temps
1062 4520 1635 4638 ALEXANDRE
1695 4520 1743 4638 ſe
1802 4520 2065 4638 plante
2113 4520 2161 4638 le
2209 4520 2388 4638 pied
2447 4520 2639 4638 droit
2686 4520 2698 4638 à

552 4643 590 4765 la
716 4643 1171 4765 Troiſieſme
1259 4643 1626 4765 Inſtance
1689 4643 1929 4765 lettre
2056 4643 2119 4765 N,
2195 4643 2245 4765 en
2334 4643 2599 4765 faiſant
2662 4643 2700 4765 la

563 4766 968 4888 pourſuite
1028 4766 1206 4888 avec
1254 4766 1302 4888 le
1361 4766 1528 4888 pied
1599 4766 1945 4888 gauche,
1981 4766 2255 4888 lequel
2314 4766 2362 4888 en
2421 4766 2481 4888 ſe
2553 4766 2695 4888 des-

554 4889 939 5013 tournant
1008 4889 1078 5013 un
1160 4889 1277 5013 peu
1358 4889 1405 5013 le
1498 4889 1685 5013 coſté
1778 4889 2058 5013 gauche
2151 4889 2198 5013 en
2291 4889 2617 5013 dehors,
2664 4889 2699 5013 il

562 5012 827 5140 aſſeoit
878 5012 979 5140 ſur
1029 5012 1295 5140 l’angle
1370 5012 1421 5140 du
1547 5012 1813 5140 Quarré
1876 5012 2318 5140 circonſcrit
2394 5012 2697 5140 marqué

576 5139 633 5248 de
689 5139 734 5248 la
779 5139 1016 5248 lettre
1117 5139 1173 5248 O,
1230 5139 1275 5248 en
1342 5139 1725 5248 tournant
1793 5139 2468 5248 enſemblement,
2513 5139 2694 5248 avec

553 5262 612 5385 le
658 5262 822 5385 bras
893 5262 1197 5385 eſtendu
1326 5262 1337 5385 &
1384 5262 1419 5385 la
1501 5262 1771 5385 pointe
1841 5262 1911 5385 un
1993 5262 2122 5385 peu
2227 5262 2696 5385 deſcendan-

567 5383 658 5492 te,
703 5383 748 5492 ſa
804 5383 1154 5492 branche
1199 5383 1640 5492 interieure
1707 5383 2170 5492 cõtremont
2215 5383 2227 5492 à
2272 5383 2317 5492 la
2396 5383 2689 5492 defenſe

592 5505 630 5636 du
718 5505 993 5636 viſage;
1069 5505 1131 5636 de
1182 5505 1382 5636 ſorte
1457 5505 1583 5636 que
1633 5505 2160 5636 l’Adverſaire
2210 5505 2285 5636 ne
2335 5505 2410 5636 l’y
2460 5505 2699 5636 puiſſe

561 5636 913 5756 toucher
969 5636 1026 5756 en
1094 5636 1162 5756 un
1230 5636 1377 5756 ſeul
1445 5636 1706 5756 temps
1774 5636 1831 5756 en
1921 5636 2159 5756 droite
2205 5636 2443 5756 ligne,
2545 5636 2692 5756 mais

584 5759 744 5885 qu’il
801 5759 927 5885 ſoit
1018 5759 1406 5885 contraint
1474 5759 1531 5885 de
1588 5759 1760 5885 faire
1817 5759 1885 5885 un
1965 5759 2239 5885 circuit
2319 5759 2593 5885 entour
2650 5759 2684 5885 la

588 5880 843 6012 garde,
891 5880 891 6012 à
976 5880 1182 6012 cauſe
1243 5880 1316 6012 de
1364 5880 1401 6012 la
1461 5880 1849 6012 branche;
1934 5880 2104 6012 dont
2164 5880 2201 6012 il
2261 5880 2504 6012 auroit
2577 5880 2698 6012 be-

566 6003 700 6134 ſoin
785 6003 846 6134 de
907 6003 1065 6134 plus
1138 6003 1198 6134 de
1259 6003 1514 6134 temps
1587 6003 1672 6134 s’il
1745 6003 1757 6134 y
1818 6003 2134 6134 vouluſt
2195 6003 2572 6134 toucher,
2693 6003 2705 6134 &

597 6128 1163 6252 ALEXANDRE
1230 6128 1285 6252 au
1374 6128 1751 6252 contraire
1807 6128 1973 6252 plus
2051 6128 2117 6252 de
2195 6128 2694 6252 commodité

564 6252 765 6385 pour
824 6252 931 6385 l’en
1037 6252 1451 6385 engarder,
1510 6252 1558 6385 en
1629 6252 2149 6385 pourſuivant
2209 6252 2599 6385 touſiours
2646 6252 2706 6385 le

564 6376 996 6506 ſentiment
1108 6376 1120 6506 &
1157 6376 1688 6506 l’aſſemblage
1750 6376 1873 6506 des
1910 6376 2169 6506 lames,
2268 6376 2268 6506 &
2330 6376 2367 6506 en
2441 6376 2700 6506 faiſant

596 6501 966 6631 derechef
1030 6501 1081 6631 le
1157 6501 1553 6631 tranſport
1681 6501 1681 6631 &
1745 6501 2498 6631 l’aſſujettiſſement
2574 6501 2587 6631 à
2651 6501 2702 6631 ſa

601 6645 736 6735 main
826 6645 1096 6735 droite.

754 6747 974 6881 Notez
1047 6747 1388 6881 d’autant
1462 6747 1596 6881 que
1657 6747 1718 6881 le
1766 6747 1937 6881 bras
2035 6747 2047 6881 &
2108 6747 2157 6881 la
2218 6747 2486 6881 pointe
2547 6747 2693 6881 d’A.

566 6874 953 7003 lexandre
1024 6874 1399 7003 viennent
1446 6874 1458 7003 à
1528 6874 1963 7003 reſpondre
2045 6874 2092 7003 en
2186 6874 2373 7003 ceſte
2444 6874 2678 7003 aion

580 7002 743 7133 tout
847 7002 1335 7133 droitement
1417 7002 1672 7133 contre
1742 7002 1835 7133 les
1928 7002 2126 7133 yeux
2207 7002 2253 7133 du
2346 7002 2695 7133 peintre,
