5520 7640
2928 492 3039 643 qui
3089 492 3349 643 reſiſte
3399 492 3461 643 au
3523 492 4254 643 tranſportement,
4303 492 4341 643 la
4427 492 4675 643 quitte
4749 492 4787 643 en
4861 492 5059 643 ſorte

2923 615 3192 765 qu’elle
3240 615 3680 765 tresbuche
3741 615 3741 765 à
3802 615 3900 765 ſon
3986 615 4181 765 coſté
4255 615 4584 765 gauche;
4645 615 4707 765 au
4804 615 5061 765 meſme

2912 741 3167 893 temps
3216 741 3252 893 il
3313 741 3507 893 entre
3580 741 3749 893 avec
3798 741 3859 893 le
3907 741 4089 893 pied
4150 741 4441 893 gauche
4490 741 4599 893 fur
4647 741 4696 893 le
4793 741 5072 893 Diame-

2912 870 3019 1020 tre
3079 870 3317 1020 lettre
3424 870 3484 1020 V,
3555 870 4080 1020 pourſuivant
4151 870 4151 1020 à
4223 870 4675 1020 l’advenant
4759 870 4937 1020 avec
5009 870 5057 1020 le

2908 994 3089 1141 pied
3149 994 3367 1141 droit,
3451 994 3463 1141 &
3512 994 3765 1141 faiſant
3838 994 4477 1141 enſemblement
4538 994 4707 1141 avec
4767 994 4803 1141 ſa
4888 994 5033 1141 main

2930 1122 3217 1273 gauche
3277 1122 3516 1273 prinſe
3588 1122 3660 1273 de
3708 1122 3743 1273 la
3827 1122 4042 1273 garde
4114 1122 4533 1273 contraire,
4628 1122 4640 1273 &
4688 1122 5071 1273 tournant

2910 1247 2946 1398 ſa
3032 1247 3313 1398 propre
3386 1247 3606 1398 eſpee
3692 1247 4034 1398 d’embas
4107 1247 4266 1398 vers
4327 1247 4376 1398 le
4437 1247 4657 1398 haut,
4718 1247 5060 1398 laquelle

2911 1373 2948 1518 il
2984 1373 3327 1518 affermit
3389 1373 3389 1518 à
3450 1373 3548 1518 ſon
3646 1373 3842 1518 coſté
3916 1373 4149 1518 droit,
4259 1373 4271 1518 &
4333 1373 4382 1518 en
4480 1373 4614 1518 met
4663 1373 4712 1518 la
4786 1373 5056 1518 pointe

2910 1499 2969 1644 au
3052 1499 3159 1644 col
3218 1499 3278 1644 de
3325 1499 3883 1644 l’Adverſaire,
3942 1499 3989 1644 en
4084 1499 4405 1644 mettant
4452 1499 4499 1644 le
4559 1499 4737 1644 pied
4808 1499 4986 1644 droit
5045 1499 5045 1644 à

2913 1626 3113 1769 terre
3162 1626 3287 1769 par
3350 1626 3487 1769 delà
3537 1626 3587 1769 le
3687 1626 4073 1769 Diametre
4123 1626 4123 1769 à
4186 1626 4223 1769 la
4273 1626 4510 1769 lettre
4572 1626 4622 1769 I,
4735 1626 4735 1769 &
4797 1626 5059 1769 faiſant

2908 1746 2945 1898 la
3017 1746 3296 1898 charge
3369 1746 3430 1898 du
3515 1746 3733 1898 corps
3782 1746 4085 1898 panché
4158 1746 4522 1898 alenvers
4595 1746 4692 1898 ſur
4765 1746 4813 1898 le
4910 1746 5068 1898 meſ-

2939 1878 3056 2026 me;
3114 1878 3416 2026 comme
3474 1878 3521 2026 on
3590 1878 3648 2026 le
3707 1878 3858 2026 voit
3904 1878 4369 2026 repreſenté
4439 1878 4485 2026 en
4555 1878 4590 2026 la
4648 1878 4939 2026 figure.

3638 2035 3974 2192 Cercle
4176 2035 4444 2192 N..

3402 2234 3900 2374 LEXANDRE
3971 2234 4327 2374 pourſuit
4398 2234 4931 2374 l’operation,
4991 2234 5038 2374 en

3376 2357 3603 2502 tirant
3653 2357 3703 2502 la
3766 2357 3993 2502 garde
4106 2357 4106 2502 &
4156 2357 4420 2502 l’eſpee
4496 2357 4822 2502 cõtraire
4873 2357 4885 2502 à
4936 2357 5049 2502 ſoy

3374 2484 3552 2630 avec
3599 2484 3659 2630 le
3730 2484 3943 2630 corps
4015 2484 4323 2630 panché
4382 2484 4382 2630 à
4454 2484 4845 2630 l’envers,
4964 2484 4964 2630 &
5011 2484 5071 2630 le

3381 2607 3545 2751 pied
3608 2607 3897 2751 gauche
3960 2607 4225 2751 eſlevé,
4250 2607 4527 2751 lequel
4565 2607 4603 2751 il
4653 2607 4704 2751 va
4766 2607 5069 2751 planter

2904 2731 2916 2884 à
2975 2731 3355 2884 reculons
3402 2731 3509 2884 ſur
3557 2731 3604 2884 le
3711 2731 4079 2884 Diametre
4138 2731 4198 2884 au
4269 2731 4495 2884 point
4590 2731 4637 2884 R,
4685 2731 4732 2884 en
4803 2731 5076 2884 faiſant

2905 2865 3250 2998 l’intrade
3361 2865 3373 2998 &
3423 2865 3460 2998 la
3534 2865 3805 2998 charge
3866 2865 3928 2998 du
4002 2865 4224 2998 corps
4273 2865 4458 2998 avec
4507 2865 4557 2998 le
4618 2865 4791 2998 pied
4853 2865 5074 2998 droit,

2963 2990 2975 3110 &
3047 2990 3370 3110 bleſſant
3417 2990 3477 3110 le
3585 2990 3979 3110 Contraire
4051 2990 4111 3110 au
4242 2990 4493 3110 meſme
4577 2990 4840 3110 temps
4924 2990 5055 3110 d’un

2913 3120 3092 3247 coup
3175 3120 3616 3247 d’eſtocade
3664 3120 3676 3247 à
3736 3120 4046 3247 pouſſer
4117 3120 4165 3247 en
4236 3120 4558 3247 rigueur
4606 3120 4606 3247 à
4678 3120 4976 3247 travers
5023 3120 5059 3247 la

2901 3251 3134 3375 teſte;
3183 3251 3355 3375 ainſi
3417 3251 3613 3375 qu’on
3699 3251 3847 3375 voit
3896 3251 4043 3375 aux
4092 3251 4424 3375 figures.

623 532 675 678 le
727 532 896 678 pied
961 532 1195 678 eſlevé
1247 532 1351 678 ſur
1390 532 1442 678 le
1559 532 1806 678 Quarré
1884 532 2325 678 circonſcrit
2364 532 2598 678 lettre
2728 532 2728 678 V

634 655 956 806 dequoy
1006 655 1031 806 il
1093 655 1142 806 en
1216 655 1328 806 fait
1378 655 1898 806 l’execution,
1948 655 1997 806 en
2059 655 2183 806 luy
2245 655 2605 806 pouſſant
2642 655 2741 806 l’e-

624 783 938 907 ſtocade
993 783 1005 907 à
1061 783 1363 907 travers
1407 783 1441 907 la
1508 783 1743 907 teſte;
1810 783 2112 907 comme
2180 783 2224 907 on
2303 783 2347 907 le
2415 783 2560 907 voit
2616 783 2750 907 aux

618 911 948 1054 figures;
1009 911 1399 1054 eſquelles
1436 911 1472 1054 ſi
1533 911 1716 1054 vous
1777 911 2119 1054 trouvez
2192 911 2240 1054 le
2314 911 2484 1054 pied
2558 911 2740 1054 droit

644 1033 1162 1180 d’Alexandre
1222 1033 1475 1180 planté
1523 1033 1620 1180 fur
1668 1033 1716 1180 le
1812 1033 2222 1180 Diametre,
2258 1033 2535 1180 ſachez
2583 1033 2752 1180 tou-

616 1159 901 1304 tesfois
972 1159 1126 1304 qu’il
1174 1159 1269 1304 eſt
1316 1159 1482 1304 plus
1542 1159 2028 1304 convenient
2087 1159 2158 1304 de
2206 1159 2253 1304 le
2336 1159 2597 1304 mettre
2645 1159 2751 1304 ſur

610 1289 673 1427 le
775 1289 1040 1427 Quarré
1103 1289 1584 1427 circonſcrit,
1635 1289 1939 1427 ſuivant
1989 1289 2027 1427 la
2103 1289 2609 1427 deſcription.

1349 1449 1668 1615 Cercle
1966 1449 2157 1615 .13.

1119 1634 1218 1771 Vſſi
1280 1634 1738 1771 l’operation
1837 1634 1899 1771 de
1973 1634 2022 1771 ce
2134 1634 2381 1771 Cercle
2430 1634 2740 1771 preſent

1079 1762 1435 1897 procede
1506 1762 1554 1897 en
1637 1762 1826 1897 ſuite
1898 1762 1957 1897 de
2088 1762 2242 1897 N.9;
2360 1762 2740 1897 ALEXAN-

1102 1884 1230 2018 DRE
1311 1884 1543 2018 eſtant
1625 1884 1671 2018 en
1764 1884 1915 2018 ae
2008 1884 2066 2018 de
2136 1884 2636 2018 tranſporter
2694 1884 2729 2018 la

1069 2007 1260 2137 lame
1328 2007 1711 2137 contraire
1756 2007 1767 2137 à
1858 2007 2004 2137 main
2083 2007 2320 2137 droite
2376 2007 2748 2137 pourl’aſ-

601 2134 947 2259 ſujettir,
995 2134 1293 2259 comme
1353 2134 1401 2259 au
1508 2134 1759 2259 Cercle
1807 2134 2260 2259 precedent
2367 2134 2499 2259 N.11.
2546 2134 2546 2259 à
2606 2134 2737 2259 l’ai-

625 2265 685 2386 de
756 2265 816 2386 de
875 2265 911 2386 la
983 2265 1400 2386 demarche
1483 2265 1543 2386 du
1614 2265 1781 2386 pied
1853 2265 2187 2386 gauche:
2306 2265 2306 2386 Z
2366 2265 2747 2386 ACHARIE

603 2380 1059 2521 augmente
1107 2380 1251 2521 fort
1299 2380 1359 2521 le
1407 2380 1635 2521 poids
1695 2380 1755 2521 de
1815 2380 1851 2521 ſa
1899 2380 2127 2521 lame,
2199 2380 2391 2521 pour
2439 2380 2739 2521 reſiſter

597 2498 609 2647 à
657 2498 932 2647 l’eſpee
1016 2498 1398 2647 contraire
1470 2498 1577 2647 qui
1637 2498 1721 2647 eſt
1781 2498 1828 2647 ja
1912 2498 2211 2647 montée
2294 2498 2342 2647 en
2414 2498 2593 2647 haut
2677 2498 2725 2647 en

591 2623 861 2765 faiſant
917 2623 973 2765 le
1063 2623 1817 2765 tranſportement;
1907 2623 2211 2765 comme
2290 2623 2346 2765 on
2436 2623 2593 2765 voit
2672 2623 2717 2765 en

598 2754 802 2903 leurs
850 2754 1137 2903 figures
1209 2754 1412 2903 qu’ils
1460 2754 1580 2903 s’en
1675 2754 2130 2903 debattent.

1323 2931 1636 3086 Cercle
1886 2931 2199 3086 N14.

821 3128 882 3331 En
958 3128 1202 3331 eſticy
1247 3128 1293 3331 la
1339 3128 1780 3331 pourſuite.
1840 3128 2388 3331 ALEXANDRE
2434 3128 2738 3331 ſentant

780 3249 1438 3380 l’augmentation
1521 3249 1591 3380 de
1650 3249 1861 3380 force
1932 3249 1979 3380 en
2049 3249 2308 3380 l’eſpee
2378 3249 2743 3380 cõtraire,

1629 3483 2017 3693 Hiſtoire
2099 3483 2897 3693 teſmoignede
3000 3483 3368 3693 Fabius
3552 3483 4023 3693 Maxmus
4186 3483 4575 3693 General
4677 3483 4759 3693 de
4841 3483 5107 3693 l’Ar-

1501 3692 1642 3837 mee
1740 3692 2177 3837 Romaine,
2233 3692 2430 3837 qu’en
2500 3692 2852 3837 trainant
2909 3692 3275 3837 l’Armee
3359 3692 3415 3837 de
3556 3692 3922 3837 Hannibal
3979 3692 4021 3837 il
4077 3692 4077 3837 a
4162 3692 4499 3837 redreſſé
4556 3692 4612 3837 la
4725 3692 5091 3837 Republi-

1499 3834 1659 3982 que:
1779 3834 1886 3982 Vnus
1952 3834 2086 3982 homo
2126 3834 2259 3982 nobis
2312 3834 2886 3982 cuntandoreſtituit
2939 3834 3059 3982 rem.
3206 3834 3446 3982 Noſtre
3539 3834 3926 3982 Eſcholier
3979 3834 4032 3982 ſe
4099 3834 4246 3982 doit
4312 3834 4686 3982 propoſer
4739 3834 5086 3982 ſembla-

1474 3975 1856 4124 blement
1912 3975 2435 4124 d’apprendre
2492 3975 2605 4124 ſur
2647 3975 2831 4124 tout
2887 3975 2887 4124 à
2986 3975 3368 4124 meſnager
3424 3975 3523 4124 ſes
3566 3975 3848 4124 forces.
3933 3975 4145 4124 Auſsi
4188 3975 4287 4124 n’a
4357 3975 4385 4124 il
4428 3975 4640 4124 nulle
4696 3975 4923 4124 raiſon
5021 3975 5078 4124 de

1483 4120 1525 4265 ſe
1582 4120 1838 4265 haſter
1909 4120 2179 4265 durant
2250 4120 2335 4265 les
2392 4120 2832 4265 premieres
2889 4120 3387 4265 approches,
3444 4120 3557 4265 par
3628 4120 3685 4265 ce
3756 4120 3927 4265 qu’il
3983 4120 4055 4265 ne
4126 4120 4310 4265 ſçait
4381 4120 4623 4265 quelle
4694 4120 5063 4265 ſituation

581 4260 1130 4408 l’Adverſaire
1208 4260 1352 4408 doit
1404 4260 1770 4408 prendre,
1809 4260 1900 4408 s’il
1966 4260 2109 4408 doit
2162 4260 2554 4408 travailler
2606 4260 2776 4408 viſte
2841 4260 2906 4408 ou
2972 4260 3481 4408 lentement,
3547 4260 3586 4408 en
3664 4260 3926 4408 avant,
3991 4260 4043 4408 ou
4135 4260 4174 4408 en
4278 4260 4579 4408 arriere.
4722 4260 4788 4408 Ce
4853 4260 5075 4408 ſeroit

618 4396 807 4543 donc
861 4396 997 4543 une
1064 4396 1429 4543 temerité
1524 4396 1956 4543 manifeſte.
2037 4396 2105 4543 Et
2172 4396 2240 4543 de
2294 4396 2456 4543 vray
2524 4396 2713 4543 ceux
2780 4396 2889 4543 qui
2943 4396 2983 4543 ſe
3051 4396 3429 4543 tiennent
3483 4396 3483 4543 à
3537 4396 3578 4543 la
3672 4396 4024 4543 Pratique
4091 4396 4470 4543 vulgaire,
4524 4396 4983 4543 confeſſent
5024 4396 5078 4543 le

630 4540 940 4683 meſme.
1075 4540 1211 4683 Mais
1251 4540 1670 4683 touchant
1710 4540 1805 4683 les
1859 4540 2129 4683 pauſes
2197 4540 2332 4683 que
2386 4540 2575 4683 nous
2629 4540 3089 4683 requerons
3129 4540 3197 4683 au
3305 4540 3521 4683 milieu
3615 4540 3683 4683 de
3724 4540 3764 4683 la
3832 4540 4183 4683 bataille,
4223 4540 4264 4683 il
4304 4540 4467 4683 leur
4521 4540 4818 4683 ſemble
4899 4540 5088 4683 qu’ils

609 4680 729 4823 ont
822 4680 1103 4823 grande
1170 4680 1504 4823 occaſion
1624 4680 1704 4823 d’y
1771 4680 2265 4823 contredire.
2385 4680 2492 4823 Car
2559 4680 2626 4823 ils
2706 4680 3187 4823 objeent,
3267 4680 3400 4823 que
3441 4680 3481 4823 la
3574 4680 3895 4823 vioire
3962 4680 4309 4823 s’envole
4376 4680 4376 4823 à
4456 4680 4736 4823 toutes
4790 4680 4883 4823 les
4950 4680 5084 4823 fois

620 4821 816 4968 qu’on
881 4821 921 4968 la
986 4821 1273 4968 refuſe,
1365 4821 1378 4968 &
1443 4821 1574 4968 que
1626 4821 1848 4968 touts
1888 4821 1979 4968 les
2044 4821 2214 4968 clins
2280 4821 2502 4968 d’oeil
2567 4821 2763 4968 qu’on
2855 4821 2894 4968 ſe
2959 4821 3299 4968 retarde,
3351 4821 3521 4968 ſont
3586 4821 3874 4968 autant
3952 4821 4018 4968 de
4083 4821 4396 4968 fautes;
4449 4821 4645 4968 pour
4710 4821 4762 4968 ce
4854 4821 5063 4968 qu’on

598 4959 682 5110 ne
738 4959 919 5110 peut
1003 4959 1269 5110 mettre
1310 4959 1771 5110 l’Ennemy
1841 4959 1883 5110 en
1981 4959 2372 5110 desordre,
2399 4959 2609 5110 ſinon
2693 4959 2804 5110 par
2846 4959 2888 5110 la
2958 4959 3279 5110 viſteſſe,
3349 4959 3405 5110 de
3461 4959 3670 5110 façon
3768 4959 3935 5110 qu’il
3991 4959 4061 5110 ne
4117 4959 4340 5110 ſache
4424 4959 4480 5110 de
4550 4959 4787 5110 quelle
4857 4959 5010 5110 part
5052 4959 5094 5110 il

590 5099 792 5249 nous
855 5099 1069 5249 doive
1119 5099 1547 5249 attendre:
1661 5099 1673 5249 &
1711 5099 1749 5249 ſi
1799 5099 2001 5249 nous
2051 5099 2391 5249 penſons
2467 5099 2555 5249 d’y
2605 5099 2769 5249 aller
2819 5099 3335 5249 autrement,
3398 5099 3524 5249 que
3575 5099 3776 5249 nous
3852 5099 3927 5249 ne
4003 5099 4267 5249 ferons
4330 5099 4456 5249 rien
4557 5099 4670 5249 qui
4720 5099 4960 5249 vaille,
4997 5099 5073 5249 ny

608 5238 795 5389 pour
875 5238 1262 5389 offenſer,
1328 5238 1408 5389 ny
1488 5238 1675 5389 pour
1781 5238 2208 5389 defendre,
2301 5238 2634 5389 d’autant
2728 5238 2848 5389 que
2914 5238 2954 5389 la
3034 5238 3434 5389 tardiveté
3501 5238 3581 5389 ne
3634 5238 3914 5389 pourra
3981 5238 4167 5389 eſtre
4220 5238 4594 5389 baſtante
4660 5238 4674 5389 à
4740 5238 5073 5389 rencon-

596 5373 743 5534 trer
811 5373 985 5534 tant
1066 5373 1133 5534 de
1200 5373 1845 5534 fretillements,
1926 5373 2033 5534 qui
2100 5373 2449 5534 paſſent,
2570 5373 2584 5534 &
2637 5373 3108 5534 repaſſent,
3229 5373 3229 5534 &
3296 5373 3645 5534 arrivent
3726 5373 3954 5534 avant
4048 5373 4236 5534 qu’on
4330 5373 4424 5534 les
4491 5373 4733 5534 puiſſe
4800 5373 5096 5534 attein-

626 5518 759 5662 dre.
852 5518 906 5662 Ie
972 5518 1292 5662 reſpons
1385 5518 1505 5662 que
1572 5518 1625 5662 ce
1679 5518 1865 5662 n’eſt
1919 5518 2025 5662 pas
2079 5518 2332 5662 noſtre
2385 5518 2785 5662 intention
2891 5518 2945 5662 de
3011 5518 3225 5662 priſer
3278 5518 3318 5662 la
3398 5518 3598 5662 ſeule
3665 5518 4064 5662 tardiveté
4144 5518 4251 5662 des
4304 5518 4624 5662 aions
4731 5518 4731 5662 &
4811 5518 4851 5662 en
4957 5518 5091 5662 des-

601 5651 837 5809 priſer
879 5651 921 5809 la
990 5651 1338 5809 viſteſſe:
1449 5651 1588 5809 mais
1658 5651 1783 5809 que
1839 5651 2033 5809 l’une
2103 5651 2117 5809 y
2186 5651 2339 5809 doit
2381 5651 2590 5809 avoir
2645 5651 2687 5809 ſa
2756 5651 3021 5809 place,
3076 5651 3271 5809 auſsi
3327 5651 3480 5809 bien
3577 5651 3702 5809 que
3772 5651 4064 5809 l’autre,
4175 5651 4175 5809 &
4244 5651 4370 5809 que
4439 5651 4536 5809 les
4592 5651 5093 5809 aſſeurances

610 5794 1069 5952 procedent
1134 5794 1200 5952 de
1266 5794 1305 5952 la
1370 5794 1816 5952 tardiveté,
1882 5794 2209 5952 comme
2249 5794 2353 5952 les
2406 5794 2891 5952 executions
2969 5794 3035 5952 de
3087 5794 3140 5952 la
3205 5794 3546 5952 viſteſſe;
3625 5794 4070 5952 reprenant
4162 5794 4346 5952 ceux
4424 5794 4542 5952 qui
4608 5794 5093 5952 n’eſtiment

603 5932 737 6090 rien
818 5932 1100 6090 valable
1154 5932 1221 6090 au
1288 5932 1450 6090 prix
1517 5932 1705 6090 d’elle
1759 5932 1988 6090 ſeule.
2095 5932 2149 6090 Ce
2216 5932 2283 6090 ne
2337 5932 2512 6090 ſont
2566 5932 2687 6090 pas
2727 5932 2821 6090 les
2862 5932 3480 6090 branſlements
3574 5932 3628 6090 du
3709 5932 3924 6090 bras,
3978 5932 4072 6090 ny
4126 5932 4179 6090 le
4260 5932 4784 6090 cliquement
4879 5932 4973 6090 des
5053 5932 5094 6090 e-

605 6071 844 6224 ſpees,
884 6071 977 6224 ny
1030 6071 1123 6224 les
1163 6071 1760 6224 impetuoſitez
1827 6071 1893 6224 du
1973 6071 2212 6224 corps,
2265 6071 2358 6224 ny
2398 6071 2491 6224 les
2544 6071 3075 6224 battements
3141 6071 3248 6224 des
3301 6071 3513 6224 pieds
3593 6071 3713 6224 qui
3779 6071 4137 6224 donnent
4191 6071 4284 6224 les
4337 6071 4748 6224 atteintes,
4815 6071 4868 6224 ce
4921 6071 5094 6224 ſont

632 6209 737 6376 des
777 6209 1105 6376 ſimples
1183 6209 1774 6376 mouvements:
1839 6209 1931 6376 les
1997 6209 2325 6376 grandes
2377 6209 2968 6376 preparations,
3007 6209 3086 6376 ne
3138 6209 3309 6376 ſont
3388 6209 3506 6376 pas
3545 6209 3545 6376 à
3637 6209 4031 6376 craindre,
4109 6209 4267 6376 mais
4306 6209 4398 6376 les
4477 6209 4752 6376 grands
4818 6209 5093 6376 coups,

611 6348 806 6516 pour
848 6348 1196 6516 leſquels
1252 6348 1642 6516 effeuer
1697 6348 1739 6516 il
1781 6348 1865 6516 ne
1934 6348 2087 6516 faut
2171 6348 2644 6516 qu’aſſeurer
2714 6348 2798 6516 ſes
2867 6348 3383 6516 approches,
3438 6348 3717 6516 juſquà
3800 6348 3967 6516 tant
4051 6348 4260 6516 qu’on
4343 6348 4427 6516 ait
4497 6348 4538 6516 le
4650 6348 4900 6516 moyen
5026 6348 5082 6516 de

615 6486 951 6644 prendre
1021 6486 1161 6644 une
1217 6486 1413 6644 ſeule
1469 6486 1609 6644 fois
1651 6486 1693 6644 le
1749 6486 2015 6644 temps
2085 6486 2085 6644 à
2169 6486 2267 6644 ſon
2365 6486 2798 6644 avantage.
2938 6486 3106 6644 Voilà
3190 6486 3232 6644 la
3330 6486 3652 6644 maniere
3750 6486 4170 6644 d’offenſer
4254 6486 4506 6644 voſtre
4603 6486 5093 6644 Adverſaire,

632 6624 1087 6784 conjoine
1142 6624 1322 6784 avec
1377 6624 1625 6784 voſtre
1680 6624 1970 6784 propre
2039 6624 2384 6784 defenſe,
2411 6624 2480 6784 au
2535 6624 2659 6784 lieu
2756 6624 2811 6784 de
2908 6624 3087 6784 ceſte
3170 6624 3459 6784 grande
3528 6624 3818 6784 viſteſſe
3914 6624 4025 6784 qui
4094 6624 4149 6784 en
4245 6624 4328 6784 eſt
4411 6624 4632 6784 toute
4728 6624 5087 6784 deſnuée,

630 6766 738 6913 par
819 6766 860 6913 ce
941 6766 1197 6913 qu’elle
1251 6766 1346 6913 n’a
1413 6766 1535 6913 pas
1589 6766 1643 6913 le
1683 6766 1886 6913 loiſir
1953 6766 2426 6913 d’examiner
2480 6766 2561 6913 les
2614 6766 2925 6913 aions
2992 6766 3046 6913 du
3181 6766 3613 6913 Contraire.
