5520 7640
1131 1314 2538 1501 DECLARATION
2782 1314 3027 1501 DES
3271 1314 4454 1501 OPERATIONS

1939 1530 2055 1678 DV
2229 1530 2852 1678 TABLEAV
2997 1530 3649 1678 SEIZIEME.

1571 1747 1953 1975 Toutes
2033 1747 2153 1975 les
2254 1747 2435 1975 fois
2555 1747 2836 1975 qu’on
2957 1747 3077 1975 eſt
3157 1747 3619 1975 ſurprins
3740 1747 3920 1975 d’un
4061 1747 4362 1975 grand
4503 1747 4944 1975 danger,

1496 1954 1657 2110 c’eſt
1725 1954 1940 2110 choſe
2020 1954 2410 2110 naturelle
2477 1954 2544 2110 de
2612 1954 2988 2110 s’arreſter
3055 1954 3216 2110 tout
3310 1954 3552 2110 court,
3619 1954 3808 2110 pour
3875 1954 4332 2110 conſiderer
4372 1954 4426 2110 le
4506 1954 4748 2110 moyen
4856 1954 4910 2110 de

1482 2102 1522 2245 ſa
1628 2102 1974 2245 defenſe;
2094 2102 2094 2245 &
2160 2102 2387 2245 avant
2453 2102 2573 2245 que
2653 2102 2706 2245 de
2759 2102 3012 2245 l’avoir
3065 2102 3225 2245 fait,
3265 2102 3305 2245 il
3358 2102 3664 2245 ſemble
3730 2102 3930 2245 qu’on
3996 2102 4089 2245 ait
4156 2102 4249 2245 les
4329 2102 4542 2245 mains
4595 2102 4914 2245 comme

1484 2239 1677 2384 liées,
1774 2239 1788 2384 &
1829 2239 1926 2384 les
1982 2239 2189 2384 pieds
2258 2239 2452 2384 quaſi
2521 2239 2977 2384 engourdis.
3171 2239 3268 2384 Car
3309 2239 3365 2384 je
3448 2239 3641 2384 croy,
3711 2239 3877 2384 qu’il
3932 2239 4029 2384 n’y
4112 2239 4112 2384 a
4167 2239 4513 2384 homme
4568 2239 4623 2384 au
4734 2239 4928 2384 mon-

1496 2375 1592 2523 de,
1675 2375 1785 2523 qui
1826 2375 1881 2523 ſe
1950 2375 2184 2523 puiſſe
2225 2375 2596 2523 adonner
2665 2375 2692 2523 ſi
2747 2375 3352 2523 furieuſement
3421 2375 3421 2523 à
3490 2375 3531 2523 la
3600 2375 3902 2523 courſe,
3957 2375 4122 2523 qu’il
4164 2375 4246 2523 ne
4301 2375 4356 2523 la
4411 2375 4686 2523 rompe
4741 2375 4920 2523 tout

1475 2514 1475 2663 à
1539 2514 1886 2663 l’inſtant
1975 2514 2284 2663 meſme,
2386 2514 2579 2663 qu’on
2656 2514 2784 2663 luy
2848 2514 3118 2663 jettera
3182 2514 3195 2663 à
3246 2514 3773 2663 l’impourveu
3863 2514 4004 2663 une
4055 2514 4299 2663 pierre
4363 2514 4415 2663 ou
4492 2514 4569 2663 un
4633 2514 4903 2663 baſton

576 2653 576 2801 à
643 2653 925 2801 travers
992 2653 1086 2801 les
1154 2653 1490 2801 jambes.
1637 2653 1879 2801 Quelle
1987 2653 2135 2801 main
2229 2653 2605 2801 neceſſera
2699 2653 3035 2801 d’eſcrire
3102 2653 3183 2801 s’il
3237 2653 3290 2801 ſe
3371 2653 3573 2801 vient
3626 2653 4030 2801 preſenter
4083 2653 4218 2801 aux
4285 2653 4473 2801 yeux
4540 2653 4607 2801 un
4688 2653 4930 2801 horri-

578 2789 685 2936 ble
752 2789 1193 2936 ſpeable,
1246 2789 1313 2936 ou
1406 2789 1660 2936 qu’elle
1727 2789 2154 2936 reſolution
2248 2789 2288 2936 ſi
2341 2789 2635 2936 ferme,
2715 2789 2835 2936 qui
2875 2789 2955 2936 ne
3022 2789 3156 2936 ſoit
3223 2789 3757 2936 incontinent
3837 2789 4238 2936 troublée,
4318 2789 4571 2936 quand
4625 2789 4678 2936 le
4772 2789 4932 2936 dan-

595 2933 695 3083 ger
758 2933 896 3083 non
984 2933 1324 3083 attendu
1424 2933 1462 3083 la
1550 2933 1927 3083 traverſe?
2141 2933 2204 3083 La
2317 2933 2581 3083 meſme
2656 2933 2883 3083 raiſon
3008 2933 3109 3083 qui
3184 2933 3373 3083 nous
3436 2933 3700 3083 induit
3775 2933 3788 3083 à
3863 2933 4240 3083 travailler
4303 2933 4781 3083 lentement
4844 2933 4907 3083 au

591 3071 1348 3216 commencement
1425 3071 1515 3216 des
1567 3071 2055 3216 approches,
2106 3071 2260 3216 c’eſt
2325 3071 2492 3216 celle
2569 3071 2684 3216 qui
2736 3071 2928 3216 nous
2993 3071 3339 3216 advertit
3391 3071 3956 3216 pareillement
4033 3071 4097 3216 de
4149 3071 4521 3216 travailler
4572 3071 4752 3216 avec
4816 3071 4932 3216 cir-

610 3207 1127 3354 conſpeion
1213 3207 1271 3354 au
1400 3207 1616 3354 milieu
1731 3207 1774 3354 de
1845 3207 1889 3354 la
1960 3207 2305 3354 bataille.
2478 3207 2665 3354 Tout
2751 3207 2751 3354 y
2823 3207 2909 3354 eſt
2966 3207 3139 3354 plein
3254 3207 3311 3354 de
3397 3207 3742 3354 dangers,
3800 3207 3986 3354 plein
4101 3207 4145 3354 de
4216 3207 4619 3354 traverſes.
4791 3207 4935 3354 Mais

582 3345 859 3494 autant
943 3345 1109 3494 qu’il
1178 3345 1262 3494 eſt
1331 3345 1650 3494 naturel
1733 3345 1789 3494 de
1872 3345 2038 3494 faire
2122 3345 2219 3494 ces
2288 3345 2607 3494 pauſes,
2690 3345 2982 3494 autant
3051 3345 3148 3494 eſt
3204 3345 3245 3494 il
3301 3345 3717 3494 neceſſaire
3814 3345 3869 3494 de
3939 3345 4036 3494 les
4091 3345 4383 3494 ſçavoir
4452 3345 4854 3494 abbreger
4910 3345 4924 3494 à

578 3486 925 3629 l’inſtant
1005 3486 1138 3629 que
1204 3486 1604 3629 l’occaſion
1697 3486 1751 3629 ſe
1817 3486 2177 3629 preſente
2270 3486 2324 3629 de
2404 3486 2737 3629 prendre
2803 3486 3097 3629 nouvel
3163 3486 3576 3629 avantage.
3723 3486 3843 3629 Car
3909 3486 3963 3629 ce
4029 3486 4203 3629 n’eſt
4269 3486 4389 3629 pas
4456 3486 4642 3629 pour
4709 3486 4936 3629 repo-

583 3620 677 3764 ſer
757 3620 958 3764 qu’on
1052 3620 1092 3764 ſe
1173 3620 1535 3764 retarde;
1602 3620 1763 3764 c’eſt
1830 3620 2032 3764 pour
2099 3620 2475 3764 travailler
2568 3620 2850 3764 mieux,
2917 3620 3105 3764 pour
3172 3620 3333 3764 unir
3374 3620 3481 3764 ſes
3521 3620 3803 3764 forces,
3870 3620 4058 3764 pour
4112 3620 4205 3764 les
4273 3620 4648 3764 diſpenſer
4688 3620 4930 3764 juſte-

618 3756 843 3902 ment,
963 3756 963 3902 &
1016 3756 1214 3902 pour
1280 3756 1624 3902 prendre
1677 3756 2141 3902 l’occaſion,
2207 3756 2458 3902 qu’elle
2525 3756 2604 3902 ne
2657 3756 2697 3902 ſe
2763 3756 2988 3902 paſſe.
3067 3756 3253 3902 Ainſi
3332 3756 3372 3902 en
3478 3756 3663 3902 verra
3729 3756 3782 3902 on
3875 3756 4047 3902 faire
4100 3756 4100 3902 à
4193 3756 4643 3902 Alexandre
4709 3756 4762 3902 en
4868 3756 4921 3902 ce

581 3894 896 4045 preſent
1006 3894 1307 4045 Tableau
1430 3894 1622 4045 XVI,
1718 3894 2033 4045 comme
2101 3894 2293 4045 auſsi
2362 3894 2471 4045 par
2540 3894 2718 4045 tout
2800 3894 2855 4045 ce
2923 3894 3142 4045 livre:
3279 3894 3567 4045 Durant
3622 3894 3909 4045 l’arreſt
4005 3894 4060 4045 du
4142 3894 4361 4045 pied,
4457 3894 4512 4045 de
4580 3894 4621 4045 la
4731 3894 4936 4045 main,

598 4024 653 4180 ou
764 4024 819 4180 du
915 4024 1177 4180 corps,
1246 4024 1287 4180 il
1343 4024 1384 4180 ſe
1467 4024 1784 4180 prepare
1853 4024 1853 4180 à
1921 4024 1963 4180 la
2045 4024 2335 4180 viſteſſe
2431 4024 2487 4180 de
2555 4024 2859 4180 l’aion
2955 4024 3465 4180 enſuivante,
3520 4024 3534 4180 à
3589 4024 4044 4180 l’imitation
4141 4024 4209 4180 de
4292 4024 4458 4180 ceux
4540 4024 4651 4180 qui
4719 4024 4761 4180 ſe
4830 4024 4926 4180 re-

595 4166 851 4319 culent
928 4166 1108 4319 trois
1198 4166 1249 4319 ou
1365 4166 1621 4319 quatre
1711 4166 1827 4319 pas
1904 4166 1942 4319 en
2032 4166 2301 4319 arriere
2366 4166 2558 4319 pour
2635 4166 2879 4319 ſauter
2943 4166 3123 4319 avec
3187 4166 3341 4319 plus
3431 4166 3495 4319 de
3559 4166 3764 4319 force
3829 4166 3880 4319 en
3957 4166 4214 4319 avant.
4368 4166 4419 4319 Or
4496 4166 4804 4319 voyons
4855 4166 4907 4319 en

574 4319 668 4463 les
748 4319 1190 4463 exemples.

1267 4569 1587 4747 Cercle
1949 4569 2055 4747 &j.

617 4801 910 4935 Alexandre
955 4801 1225 4935 aſſujettit
1282 4801 1451 4935 l’eſpee
1496 4801 1767 4935 contraire
1812 4801 1845 4935 en
1913 4801 2082 4935 dehors
2150 4801 2184 4935 du
2229 4801 2364 4935 bras,
2420 4801 2454 4935 en
2511 4801 2668 4935 allant

700 4922 792 5058 par
850 4922 941 5058 delà
999 4922 1033 5058 le
1113 4922 1366 5058 Diametre
1469 4922 1469 5058 &
1515 4922 1526 5058 à
1584 4922 1699 5058 main
1767 4922 1917 5058 droite
1985 4922 2008 5058 de
2054 4922 2089 5058 la
2158 4922 2410 5058 Premiere
2456 4922 2674 5058 Inſtance

709 5061 709 5152 à
762 5061 1165 5152 laSeconde.

1079 5203 1127 5340 Es
1211 5203 1392 5340 deux
1464 5203 1753 5340 parties
1825 5203 2174 5340 s’eſtants
2246 5203 2511 5340 placez
2583 5203 2679 5340 ſui

1044 5327 1091 5448 le
1186 5327 1423 5448 Cercle
1494 5327 1542 5448 en
1649 5327 2028 5448 Premiere
2099 5327 2502 5448 Inſtance;
2633 5327 2645 5448 A

1054 5449 1510 5584 LEXANDRE
1588 5449 1699 5584 s’en
1777 5449 1833 5584 va
1888 5449 2500 5584 preſentement
2555 5449 2678 5584 tra-

1054 5573 1306 5710 vailler
1354 5573 1414 5710 le
1474 5573 1833 5710 premier,
1905 5573 1953 5710 en
2025 5573 2349 5710 eſlevant
2409 5573 2457 5710 le
2517 5573 2672 5710 pied

615 5693 799 5841 droit
860 5693 1044 5841 avec
1093 5693 1142 5841 le
1203 5693 1522 5841 genouil
1571 5693 1816 5841 roide,
1926 5693 1938 5841 &
1987 5693 2343 5841 hauſſant
2404 5693 2686 5841 enſem-

590 5821 951 5955 blement
999 5821 1047 5955 la
1119 5821 1384 5955 pointe
1456 5821 1517 5955 de
1589 5821 1685 5955 ſon
1781 5821 1986 5955 eſpee
2046 5821 2058 5955 à
2106 5821 2311 5955 l’aide
2395 5821 2443 5955 du
2540 5821 2684 5955 poi-

614 5941 805 6081 gnet,
888 5941 1198 6081 dequoy
1246 5941 1282 6081 il
1342 5941 1389 6081 en
1461 5941 1854 6081 accouple
1902 5941 2081 6081 avec
2141 5941 2260 6081 peu
2355 5941 2415 6081 de
2463 5941 2677 6081 poids

602 6067 650 6201 en
757 6067 1020 6201 dehors
1091 6067 1151 6201 du
1234 6067 1389 6201 bras
1437 6067 1497 6201 le
1604 6067 1640 6201 N.
1711 6067 1747 6201 3.
1795 6067 1974 6201 avec
2022 6067 2081 6201 le
2189 6067 2224 6201 N.
2296 6067 2332 6201 8.
2403 6067 2451 6201 du
2535 6067 2690 6201 con-

590 6195 861 6333 traire;
932 6195 1086 6333 puis
1157 6195 1204 6333 en
1287 6195 1476 6333 ſuite
1523 6195 1558 6333 il
1617 6195 1665 6333 la
1736 6195 1996 6333 hauſſe
2066 6195 2338 6333 encore
2397 6195 2468 6333 un
2551 6195 2669 6333 peu

601 6313 1057 6458 d’avantage
1141 6313 1189 6458 en
1297 6313 1729 6458 graduant,
1861 6313 1873 6458 &
1945 6313 2329 6458 avançant
2389 6313 2437 6458 le
2509 6313 2677 6458 pied

614 6437 794 6583 droit
866 6437 1094 6583 eſlevé
1166 6437 1286 6583 par
1370 6437 1502 6583 delà
1574 6437 1622 6583 le
1742 6437 2102 6583 Diametre
2174 6437 2570 6583 enſuivant
2630 6437 2666 6583 la

593 6565 794 6711 trace
870 6565 920 6711 du
1046 6565 1297 6711 Quarré
1360 6565 1662 6711 inſcrit;
1750 6565 2039 6711 duquel
2114 6565 2340 6711 eſtant
2416 6565 2579 6711 venu
2667 6565 2667 6711 à

617 6689 982 6834 my-voye
1082 6689 1145 6834 de
1221 6689 1698 6834 l’Inſtance,
1799 6689 2012 6834 avant
2100 6689 2264 6834 qu’il
2339 6689 2603 6834 vienne
2666 6689 2666 6834 à

4785 6478 4932 6576 Cer-

2844 4576 3345 4702 tres-bucher
3403 4576 3578 4702 avec
3636 4576 3682 4702 le
3764 4576 4020 4702 corps;
4055 4576 4090 4702 il
4171 4576 4218 4702 en
4299 4576 4416 4702 fait
4486 4576 4625 4702 une
4672 4576 4916 4702 petite

2837 4697 3111 4826 pauſe,
3173 4697 3372 4826 pour
3434 4697 3609 4826 eſtre
3683 4697 3783 4826 ſur
3845 4697 3945 4826 ſes
4032 4697 4293 4826 gardes
4356 4697 4380 4826 ſi
4430 4697 4916 4826 l’adverſaire

2845 4821 3140 4947 vouloit
3209 4821 3379 4947 tirer
3447 4821 3550 4947 ſur
3607 4821 3732 4947 luy
3811 4821 4073 4947 durant
4164 4821 4209 4947 ce
4289 4821 4550 4947 meſme
4619 4821 4926 4947 temps:

2836 4945 3355 5068 pourſuivant
3424 4945 3701 5068 l’aion
3781 4945 3816 5068 il
3908 4945 4185 5068 marche
4242 4945 4312 5068 un
4381 4945 4496 5068 peu
4565 4945 4922 5068 alenvers

2840 5067 3016 5192 avec
3110 5067 3157 5192 le
3274 5067 3520 5192 meſme
3614 5067 3778 5192 pied
3860 5067 4048 5192 pour
4107 5067 4165 5192 le
4236 5067 4529 5192 planter
4599 5067 4705 5192 fur
4764 5067 4928 5192 l’en-

2865 5191 3043 5293 droit
3115 5191 3186 5293 de
3246 5191 3293 5293 la
3377 5191 3734 5293 Seconde
3793 5191 4151 5293 Inſtance
4198 5191 4424 5293 lettre
4543 5191 4579 5293 G,
4639 5191 4686 5293 en
4770 5191 4936 5293 eſle-

2847 5314 3012 5409 vant
3143 5314 3143 5409 &
3220 5314 3691 5409 continuant
3757 5314 3757 5409 à
3855 5314 4096 5409 mener
4173 5314 4808 5409 circulairement
4874 5314 4918 5409 le

2844 5438 3018 5561 pied
3093 5438 3380 5561 gauche
3455 5438 3717 5561 apres,
3779 5438 4140 5561 joignant
4215 5438 4602 5561 enſemble
4664 5438 4764 5561 ſes
4876 5438 4926 5561 N.

2849 5556 2887 5680 3.
2950 5556 2963 5680 à
3090 5556 3128 5680 N.
3204 5556 3255 5680 4.
3344 5556 3395 5680 de
3458 5556 3724 5680 l’eſpee
3801 5556 4232 5680 contraire,
4321 5556 4917 5680 l’aſſujettiſſant

2905 5685 2905 5811 &
2976 5685 3334 5811 plantant
3417 5685 4049 5811 enſemblement
4121 5685 4168 5811 le
4252 5685 4419 5811 pied
4490 5685 4717 5811 eſlevé
4788 5685 4800 5811 à
4872 5685 4907 5811 la

2877 5806 3484 5910 Circonference
3564 5806 3793 5910 lettre
3919 5806 3988 5910 D,
4171 5806 4171 5910 &
4251 5806 4629 5910 tournant
4698 5806 4755 5910 le
4835 5806 4927 5910 ta-

2839 5930 2935 6052 lon
3044 5930 3092 6052 du
3189 5930 3358 6052 pied
3455 5930 3636 6052 droit
3708 5930 3817 6052 ſur
3889 5930 3938 6052 la
4022 5930 4457 6052 collaterale
4541 5930 4916 6052 interieu-

2852 6051 2901 6180 re
3047 6051 3060 6180 G
3157 6051 3219 6180 F;
3329 6051 3622 6180 comme
3708 6051 3757 6180 en
3842 6051 3879 6180 la
3952 6051 4099 6180 voit
4173 6051 4601 6180 pourtrai
4674 6051 4674 6180 à
4747 6051 4796 6180 la
4870 6051 4931 6180 fi-

2857 6211 3078 6308 gure.
