5520 7640
3585 5393 3890 5583 Cercle
4217 5393 4217 5583 .
4348 5393 4391 5583 6.

3385 5619 3781 5783 Operation
3858 5619 4216 5783 preſente
4267 5619 4624 5783 procede
4701 5619 4867 5783 auſſi
4918 5619 4982 5783 de

3337 5752 3399 5912 ce
3498 5752 3745 5912 meſme
3856 5752 4104 5912 Cercle
4252 5752 4289 5912 N.
4364 5752 4401 5912 3.
4463 5752 4549 5912 ne
4636 5752 4982 5912 differant

3338 5881 3385 6030 en
3455 5881 3584 6030 rien
3678 5881 3736 6030 de
3783 5881 3830 6030 la
3912 5881 4475 6030 precedente,
4569 5881 4757 6030 ſinon
4862 5881 4979 6030 que

3366 6011 3839 6134 ZACHARIE
3920 6011 4036 6134 qui
4105 6011 4312 6134 avoit
4393 6011 4982 6134 dernierement

2869 6123 3166 6290 affoibli
3231 6123 3269 6290 ſa
3334 6123 3528 6290 lame
3592 6123 3928 6290 juſqu’au
4057 6123 4277 6290 Poids
4367 6123 4432 6290 de
4497 6123 4987 6290 ſentiment,

2879 6259 2940 6391 ou
3025 6259 3305 6391 juſqu’à
3415 6259 3622 6391 mort,
3696 6259 3757 6391 de
3842 6259 4049 6391 quoy
4122 6259 4244 6391 s’en
4342 6259 4427 6391 eſt
4500 6259 4830 6391 enſuivie
4903 6259 4988 6391 la-

2878 6381 3020 6516 dite
3115 6381 3599 6516 execution;
3706 6381 4320 6516 preſentement
4391 6381 4438 6516 il
4497 6381 4627 6516 fait
4698 6381 4864 6516 tout
4935 6381 4982 6516 le

2907 6509 3360 6660 Contraire,
3474 6509 3562 6660 car
3625 6509 3663 6660 il
3713 6509 4204 6660 l’augmente
4279 6509 4619 6660 juſqu’au
4745 6509 4821 6660 Vif
4909 6509 4959 6660 ou

2867 6633 3068 6782 fort;
3151 6633 3316 6782 dont
3411 6633 3990 6782 ALEXANDRE
4050 6633 4404 6782 s’avance
4464 6633 4641 6782 avec
4712 6633 4759 6782 le
4818 6633 4984 6782 pied

2892 6755 3108 6881 droit,
3168 6755 3397 6881 allant
3457 6755 4106 6881 circulairement
4166 6755 4166 6881 à
4262 6755 4406 6881 main
4515 6755 4755 6881 droite
4827 6755 4863 6881 en
4935 6755 4983 6881 ſe

4783 6940 4990 7010 Cour-

3589 2820 3894 3014 Cercle
4106 2820 4388 3014 N.5.

3365 3053 3400 3197 En
3495 3053 3578 3197 eſt
3637 3053 3744 3197 icy
3815 3053 4099 3197 encore
4146 3053 4288 3197 une
4360 3053 4632 3197 autre,
4715 3053 4821 3197 qui
4881 3053 4987 3197 de-

3451 3181 3615 3445 en'
3696 3181 4186 3445 'areid'e'e'
4308 3181 4349 3445 '
4308 3181 4471 3445 'e
4553 3181 4798 3445 W'
4879 3181 4920 3445 
5043 3181 5043 3445 '

3338 3437 3389 3572 du
3453 3437 3631 3572 pied
3695 3437 3989 3572 gauche
4040 3437 4040 3572 à
4091 3437 4321 3572 lettre
4410 3437 4461 3572 L,
4589 3437 4589 3572 &
4640 3437 4984 3572 aſſujetti

2856 3560 3132 3684 l’eſpee
3204 3560 3613 3684 contraire,
3649 3560 3685 3684 ſa
3745 3560 3986 3684 partie
4046 3560 4094 3684 en
4166 3560 4611 3684 amoindrit
4659 3560 4708 3684 le
4780 3560 4984 3684 Poids

2854 3676 3144 3818 juſqu’à
3202 3676 3527 3818 tomber
3609 3676 3829 3818 morte
3899 3676 3957 3818 ou
4038 3676 4085 3818 en
4154 3676 4282 3818 peu
4375 3676 4445 3818 de
4514 3676 4979 3818 Sentiment.

2882 3795 2930 3940 Là
3026 3795 3266 3940 deſſus
3362 3795 3914 3940 ALEXANDRE
3986 3795 4334 3940 s’avance
4430 3795 4610 3940 avec
4682 3795 4730 3940 le
4814 3795 4982 3940 pied

2870 3925 3210 4067 gauche,
3271 3925 3320 4067 en
3405 3925 3746 4067 quittant
3795 3925 4075 4067 l’eſpee
4136 3925 4562 4067 contraire,
4696 3925 4696 4067 &
4757 3925 4988 4067 eſten-

2871 4048 3039 4166 dant
3087 4048 3123 4166 la
3183 4048 3447 4166 ſienne
3507 4048 3915 4166 enſemble
3963 4048 4155 4166 avec
4203 4048 4251 4166 le
4299 4048 4479 4166 bras
4599 4048 4599 4166 &
4671 4048 4719 4166 le
4803 4048 4983 4166 coſté

2883 4172 3066 4317 droit
3114 4172 3431 4317 avancé,
3517 4172 3566 4317 en
3639 4172 3834 4317 ſorte
3919 4172 4078 4317 qu’il
4139 4172 4187 4317 le
4248 4172 4480 4317 bleſſe
4565 4172 4687 4317 d’un
4797 4172 4980 4317 coup

2880 4300 2940 4441 de
2989 4300 3302 4441 pointe,
3363 4300 3411 4441 en
3532 4300 3846 4441 mettant
3894 4300 3942 4441 le
4015 4300 4184 4441 pied
4232 4300 4244 4441 à
4304 4300 4497 4441 terre
4558 4300 4666 4441 ſur
4703 4300 4763 4441 le
4860 4300 4980 4441 Dia-

2892 4424 3107 4568 metre
3155 4424 3394 4568 lettre
3478 4424 3525 4568 V,
3573 4424 3920 4568 trainant
3968 4424 4015 4568 le
4087 4424 4374 4568 gauche
4434 4424 4649 4568 apres
4708 4424 4708 4568 à
4768 4424 4804 4568 la
4864 4424 4995 4568 let-

2858 4552 2955 4697 tre
3039 4552 3100 4697 I,
3233 4552 3233 4697 &
3293 4552 3475 4697 avec
3535 4552 3595 4697 le
3680 4552 3898 4697 corps
3958 4552 4260 4697 panché
4345 4552 4393 4697 en
4466 4552 4720 4697 avant,
4768 4552 4805 4697 il
4865 4552 4974 4697 luy

2862 4675 3125 4824 pouſſé
3200 4675 3476 4824 l’eſpee
3551 4675 3551 4824 à
3614 4675 3877 4824 pleine
3939 4675 4152 4824 force
4202 4675 4202 4824 à
4265 4675 4566 4824 travers
4628 4675 4678 4824 la
4766 4675 4991 4824 teſte;

2869 4803 3179 4937 comme
3227 4803 3334 4937 les
3382 4803 3669 4937 figures
3752 4803 4337 4937 demonſtrent.

1332 4388 1648 4551 Cercle
1897 4388 2146 4551 N.3.

1108 4606 1261 4747 Oicy
1344 4606 1567 4747 encor
1626 4606 1756 4747 une
1814 4606 2026 4747 autre
2085 4606 2273 4747 ſuite
2344 4606 2403 4747 de
2462 4606 2509 4747 la
2568 4606 2721 4747 pre-

1075 4747 1404 4872 cedente
1477 4747 1892 4872 du-Cercle
2014 4747 2063 4872 N.
2100 4747 2136 4872 1.
2185 4747 2502 4872 aſſavoir
2588 4747 2710 4872 que

1109 4876 1541 4993 ZACHARIE
1611 4876 2055 4993 augmente
2113 4876 2125 4993 à
2218 4876 2405 4993 ceſte
2475 4876 2709 4993 heure

1067 4996 1115 5120 le
1164 4996 1598 5120 ſentiment
1671 4996 1731 5120 de
1804 4996 1840 5120 ſa
1901 4996 2094 5120 lame
2166 4996 2565 5120 aſſujettie
2650 4996 2698 5120 en

636 5086 854 5243 Poids
905 5086 1097 5243 fort,
1174 5086 1327 5243 plus
1404 5086 1596 5243 fort,
1673 5086 1737 5243 ou
1826 5086 2210 5243 tresfort,
2287 5086 2287 5243 à
2377 5086 2569 5243 quoy
2671 5086 2722 5243 A-

623 5239 1120 5366 LEXANDRE
1191 5239 1310 5366 luy
1381 5239 1641 5366 reſiſte
1724 5239 1771 5366 en
1890 5239 2292 5366 moderant
2375 5239 2422 5366 le
2493 5239 2624 5366 ſien
2707 5239 2718 5366 à

610 5367 1097 5488 l’advenant,
1201 5367 1213 5488 &
1259 5367 1584 5488 portant
1630 5367 1641 5488 à
1711 5367 1769 5488 ce
1862 5367 2116 5488 meſme
2174 5367 2429 5488 temps
2499 5367 2545 5488 le
2615 5367 2719 5488 co-

609 5492 706 5620 ſté
804 5492 804 5620 &
853 5492 902 5620 le
963 5492 1134 5620 pied
1195 5492 1475 5620 gauche
1524 5492 1976 5620 lentement
2037 5492 2086 5620 en
2159 5492 2403 5620 avant,
2464 5492 2721 5620 s’affer-

636 5616 913 5745 miſſant
973 5616 1142 5745 auſſi
1178 5616 1226 5745 le
1286 5616 1443 5745 bras
1527 5616 1707 5745 droit
1768 5616 1828 5745 au
1924 5616 2141 5745 coſté,
2189 5616 2370 5745 avec
2418 5616 2466 5745 la
2550 5616 2707 5745 main

611 5738 1002 5866 abbaiſſée
1063 5738 1124 5866 au
1209 5738 1502 5866 deſſous
1575 5738 1624 5866 du
1709 5738 2087 5866 nombril,
2136 5738 2319 5866 pour
2392 5738 2709 5866 s’engar-

635 5863 743 5989 der
816 5863 876 5989 de
936 5863 1418 5989 tresbucher
1478 5863 1563 5989 s’il
1623 5863 2008 5989 advenoit
2069 5863 2201 5989 que
2249 5863 2719 5989 l’Adverſai-

614 5984 676 6114 re
751 5984 850 6114 fiſt
924 5984 1333 6114 cavation,
1407 5984 1531 6114 luy
1606 5984 1990 6114 ſujettant
2064 5984 2225 6114 ainſi
2287 5984 2560 6114 l’eſpee
2634 5984 2696 6114 un

616 6114 741 6239 peu
829 6114 992 6239 plus
1042 6114 1218 6239 bas,
1343 6114 1343 6239 &
1418 6114 1769 6239 plantant
1819 6114 1869 6239 le
1932 6114 2107 6239 pied
2157 6114 2395 6239 eſlevé
2445 6114 2558 6239 par
2633 6114 2721 6239 de-

612 6231 648 6356 là
719 6231 767 6356 le
874 6231 1243 6356 Diametre
1303 6231 1315 6356 à
1386 6231 1612 6356 lettre
1732 6231 1779 6356 L,
1934 6231 1946 6356 &
2017 6231 2077 6356 ſe
2172 6231 2482 6356 mettant
2553 6231 2708 6356 tout

619 6364 668 6487 le
742 6364 963 6487 corps
1025 6364 1074 6487 au
1172 6364 1455 6487 dedans
1517 6364 1590 6487 de
1627 6364 1898 6487 l’angle
2021 6364 2033 6487 &
2119 6364 2230 6487 des
2291 6364 2709 6487 perpendi-

632 6491 947 6613 culaires
1017 6491 1063 6613 du
1168 6491 1600 6613 Contraire;
1670 6491 1973 6613 comme
2032 6491 2090 6613 on
2160 6491 2207 6613 le
2277 6491 2417 6613 voit
2475 6491 2720 6613 repre-

628 6614 832 6738 ſenté
908 6614 959 6738 en
1036 6614 1086 6738 la
1163 6614 1443 6738 figure.

3618 303 3936 520 Cercle
4141 303 4391 520 N.4.

3379 528 3456 674 Eſt
3534 528 3637 674 icy
3714 528 3857 674 une
3960 528 4477 674 dependance
4580 528 4644 674 de
4709 528 4748 674 la
4851 528 4993 674 der-

3322 668 3533 798 niere
3583 668 4128 798 precedente.
4215 668 4401 798 Ainſi
4463 668 4983 798 qu’ALEXAN.

3353 793 3478 918 DRE
3553 793 3903 918 s’avance
3953 793 4003 918 le
4078 793 4265 918 coſté
4390 793 4403 918 &
4465 793 4515 918 le
4578 793 4740 918 pied
4828 793 4990 918 gau-

3330 918 3512 1045 che,
3585 918 3779 1045 pour
3852 918 4240 1045 aſſujettir
4337 918 4714 1045 derechef
4798 918 4993 1045 com-

2888 1039 2970 1172 me
3029 1039 3582 1172 auparavant,
3640 1039 3911 1172 l’eſpee
3981 1039 4428 1172 contraire;
4546 1039 4981 1172 ZACHARIE

2861 1170 2981 1296 luy
3029 1170 3161 1296 fait
3209 1170 3353 1296 une
3425 1170 3762 1296 cavation
3834 1170 4026 1296 pour
4086 1170 4146 1296 le
4194 1170 4470 1296 bleſſer
4554 1170 4603 1296 en
4699 1170 4975 1296 dedans

2864 1298 2915 1425 au
3017 1298 3208 1425 coſté
3298 1298 3642 1425 gauche;
3744 1298 4292 1425 ALEXANDRE
4356 1298 4356 1425 à
4432 1298 4764 1425 l’inſtant
4840 1298 4993 1425 qu’il

2862 1421 3351 1546 s’apperçoit
3400 1421 3522 1546 par
3583 1421 3632 1546 le
3693 1421 4146 1546 ſentiment
4232 1421 4280 1546 du
4378 1421 4978 1546 deſtachement

2882 1551 2987 1673 des
3045 1551 3372 1673 eſpees,
3441 1551 3791 1673 s’avance
3838 1551 3896 1673 le
3966 1551 4152 1673 coſté
4211 1551 4397 1673 droit
4467 1551 4654 1673 avec
4700 1551 4747 1673 le
4840 1551 4992 1673 meſ-

2885 1675 2969 1798 me
3017 1675 3185 1798 bras
3258 1675 3570 1798 eſtendu
3667 1675 3715 1798 en
3823 1675 4352 1798 deſtournant
4412 1675 4460 1798 le
4545 1675 4737 1798 coſté
4821 1675 4978 1798 gau-

2878 1797 3046 1923 che,
3175 1797 3188 1923 &
3253 1797 3717 1923 aſſemblant
3782 1797 3834 1923 le
3950 1797 4208 1923 Centre
4299 1797 4363 1923 de
4428 1797 4531 1923 ſon
4634 1797 4841 1923 eſpee
4906 1797 4957 1923 au

2864 1925 3092 2049 foible
3168 1925 3232 2049 de
3283 1925 3321 2049 la
3409 1925 3853 2049 Contraire,
3892 1925 4234 2049 laquelle
4285 1925 4323 2049 il
4374 1925 4729 2049 pourſuit
4780 1925 4780 2049 à
4843 1925 4983 2049 gra-

2876 2048 3053 2174 duer
3129 2048 3179 2174 en
3268 2048 3672 2174 avançant
3798 2048 3810 2174 &
3886 2048 4252 2174 plantant
4315 2048 4366 2174 le
4442 2048 4618 2174 pied
4694 2048 4985 2174 gauche

2878 2176 3099 2306 eſlevé
3151 2176 3268 2306 par
3333 2176 3463 2306 delà
3528 2176 3567 2306 le
3671 2176 4048 2306 Diametre
4100 2176 4113 2306 à
4165 2176 4398 2306 lettre
4515 2176 4580 2306 Q,
4697 2176 4697 2306 &
4762 2176 4983 2306 pour-

2863 2293 3166 2428 ſuivant
3241 2293 3254 2428 à
3329 2293 3606 2428 bleſſer
3682 2293 4085 2428 enſemble
4161 2293 4211 2428 le
4337 2293 4740 2428 Contraire
4841 2293 4966 2428 d’un

2876 2426 3051 2554 coup
3163 2426 3613 2554 d’eſtocade
3688 2426 3701 2554 à
3801 2426 4101 2554 travers
4176 2426 4226 2554 la
4326 2426 4513 2554 teſte
4576 2426 4576 2554 ,
4676 2426 4863 2554 avec
4926 2426 4976 2554 le

2872 2552 3086 2677 corps
3158 2552 3456 2677 panché
3539 2552 3587 2677 en
3682 2552 3944 2677 avant;
4063 2552 4373 2677 comme
4433 2552 4480 2677 la
4552 2552 4790 2677 figure
4885 2552 4981 2677 de-

2884 2677 3239 2801 monſtre.

1312 331 1635 551 Cercle
1866 331 2167 551 N.2.

640 543 883 696 Laarie
940 543 1125 696 tenant
1183 543 1229 696 ſa
1275 543 1402 696 lame
1460 543 1645 696 morte,
1703 543 1703 696 o
1807 543 1841 696 en
1911 543 1980 696 peu
2072 543 2107 696 de
2153 543 2315 696 poids,
2419 543 2708 696 Alexandre

727 677 974 813 s’avance
1036 677 1147 813 avec
1209 677 1234 813 le
1296 677 1407 813 pied
1469 677 1593 813 droit
1655 677 1766 813 pour
1828 677 1853 813 le
1915 677 2125 813 planter
2187 677 2261 813 ſur
2298 677 2335 813 la
2397 677 2546 813 lettre
2657 677 2706 813 Q,

781 809 781 952 &
843 809 968 952 pour
1005 809 1216 952 trainer
1254 809 1291 952 en
1341 809 1465 952 ſuite
1527 809 1552 952 le
1614 809 1851 952 gauche,
1913 809 1988 952 luy
2050 809 2286 952 pouſſant
2336 809 2373 952 un
2423 809 2535 952 coup
2622 809 2709 952 d’e-

727 937 926 1078 ſtocade
973 937 984 1078 à
1031 937 1242 1078 travers
1289 937 1324 1078 la
1371 937 1511 1078 teſte.

1123 1070 1273 1225 Oicy
1323 1070 1460 1225 une
1523 1070 1710 1225 ſuite
1785 1070 1848 1225 de
1923 1070 2373 1225 l’operation
2448 1070 2723 1225 prece-

1093 1218 1343 1344 dente.
1468 1218 1491 1344 A
1548 1218 2048 1344 LEXANDRE
2105 1218 2707 1344 S’appercevant

1082 1341 1190 1474 par
1249 1341 1297 1474 le
1345 1341 1811 1474 ſentiment,
1871 1341 2002 1474 que
2062 1341 2337 1474 l’eſpee
2420 1341 2468 1474 du
2552 1341 2719 1474 con-

1068 1464 1296 1597 traire
1353 1464 1740 1597 aſſujettie
1819 1464 2127 1597 devient
2206 1464 2434 1597 morte
2502 1464 2559 1597 ou
2639 1464 2684 1597 en

603 1588 805 1717 petit
889 1588 1150 1717 Poids,
1234 1588 1281 1717 il
1341 1588 1686 1717 s’avance
1757 1588 1936 1717 avec
1995 1588 2162 1717 tout
2233 1588 2281 1717 le
2364 1588 2578 1717 corps
2709 1588 2721 1717 &

605 1710 782 1845 avec
846 1710 896 1845 le
973 1710 1150 1845 pied
1226 1710 1454 1845 droit,
1518 1710 1797 1845 lequel
1847 1710 1885 1845 il
1936 1710 2190 1845 plante
2266 1710 2329 1845 (e
2481 1710 2710 1845 deſta-

618 1833 840 1972 chant
877 1833 988 1972 les
1025 1833 1309 1972 lames)
1359 1833 1470 1972 par
1556 1833 1618 1972 de
1680 1833 1717 1972 là
1791 1833 1841 1972 le
1952 1833 2322 1972 Diametre
2396 1833 2409 1972 à
2470 1833 2705 1972 lettre

667 1967 738 2101 Q,
821 1967 1167 2101 donnant
1226 1967 1334 2101 par
1429 1967 1679 2101 meſme
1762 1967 1953 2101 voye
2025 1967 2167 2101 une
2227 1967 2561 2101 atteinte
2644 1967 2692 2101 en

620 2088 857 2216 droite
920 2088 1120 2216 ligne
1170 2088 1220 2216 au
1308 2088 1533 2216 viſage
1621 2088 1671 2216 du
1783 2088 2196 2216 contraire,
2271 2088 2621 2216 laquelle
2684 2088 2709 2216 il

614 2208 975 2344 renforce
1091 2208 1103 2344 &
1173 2208 1440 2344 pouſſe
1510 2208 1673 2344 tout
1755 2208 1964 2344 outre
2045 2208 2104 2344 en
2185 2208 2592 2344 panchant
2651 2208 2709 2344 le

618 2338 833 2464 corps
905 2338 940 2464 en
1024 2338 1275 2464 avant;
1358 2338 1430 2464 de
1478 2338 1669 2464 ſorte
1740 2338 1860 2464 que
1931 2338 1979 2464 le
2039 2338 2206 2464 pied
2277 2338 2564 2464 gauche
2647 2338 2695 2464 en

618 2467 704 2589 eſt
766 2467 1012 2589 trainé
1098 2467 1418 2589 derriere
1504 2467 1787 2589 juſqu’à
1860 2467 1897 2589 la
1983 2467 2426 2589 collaterale
2512 2467 2709 2589 exte-

606 2577 858 2722 rieure
946 2577 1147 2722 entre
1223 2577 1323 2722 les
1411 2577 1600 2722 deux
1675 2577 1977 2722 points.
2065 2577 2078 2722 G
2203 2577 2216 2722 &
2342 2577 2417 2722 M;
2505 2577 2694 2722 ſelon

618 2713 810 2835 qu’on
906 2713 1050 2835 voit
1110 2713 1158 2835 en
1231 2713 1267 2835 la
1327 2713 1603 2835 figure.

789 2836 994 2956 Ceſte
1090 2836 1343 2956 meſme
1440 2836 1837 2956 operation
1934 2836 2211 2956 pourra
2283 2836 2451 2956 auſſi
2536 2836 2717 2956 eſtre

615 2953 1071 3091 pratiquée,
1147 2953 1401 3091 quand
1464 2953 1730 3091 l’eſpee
1794 2953 2199 3091 aſſujettie
2276 2953 2567 3091 tiendra
2643 2953 2707 3091 le

608 3088 821 3210 poids
916 3088 975 3210 de
1047 3088 1474 3210 ſentiment
1557 3088 1604 3210 ou
1699 3088 1770 3210 un
1865 3088 1984 3210 peu
2067 3088 2280 3210 plus,
2352 3088 2363 3210 à
2458 3088 2707 3210 condi-

599 3210 741 3329 tion
847 3210 1023 3329 qu’A
1082 3210 1482 3329 LExandre
1553 3210 1706 3329 face
1777 3210 1835 3329 un
1930 3210 2118 3329 petit
2200 3210 2718 3329 pouſſement

625 3333 856 3455 deſſus
917 3333 1124 3455 avant
1209 3333 1368 3455 qu’il
1416 3333 2013 3455 l’abandonne,
2098 3333 2159 3455 de
2232 3333 2451 3455 façon
2561 3333 2719 3455 qu’il

594 3456 986 3558 l’abbaiſſe
1117 3456 1117 3558 &
1212 3456 1259 3558 en
1330 3456 1651 3558 trouble
1711 3456 1770 3558 le
1841 3456 2328 3558 ſentiment,
2411 3456 2459 3558 ſe
2554 3456 2708 3558 met-

593 3575 751 3706 tant
842 3575 1282 3706 cependant
1361 3575 1407 3706 au
1520 3575 1802 3706 dedans
1870 3575 1926 3706 de
1994 3575 2096 3706 ſes
2175 3575 2717 3706 perpendicu-

593 3706 864 3836 laires,
994 3706 1006 3836 &
1077 3706 1254 3836 ainſi
1325 3706 2069 3836 conſequemment
2152 3706 2199 3836 en
2305 3706 2506 3836 venir
2589 3706 2601 3836 à
2660 3706 2707 3836 la

625 3828 878 3929 meſme
944 3828 1406 3929 execution.
