5520 7640
3379 6069 3379 6209 L
3448 6069 3751 6209 s’enſuit
3844 6069 4298 6209 maintenant
4356 6069 4496 6209 une
4565 6069 4670 6209 qui
4717 6069 4996 6209 proce-

3363 6190 3426 6314 de
3513 6190 3563 6314 en
3650 6190 3825 6314 ſuite
3913 6190 3962 6314 du
4087 6190 4337 6314 Cercle
4462 6190 4499 6314 N.
4549 6190 4586 6314 1.
4736 6190 4836 6314 Car
4936 6190 4998 6314 A-

3361 6309 3908 6455 LEXANDRE
3982 6309 4206 6455 ayant
4268 6309 4392 6455 fait
4442 6309 5001 6455 l’aſſujettiſſe-

3386 6434 3557 6572 ment
3618 6434 3618 6572 à
3679 6434 3715 6572 la
3789 6434 4142 6572 Seconde
4203 6434 4557 6572 Inſtance
4606 6434 4838 6572 lettre
4947 6434 4984 6572 G,

2954 6561 2966 6713 &
3036 6561 3612 6713 commençant
3683 6561 3695 6713 à
3800 6561 4118 6713 marcher
4212 6561 4259 6713 du
4353 6561 4529 6713 pied
4612 6561 4788 6713 droit
4894 6561 4999 6713 de-

2914 6683 3063 6840 vers
3125 6683 3175 6840 la
3275 6683 3772 6840 Troiſieſme,
3871 6683 4070 6840 pour
4145 6683 4157 6840 y
4244 6683 4530 6840 donner
4605 6683 4990 6840 l’atteinte

4757 6854 4998 6946 repre-

3584 5797 3910 5976 Cercle
4128 5797 4411 5976 N.10.

1128 2067 1128 2187 E
1216 2067 1266 2187 ce
1354 2067 1605 2187 meſme
1693 2067 1944 2187 Cercle
2057 2067 2107 2187 N.
2158 2067 2208 2187 3.
2258 2067 2308 2187 la
2371 2067 2735 2187 preſente

1094 2190 1484 2310 operation
1574 2190 1618 2310 en
1707 2190 2008 2310 depend
2075 2190 2398 2310 encores
2465 2190 2732 2310 pareil-

1087 2315 1442 2433 lement.
1584 2315 1857 2433 Durant
1928 2315 1975 2433 le
2058 2315 2307 2433 temps
2414 2315 2746 2433 qu’ALE-

1109 2441 1465 2557 XANDRE
1524 2441 1583 2557 ſe
1666 2441 1785 2557 met
1844 2441 1856 2557 à
1928 2441 2343 2557 pratiquer
2414 2441 2592 2557 celle
2663 2441 2711 2557 du

666 2565 902 2680 Cercle
973 2565 1469 2680 precedent,
1551 2565 1599 2680 en
1693 2565 1953 2680 faiſant
2012 2565 2366 2680 l’intrade
2437 2565 2614 2680 avec
2685 2565 2732 2680 le

620 2688 793 2806 pied
879 2688 1114 2806 droit,
1262 2688 1262 2806 &
1324 2688 1373 2806 la
1459 2688 1904 2806 graduation
2002 2688 2064 2806 de
2138 2688 2175 2806 ſa
2249 2688 2484 2806 lame;
2632 2688 2632 2806 Z
2706 2688 2706 2806 A

645 2813 972 2931 CHARIE
1040 2813 1232 2931 pour
1277 2813 1323 2931 le
1390 2813 1605 2931 parer
1650 2813 1695 2931 ſe
1775 2813 2068 2931 courbe
2136 2813 2181 2931 le
2260 2813 2419 2931 bras
2486 2813 2532 2931 en
2633 2813 2746 2931 de-

618 2933 800 3055 hors
902 2933 902 3055 &
971 2933 1243 3055 arriere
1323 2933 1380 3055 du
1471 2933 1686 3055 corps
1755 2933 1766 3055 à
1868 2933 2016 3055 main
2107 2933 2380 3055 droite,
2436 2933 2618 3055 avec
2675 2933 2732 3055 le

617 3063 1033 3179 pommeau
1140 3063 1211 3179 de
1271 3063 1544 3179 l’eſpee
1627 3063 2115 3179 aſcendant,
2281 3063 2281 3179 &
2341 3063 2388 3179 la
2460 3063 2733 3179 pointe

614 3187 670 3301 au
781 3187 1160 3301 cotraire
1238 3187 1828 3301 deſcendante.
1972 3187 2028 3301 Au
2150 3187 2407 3301 meſme
2473 3187 2729 3301 temps

649 3309 1198 3428 ALEXANDRE
1259 3309 1320 3428 ſe
1369 3309 1625 3428 plante
1698 3309 1747 3428 le
1795 3309 1966 3428 pied
2039 3309 2259 3428 droit,
2344 3309 2454 3428 qui
2527 3309 2735 3428 eſtoit

634 3430 682 3552 en
789 3430 1147 3552 chemin,
1242 3430 1361 3552 par
1445 3430 1576 3552 delà
1647 3430 1695 3552 le
1802 3430 2184 3552 Diametre
2243 3430 2243 3552 à
2315 3430 2542 3552 lettre
2673 3430 2744 3552 M,

631 3554 676 3672 en
766 3554 1160 3672 avançant
1228 3554 1397 3672 tout
1464 3554 1475 3672 à
1543 3554 1881 3672 l’inſtant
1937 3554 1982 3672 le
2061 3554 2252 3672 coſté
2331 3554 2613 3672 gauche
2737 3554 2737 3672 &

622 3674 1160 3796 pourſuivant
1220 3674 1412 3796 avec
1459 3674 1507 3796 le
1591 3674 1854 3796 meſme
1902 3674 2117 3796 pied,
2237 3674 2249 3796 &
2320 3674 2572 3796 faiſant
2643 3674 2751 3796 en-

620 3796 1170 3922 ſemblement
1252 3796 1322 3922 de
1393 3796 1498 3922 ſon
1603 3796 1802 3922 eſpee
1873 3796 1943 3922 un
2060 3796 2329 3922 circuit
2411 3796 2470 3922 de
2563 3796 2739 3922 haut

633 3923 678 4051 en
780 3923 905 4051 bas
973 3923 1336 4051 alentour
1404 3923 1449 4051 la
1551 3923 1766 4051 garde
1891 3923 1902 4051 &
1959 3923 2016 4051 le
2073 3923 2243 4051 bras
2322 3923 2741 4051 contraire,

646 4037 704 4163 de
787 4037 974 4163 ſorte
1068 4037 1233 4163 qu’il
1291 4037 1409 4163 luy
1479 4037 1526 4163 en
1608 4037 1937 4163 conduit
1984 4037 2031 4163 la
2090 4037 2360 4163 pointe
2442 4037 2747 4163 deſſous

622 4162 671 4287 le
744 4162 903 4287 bras
952 4162 1270 4287 hauſſé,
1332 4162 1454 4287 luy
1503 4162 1870 4287 ſaiſiſſant
1919 4162 2091 4287 auſſi
2152 4162 2213 4287 au
2311 4162 2568 4287 meſme
2641 4162 2752 4287 In-

623 4286 824 4410 ſtant
894 4286 1013 4410 par
1095 4286 1143 4410 le
1225 4286 1356 4410 bas
1438 4286 1616 4410 avec
1698 4286 1734 4410 ſa
1840 4286 1982 4410 main
2088 4286 2372 4410 gauche
2443 4286 2490 4410 le
2585 4286 2739 4410 poi-

647 4409 802 4537 gnet
886 4409 958 4537 de
1017 4409 1065 4537 la
1161 4409 1388 4537 main,
1483 4409 1830 4537 laquelle
1889 4409 1925 4537 il
1985 4409 2248 4537 pouſſe
2319 4409 2594 4537 arriere
2678 4409 2749 4537 de

627 4533 747 4659 ſoy
831 4533 988 4659 vers
1060 4533 1108 4659 le
1193 4533 1445 4659 haut,
1554 4533 1602 4659 en
1710 4533 1987 4659 poſant
2048 4533 2096 4659 le
2180 4533 2361 4659 pied
2445 4533 2734 4659 gauche

624 4655 636 4771 à
707 4655 908 4771 terre
968 4655 1075 4771 ſur
1134 4655 1169 4771 la
1264 4655 1608 4771 derniere
1680 4655 2190 4771 interſeion
2284 4655 2344 4771 de
2415 4655 2462 4771 la
2534 4655 2735 4771 ligne

666 4778 666 4906 V
838 4778 899 4906 V,
1009 4778 1058 4906 ou
1144 4778 1180 4906 il
1241 4778 1290 4906 ſe
1376 4778 1645 4906 charge
1719 4778 1767 4906 le
1853 4778 2061 4906 corps
2159 4778 2391 4906 deſſus
2453 4778 2636 4906 avec
2685 4778 2734 4906 le

648 4905 964 5034 genouil
1040 4905 1255 5034 plié,
1356 4905 1407 5034 en
1520 4905 1849 5034 bleſſant
1925 4905 2342 5034 l’Ennemy
2430 4905 2607 5034 avec
2683 4905 2746 5034 le

634 5031 805 5150 bras
866 5031 1159 5150 eſtendu
1245 5031 1306 5150 au
1403 5031 1599 5150 coſté
1684 5031 1868 5150 droit
1953 5031 2014 5150 de
2075 5031 2124 5150 la
2198 5031 2601 5150 poitrine,
2735 5031 2747 5150 &

634 5154 756 5285 luy
829 5154 1182 5285 pouſſant
1255 5154 1681 5285 l’eſtocade
1766 5154 1815 5285 en
1900 5154 2216 5285 rigueur
2265 5154 2277 5285 à
2350 5154 2642 5285 travers
2691 5154 2740 5285 le

646 5276 916 5402 corps;
1021 5276 1326 5402 comme
1408 5276 1466 5402 on
1548 5276 1595 5402 le
1677 5276 1817 5402 voit
1911 5276 2344 5402 demonſtré
2403 5276 2520 5402 par
2567 5276 2614 5402 la
2684 5276 2743 5402 fi-

670 5442 883 5532 gure.

1373 1782 1697 1966 Cercle
2022 1782 2130 1966 N7

1128 5846 1405 5980 Elle-cy
1469 5846 1822 5980 procede
1948 5846 1948 5980 &
2036 5846 2112 5980 eſt
2200 5846 2251 5980 du
2339 5846 2503 5980 tout
2566 5846 2756 5980 ſem-

1106 5962 1356 6103 blable
1431 5962 1431 6103 à
1494 5962 1945 6103 l’operation
2032 5962 2595 6103 precedente,
2695 5962 2758 6103 ſi-

1100 6103 1225 6225 non
1338 6103 1519 6225 qu’au
1621 6103 1882 6225 temps
1973 6103 2743 6225 qu’ALEXANDRE

1097 6223 1216 6344 fait
1276 6223 1633 6344 l’intrade
1705 6223 1883 6344 avec
1943 6223 2002 6344 le
2074 6223 2241 6344 pied
2336 6223 2562 6344 droit,
2681 6223 2717 6344 en

654 6339 1032 6475 graduant
1105 6339 1202 6475 ſon
1300 6339 1580 6475 eſpee,
1666 6339 1970 6475 comme
2043 6339 2092 6475 au
2226 6339 2458 6475 Cercle
2592 6339 2629 6475 N.
2702 6339 2738 6475 6,

694 6465 1142 6605 ZACHARIE
1214 6465 1323 6605 luy
1396 6465 1832 6605 tranſporte
1880 6465 2159 6605 l’eſpee
2207 6465 2207 6605 à
2316 6465 2462 6605 main
2559 6465 2740 6605 droi-

655 6603 703 6726 te
786 6603 989 6726 uſant
1084 6603 1144 6726 de
1227 6603 1501 6726 force;
1597 6603 1692 6726 ſur
1799 6603 1990 6726 quoy
2109 6603 2741 6726 ALEXANDRE

649 6727 929 6865 abaiſſe
967 6727 1030 6865 le
1081 6727 1246 6865 pied
1323 6727 1501 6865 droit
1590 6727 1628 6865 en
1704 6727 1895 6865 terre
1958 6727 1958 6865 à
2009 6727 2060 6865 la
2123 6727 2352 6865 lettre
2454 6727 2505 6865 L,
2581 6727 2746 6865 con-

3377 2316 3389 2444 N
3475 2316 3682 2444 voicy
3755 2316 3987 2444 encor
4035 2316 4170 2444 une
4243 2316 4352 2444 qui
4413 2316 4645 2444 prend
4706 2316 4962 2444 pareil-

3329 2442 3627 2566 lement
3689 2442 3789 2566 ſon
3888 2442 4174 2566 origine
4273 2442 4323 2566 du
4447 2442 4684 2566 Cercle
4808 2442 4858 2566 N.
4932 2442 4969 2566 3.

3335 2565 3390 2662 ou
3523 2565 4142 2662 ALEXANDRE
4230 2565 4307 2662 eſt
4385 2565 4584 2662 entré
4672 2565 4838 2662 avec
4904 2565 4960 2662 le

3325 2691 3498 2816 pied
3585 2691 3871 2816 gauche
3945 2691 3945 2816 à
4007 2691 4057 2816 la
4132 2691 4367 2816 lettre
4467 2691 4516 2816 L,
4591 2691 4864 2816 tenant
4914 2691 4963 2816 la

2865 2812 3063 2939 lame
3145 2812 3530 2939 contraire
3600 2812 3997 2939 aſſujettie
4078 2812 4125 2939 en
4230 2812 4498 2939 dehors
4580 2812 4639 2939 du
4720 2812 4884 2939 bras
4954 2812 4965 2939 à

2910 2934 3055 3061 main
3140 2934 3407 3061 droite,
3541 2934 3541 3061 &
3613 2934 3844 3061 eſtant
3905 2934 3953 3061 en
4038 2934 4184 3061 ae
4281 2934 4620 3061 d’eſlever
4693 2934 4742 3061 le
4802 2934 4972 3061 pied

2886 3055 3075 3182 droit
3146 3055 3336 3182 pour
3407 3055 3609 3182 venir
3656 3055 3656 3182 à
3703 3055 4166 3182 l’operation
4261 3055 4320 3182 du
4450 3055 4687 3182 Cercle
4806 3055 4853 3182 N.
4936 3055 4972 3182 6.

2917 3178 3442 3299 ZACHARIE
3498 3178 3554 3299 ſe
3610 3178 3833 3299 retire
3889 3178 4146 3299 faiſant
4213 3178 4280 3299 un
4358 3178 4470 3299 pas
4548 3178 4604 3299 en
4682 3178 4962 3299 arriere

2878 3308 3053 3434 avec
3103 3308 3154 3434 le
3204 3308 3379 3434 pied
3442 3308 3730 3434 gauche
3805 3308 3867 3434 au
3967 3308 4230 3434 dehors
4306 3308 4356 3434 du
4481 3308 4756 3434 Cercle,
4869 3308 4881 3434 &
4969 3308 4969 3434 y

2887 3429 2931 3553 en
3021 3429 3479 3553 adjouſtant
3557 3429 3781 3553 encor
3848 3429 3915 3553 un
4005 3429 4206 3553 autre
4284 3429 4396 3553 par
4486 3429 4720 3553 deſſus
4787 3429 4966 3553 avec

2874 3553 2919 3672 le
2975 3553 3143 3672 pied
3210 3553 3422 3672 droit,
3455 3553 3712 3672 faiſant
3779 3553 4405 3672 enſemblement
4472 3553 4528 3672 de
4584 3553 4673 3672 ſon
4763 3553 4964 3672 eſpee

2886 3674 3018 3772 une
3094 3674 3423 3772 cavation
3555 3674 3610 3772 de
3708 3674 4004 3772 deſſous
4070 3674 4114 3772 la
4201 3674 4585 3772 contraire
4662 3674 4968 3772 contre-

2909 3799 3147 3925 mont,
3218 3799 3266 3925 en
3349 3799 3540 3925 ſorte
3635 3799 3790 3925 qu’il
3849 3799 3968 3925 luy
4052 3799 4099 3925 en
4182 3799 4301 3925 tire
4385 3799 4516 3925 une
4599 3799 4968 3925 eſtocade

2907 3922 3172 4044 devers
3207 3922 3264 4044 le
3322 3922 3598 4044 viſage.
3725 3922 4358 4044 ALEXANDRE
4427 3922 4969 4044 appercevant

2887 4045 3008 4168 par
3068 4045 3613 4168 l’obſervation
3710 4045 3758 4168 du
3879 4045 4387 4168 Sentiment,
4496 4045 4629 4168 que
4702 4045 4968 4168 l’eſpee

2898 4167 3283 4269 contraire
3364 4167 3830 4269 commence
3900 4167 3900 4269 à
3981 4167 4028 4269 ſe
4109 4167 4552 4269 deſtacher,
4610 4167 4645 4269 il
4715 4167 4971 4269 eſtend

2887 4289 2899 4412 à
2960 4289 3299 4412 l’inſtant
3359 4289 3408 4412 le
3480 4289 3650 4412 bras
3735 4289 3795 4412 de
3868 4289 4134 4412 l’eſpee
4219 4289 4267 4412 en
4352 4289 4824 4412 accueillant
4909 4289 4970 4412 de

2888 4416 2995 4536 ſon
3067 4416 3209 4536 fort
3269 4416 3317 4536 le
3388 4416 3626 4536 foible
3709 4416 3757 4536 du
3888 4416 4317 4536 Contraire,
4388 4416 4900 4536 pourſuivant
4960 4416 4971 4536 à

2888 4536 2935 4660 le
3017 4536 3345 4660 graduer
3427 4536 3474 4660 en
3556 4536 3942 4660 avançant
4001 4536 4059 4660 le
4141 4536 4352 4660 corps
4422 4536 4598 4660 avec
4680 4536 4727 4660 le
4797 4536 4972 4660 pied

2909 4659 3090 4781 droit
3151 4659 3380 4781 eſlevé
3453 4659 3634 4781 pour
3706 4659 4008 4781 planter
4069 4659 4189 4781 par
4262 4659 4395 4781 delà
4455 4659 4503 4781 le
4600 4659 4975 4781 Diametre

2891 4784 2904 4909 à
2968 4784 3200 4909 lettre
3329 4784 3406 4909 Q,
3573 4784 3573 4909 &
3663 4784 3715 4909 en
3805 4784 3856 4909 ſe
3934 4784 4359 4909 chargeant
4410 4784 4462 4909 le
4552 4784 4771 4909 corps
4848 4784 4989 4909 deſ-

2888 4905 2999 5033 ſus
3037 4905 3099 5033 le
3186 4905 3472 5033 meſme,
3521 4905 3795 5033 bleſſer
3845 4905 3894 5033 le
3994 4905 4379 5033 Contraire
4454 4905 4578 5033 d’un
4665 4905 4839 5033 coup
4913 4905 4975 5033 de

2885 5032 3156 5157 pointe
3226 5032 3238 5157 à
3297 5032 3591 5157 travers
3649 5032 3696 5157 la
3779 5032 4014 5157 teſte;
4108 5032 4413 5157 comme
4472 5032 4508 5157 il
4590 5032 4672 5157 eſt
4743 5032 4989 5157 repre-

2891 5159 3092 5278 ſenté
3168 5159 3294 5278 aux
3370 5159 3697 5278 figures.

1302 5582 1623 5759 Cercle
1858 5582 2136 5759 N.8.

3594 2020 3902 2241 Cercle
4145 2020 4387 2241 N.9.

634 285 1025 420 courbant
1072 285 1119 420 le
1178 285 1332 420 bras
1391 285 1438 420 en
1509 285 1828 420 portant
1876 285 2148 420 l’eſpee
2195 285 2384 420 avec
2431 285 2467 420 la
2526 285 2739 420 bran-

630 411 755 511 che
834 411 1287 511 exterieure
1378 411 1932 511 contremont,
2000 411 2397 511 enſemble
2465 411 2725 511 faiſant

620 536 669 668 la
755 536 1194 668 graduation
1303 536 1364 668 de
1437 536 1474 668 ſa
1559 536 1754 668 lame
1828 536 1937 668 par
1998 536 2059 668 le
2157 536 2413 668 meſme
2535 536 2730 668 Nom-

621 660 780 782 bre,
865 660 926 782 ou
999 660 1036 782 il
1085 660 1329 782 tenoit
1377 660 1414 782 la
1512 660 1889 782 contraire
1938 660 2377 782 aſſujettie,
2450 660 2719 782 juſqu’à

622 785 934 919 planter
972 785 1034 919 le
1084 785 1259 919 pied
1321 785 1508 919 droit
1571 785 1683 919 qui
1758 785 2045 919 marche
2095 785 2208 919 par
2283 785 2407 919 delà
2470 785 2520 919 le
2607 785 2732 919 Dia-

661 913 874 1047 metre
949 913 1050 1047 ſur
1113 913 1163 1047 le
1301 913 1552 1047 Quarré
1652 913 2091 1047 circonſcrit
2166 913 2405 1047 lettre
2505 913 2568 1047 T,
2731 913 2744 1047 &

623 1038 960 1166 trainant
1008 1038 1056 1166 le
1116 1038 1285 1166 pied
1345 1038 1646 1166 gauche
1706 1038 1706 1166 à
1778 1038 2224 1166 l’advenant
2308 1038 2741 1166 circulaire-

653 1166 832 1293 ment
892 1166 952 1293 un
1035 1166 1155 1293 peu
1251 1166 1466 1293 outre
1513 1166 1561 1293 la
1633 1166 1860 1293 lettre
1979 1166 2039 1293 Q,
2123 1166 2171 1293 en
2242 1166 2362 1293 luy
2422 1166 2732 1293 portant

622 1290 684 1414 au
746 1290 931 1414 long
992 1290 1054 1414 de
1103 1290 1153 1414 la
1214 1290 1399 1414 lame
1461 1290 1523 1414 un
1609 1290 1794 1414 coup
1881 1290 1942 1414 de
2016 1290 2288 1414 pointe
2349 1290 2399 1414 au
2498 1290 2732 1414 viſage

615 1414 792 1522 avec
859 1414 914 1522 le
992 1414 1158 1522 bras
1225 1414 1624 1522 touſiours
1713 1414 2046 1522 courbé;
2157 1414 2456 1522 comme
2545 1414 2600 1522 on
2678 1414 2733 1522 le

636 1542 788 1666 voit
839 1542 1296 1666 repreſenté
1346 1542 1346 1666 à
1410 1542 1448 1666 la
1511 1542 1791 1666 figure.

2876 286 3186 417 tinuant
3248 286 3260 417 à
3322 286 3781 417 pourſuivre
3855 286 4029 417 avec
4091 286 4152 417 le
4214 286 4388 417 pied
4462 286 4797 417 gauche,
4945 286 4958 417 &

2900 414 3190 542 menant
3257 414 3357 542 ſon
3469 414 3670 542 eſpee
3748 414 3859 542 par
3949 414 4283 542 cavation
4395 414 4964 542 contremont,

2884 535 2933 660 en
3005 535 3514 660 affermiſſant
3563 535 3611 660 le
3672 535 3829 660 bras
3878 535 3938 660 au
4035 535 4217 660 coſté
4302 535 4484 660 droit
4568 535 4629 660 du
4726 535 4968 660 corps,

2889 659 3060 787 dont
3106 659 3369 787 l’eſpee
3461 659 3839 787 contraire
3896 659 4102 787 vient
4159 659 4171 787 à
4240 659 4720 787 tresbucher
4778 659 4961 787 avec

2865 791 2913 915 le
2997 791 3201 915 bras,
3333 791 3345 915 &
3441 791 3898 915 ALExandre
3958 791 4342 915 avançant
4414 791 4462 915 le
4546 791 4726 915 coſté
4811 791 4967 915 gau-

2881 915 3002 1040 che
3087 915 3570 1040 davantage,
3630 915 3751 1040 luy
3812 915 3993 1040 ſaiſit
4053 915 4235 1040 avec
4307 915 4344 1040 la
4440 915 4585 1040 main
4670 915 4960 1040 gauche

2867 1040 2917 1167 le
2967 1040 3308 1167 poignet
3383 1040 3421 1167 du
3522 1040 3737 1167 bras,
3787 1040 4064 1167 lequel
4127 1040 4165 1167 il
4228 1040 4493 1167 pouſſe
4569 1040 4960 1167 enſemble

2872 1163 3055 1291 avec
3116 1163 3384 1291 l’eſpee
3457 1163 3616 1291 plus
3689 1163 3860 1291 bas,
3958 1163 4263 1291 mettant
4336 1163 4385 1291 le
4458 1163 4617 1291 pied
4678 1163 4690 1291 à
4763 1163 4958 1291 terre

2876 1291 2978 1412 ſur
3028 1291 3575 1412 l’interſeion
3664 1291 3727 1412 de
3791 1291 3829 1412 la
3905 1291 4096 1412 ligne
4197 1291 4210 1412 V
4350 1291 4413 1412 V,
4566 1291 4578 1412 &
4642 1291 4693 1412 ſe
4769 1291 4972 1412 char-

2894 1413 3106 1537 geant
3165 1413 3212 1537 le
3282 1413 3494 1537 corps
3541 1413 3741 1537 pour
3788 1413 3835 1537 ſe
3906 1413 4235 1537 pancher
4306 1413 4353 1537 en
4435 1413 4647 1537 avant
4718 1413 4965 1537 deſſus

2874 1540 2922 1661 le
3019 1540 3274 1661 meſme
3322 1540 3504 1661 avec
3552 1540 3601 1661 le
3673 1540 3976 1661 genouil
4025 1540 4194 1661 plié,
4267 1540 4327 1661 de
4400 1540 4715 1661 maniere
4800 1540 4957 1661 qu’il

2876 1660 2925 1789 le
2987 1660 3209 1789 bleſſe
3295 1660 3356 1789 de
3418 1660 3467 1789 ſa
3541 1660 3812 1789 pointe
3874 1660 3935 1789 au
4034 1660 4305 1789 viſage;
4391 1660 4428 1789 en
4539 1660 4970 1789 conformi-

2877 1793 2927 1914 té
3016 1793 3129 1914 des
3193 1793 3508 1914 figures.
