5520 7640
2883 284 3075 414 ceſte
3152 284 3395 414 ſorte,
3472 284 3472 414 à
3562 284 3805 414 volter
3869 284 4048 414 ainſi
4099 284 4150 414 le
4227 284 4406 414 pied
4483 284 4816 414 gauche.
4944 284 5008 414 A-

2874 415 3273 547 LExandre
3355 415 3637 547 permit
3731 415 4177 547 volontiers
4236 415 4423 547 faire
4494 415 4529 547 la
4611 415 4905 547 preuve
4975 415 4987 547 à

2862 538 3077 671 touts
3148 538 3375 671 deux,
3422 538 3542 671 l’un
3613 538 3828 671 apres
3876 538 4186 671 l’autre,
4281 538 4293 671 &
4352 538 4698 671 combien
4782 538 4984 671 qu’ils

2858 664 3105 770 fiſſent
3175 664 3328 770 leur
3422 664 3775 770 extreme
3857 664 4115 770 devoir
4233 664 4245 770 &
4303 664 4350 770 en
4444 664 4773 770 diverſes
4867 664 4985 770 ma-

2858 792 3118 923 nieres
3165 792 3354 923 pour
3401 792 3449 923 le
3508 792 3886 923 toucher,
3933 792 3957 923 ſi
4028 792 4123 923 les
4205 792 4347 923 vint
4418 792 4454 923 il
4513 792 4915 923 touſiours
4974 792 4974 923 à

2854 921 3331 1047 rencontrer
3389 921 3412 1047 ſi
3470 921 4296 1047 avantageuſement,
4366 921 4564 1047 qu’ils
4633 921 4680 1047 en
4750 921 4982 1047 reſte-

2854 1045 3019 1175 rent
3090 1045 3454 1175 attrapez
3537 1045 3666 1175 eux
3760 1045 4125 1175 meſmes,
4266 1045 4278 1175 &
4360 1045 4490 1175 que
4549 1045 4654 1175 les
4737 1045 4996 1175 opera-

2855 1171 3060 1288 tions
3144 1171 3204 1288 de
3289 1171 3397 1288 ces
3482 1171 3518 1288 3.
3639 1171 3928 1288 Cercles
4000 1171 4254 1288 furent
4338 1171 4338 1288 à
4447 1171 4772 1288 diverſes
4844 1171 4989 1288 fois

2867 1297 3311 1422 executées
3371 1297 3419 1422 en
3479 1297 3515 1422 la
3623 1297 3887 1422 meſme
3947 1297 4175 1422 ſuite.
4307 1297 4355 1422 Et
4438 1297 4690 1422 quand
4750 1297 4834 1422 ils
4894 1297 4978 1422 ne

2850 1419 3223 1551 ſceurent
3270 1419 3433 1551 plus
3492 1419 3620 1551 rien
3702 1419 3877 1551 faire
3935 1419 4448 1551 alencontre.

3028 1548 3488 1652 ALExandre
3549 1548 3718 1652 leur
3791 1548 3996 1652 offrit
4057 1548 4057 1652 à
4154 1548 4372 1652 touts
4481 1548 4674 1652 deux
4771 1548 4844 1652 de
4928 1548 4977 1652 ſe

2888 1674 3143 1804 mettre
3227 1674 3276 1804 en
3361 1674 3397 1804 la
3458 1674 3748 1804 propre
3809 1674 4172 1804 ſituation
4269 1674 4329 1804 de
4402 1674 4463 1804 ce
4560 1674 4802 1804 Cercle
4935 1674 4983 1804 N.

2854 1801 2965 1929 10.
3051 1801 3064 1929 à
3150 1801 3532 1929 condition
3643 1801 3705 1929 de
3791 1801 3865 1929 ne
3952 1801 4001 1929 ſe
4087 1801 4469 1929 prevaloir
4543 1801 4716 1929 plus
4802 1801 4864 1929 de
4926 1801 4975 1929 la

2885 1924 3140 2060 meſme
3213 1924 3758 2060 continuation
3843 1924 4012 2060 qu’il
4073 1924 4339 2060 venoit
4412 1924 4473 2060 de
4521 1924 4969 2060 pratiquer;

2875 2053 3037 2189 mais
3112 2053 3261 2189 qu’il
3323 2053 3844 2189 s’arreſteroit
3894 2053 4093 2189 pour
4130 2053 4230 2189 les
4279 2053 4528 2189 laiſſer
4590 2053 4975 2189 travailler

2844 2174 2938 2308 les
2997 2174 3423 2308 premiers.
3529 2174 3541 2308 A
3612 2174 3813 2308 quoy
3872 2174 3955 2308 ils
4014 2174 4617 2308 s’accorderent
4676 2174 4983 2308 tresvo-

2845 2301 3209 2434 lontiers,
3327 2301 3338 2434 &
3409 2301 4184 2434 recommencerent
4231 2301 4231 2434 à
4290 2301 4407 2434 luy
4478 2301 4771 2434 donner
4830 2301 4983 2434 plu-

2844 2428 3077 2534 ſieurs
3135 2428 3554 2534 traverſes.
3717 2428 3857 2534 Mais
3915 2428 4218 2534 comme
4288 2428 4323 2534 il
4381 2428 4812 2534 travailloit
4870 2428 4975 2534 ſur

2846 2555 2894 2687 le
2980 2555 3481 2687 Sentiment,
3567 2555 3603 2687 il
3652 2555 3762 2687 les
3823 2555 4141 2687 prevint
4214 2555 4618 2687 touſiours
4679 2555 4691 2687 à
4752 2555 4801 2687 la
4887 2555 4972 2687 fa-

2859 2683 3034 2811 veur
3115 2683 3512 2811 d’iceluy,
3629 2683 3699 2811 de
3804 2683 4131 2811 maniere
4224 2683 4353 2811 que
4446 2683 4574 2811 rien
4668 2683 4749 2811 ne
4808 2683 4971 2811 leur

2846 2804 3133 2936 reuſſit.
3233 2804 3295 2936 Or
3370 2804 3433 2936 ce
3495 2804 3595 2936 fut
3670 2804 3707 2936 en
3795 2804 3832 2936 la
3895 2804 4269 2936 preſence
4344 2804 4407 2936 de
4456 2804 4844 2936 pluſieurs
4918 2804 4968 2936 a-

2877 2933 3197 3065 mateurs
3268 2933 3328 3065 de
3375 2933 3861 3065 l’Exercice,
3967 2933 3979 3065 &
4038 2933 4240 3065 entre
4299 2933 4560 3065 autres
4643 2933 4702 3065 de
4785 2933 4974 3065 moy,

2867 3056 2975 3179 qui
3036 3056 3072 3179 en
3168 3056 3409 3179 recite
3530 3056 3542 3179 &
3614 3056 3903 3179 certifie
4000 3056 4193 3179 ceſte
4253 3056 4578 3179 hiſtoire
4663 3056 4964 3179 comme

2840 3183 3162 3278 teſmoin
3254 3183 3623 3278 oculaire.

3006 3306 3406 3436 Touchant
3456 3306 3919 3436 l’operation
4006 3306 4056 3436 du
4181 3306 4431 3436 Cercle
4556 3306 4593 3436 N.
4631 3306 4706 3436 11.
4768 3306 4968 3436 com-

2868 3432 2955 3566 me
3043 3432 3155 3566 elle
3243 3432 3330 3566 eſt
3380 3432 3505 3566 icy
3555 3432 4055 3566 pourtraie
4192 3432 4192 3566 &
4280 3432 4704 3566 expliquée
4779 3432 4829 3566 en
4917 3432 4954 3566 la

2863 3553 3385 3690 deſcription.
3513 3553 3977 3690 ALExandre
4047 3553 4058 3690 y
4116 3553 4128 3690 à
4198 3553 4523 3690 conduit
4569 3553 4674 3690 ſon
4755 3553 4964 3690 eſpee

2856 3666 2918 3812 du
2981 3666 3168 3812 long
3281 3666 3293 3812 &
3368 3666 3481 3812 par
3543 3666 3593 3812 le
3681 3666 3981 3812 deſſous
4056 3666 4106 3812 de
4156 3666 4206 3812 la
4268 3666 4706 3812 contraire,
4768 3666 4968 3812 pour

2849 3799 2894 3912 en
2985 3799 3190 3912 venir
3235 3799 3247 3912 à
3292 3799 3338 3912 la
3406 3799 3952 3912 continuation
4088 3799 4100 3912 &
4157 3799 4566 3912 execution
4657 3799 4714 3912 du
4816 3799 4976 3912 Cer-

2850 3918 2937 4065 cle
3060 3918 3109 4065 N.
3171 3918 3257 4065 12.
3405 3918 3910 4065 Aucunefois
3947 3918 3984 4065 il
4046 3918 4095 4065 la
4169 3918 4452 4065 pourra
4514 3918 4970 4065 pratiquer,

2855 4045 3105 4175 quand
3150 4045 3423 4175 l’eſpee
3491 4045 3877 4175 contraire
3968 4045 4377 4175 deſcendra
4468 4045 4627 4175 vers
4683 4045 4740 4175 le
4808 4045 4967 4175 bas,

2851 4169 2899 4306 en
2997 4169 3460 4306 conduiſant
3533 4169 3570 4306 ſa
3631 4169 3911 4306 pointe
3972 4169 4033 4306 au
4119 4169 4302 4306 long
4436 4169 4436 4306 &
4509 4169 4619 4306 par
4680 4169 4741 4306 le
4826 4169 4972 4306 deſ-

2830 4288 2946 4411 ſus
3015 4288 3073 4411 de
3131 4288 3178 4411 la
3282 4288 3538 4411 meſme
3596 4288 3793 4411 lame
3875 4288 4339 4411 contraire;
4432 4288 4536 4411 ſur
4606 4288 4699 4411 ſon
4803 4288 4966 4411 bras

2854 4414 3183 4545 gauche,
3301 4414 3312 4545 &
3371 4414 3536 4545 ainſi
3606 4414 4347 4545 conſequemment
4429 4414 4476 4545 en
4570 4414 4770 4545 venir
4864 4414 4970 4545 de-

2830 4539 3101 4683 rechef
3172 4539 3172 4683 à
3254 4539 3290 4683 la
3408 4539 3668 4683 meſme
3738 4539 4222 4683 execution.
4352 4539 4411 4683 Au
4494 4539 4695 4683 reſte
4765 4539 4954 4683 pour

2830 4670 3245 4784 pratiquer
3318 4670 3379 4784 le
3465 4670 3636 4784 tout
3722 4670 4162 4784 juſtement
4247 4670 4430 4784 ſelon
4540 4670 4577 4784 la
4699 4670 4956 4784 deſcri-

2832 4792 3088 4919 ption,
3149 4792 3198 4919 ou
3284 4792 3320 4919 il
3393 4792 3479 4919 eſt
3540 4792 3966 4919 neceſſaire
4039 4792 4454 4919 d’adjuſter
4564 4792 4576 4919 &
4649 4792 4954 4919 accom-

2840 4914 2954 5042 plir
3056 4914 3477 5042 viſtement
3557 4914 3648 5042 les
3751 4914 4001 5042 temps
4104 4914 4218 5042 des
4331 4914 4946 5042 mouvements,

2844 5041 3152 5183 comme
3201 5041 3374 5183 auſſi
3411 5041 3448 5183 la
3521 5041 3718 5183 volte
3854 5041 3854 5183 &
3915 5041 3977 5183 le
4038 5041 4297 5183 pliage
4383 5041 4432 5183 du
4531 5041 4802 5183 corps;
4888 5041 4949 5183 ce

2827 5162 2974 5282 ſera
3071 5162 3120 5282 du
3242 5162 3961 5282 commencement
4059 5162 4278 5282 choſe
4376 5162 4680 5282 difficile
4741 5162 4753 5282 à
4827 5162 4961 5282 l’E-

2827 5286 3221 5423 ſcholier;
3357 5286 3505 5423 mais
3579 5286 3689 5423 par
3763 5286 3800 5423 la
3911 5286 4404 5423 continuelle
4490 5286 4811 5423 eſtude,
4946 5286 4946 5423 &

2828 5417 2955 5565 par
3031 5417 3462 5565 l’Exercice
3576 5417 3741 5565 qu’il
3830 5417 4185 5565 s’aſſeure
4287 5417 4743 5565 hardiment
4845 5417 4946 5565 d’y

2829 5547 3231 5688 parvenir.
3344 5547 3696 5688 Parquoy
3784 5547 3947 5688 qu’il
4010 5547 4098 5688 s’y
4173 5547 4475 5688 adonne
4550 5547 4713 5688 tant
4776 5547 4940 5688 plus

2838 5669 3596 5790 courageuſement.

2856 6529 3156 6695 Alexandre
3216 6529 3516 6695 cheminant
3600 6529 3636 6695 de
3696 6529 3732 6695 la
3804 6529 4020 6695 Seconde
4092 6529 4320 6695 Inſtance
4379 6529 4379 6695 à
4439 6529 4475 6695 la
4559 6529 4931 6695 Troiſieſme,

2950 6675 3090 6821 donne
3148 6675 3148 6821 à
3207 6675 3393 6821 l’eſpee
3439 6675 3707 6821 contraire
3754 6675 3801 6821 un
3859 6675 3975 6821 tour
4033 6675 4068 6821 de
4115 6675 4383 6821 ſecouſſe,
4453 6675 4616 6821 allant
4674 6675 4849 6821 dehors
4907 6675 4930 6821 le

2941 6800 3050 6949 bras
3123 6800 3160 6949 en
3232 6800 3426 6949 dedans
3499 6800 3524 6949 de
3572 6800 3790 6949 l’eſpee,
3875 6800 3900 6949 de
3948 6800 4094 6949 façon
4142 6800 4324 6949 qu’elle
4385 6800 4409 6949 en
4494 6800 4640 6949 ſaute
4810 6800 4943 6949 tres-

4782 6960 4941 7050 buche

1245 4241 1572 4423 Cercle
1812 4241 2139 4423 N.12.

1063 4514 1189 4651 Len
1252 4514 1379 4651 fait
1429 4514 1543 4651 icy
1606 4514 2149 4651 l’execution,
2225 4514 2516 4651 laiſſant
2604 4514 2705 4651 de-

1037 4644 1359 4776 ſcendre
1420 4644 1470 4776 ſa
1519 4644 1791 4776 pointe
1865 4644 1915 4776 au
2001 4644 2186 4776 long
2310 4644 2322 4776 &
2409 4644 2693 4776 deſſous

1035 4767 1306 4900 l’eſpee
1380 4767 1799 4900 contraire,
1910 4767 1910 4900 &
1972 4767 2009 4900 la
2071 4767 2367 4900 jettant
2416 4767 2428 4900 à
2490 4767 2699 4900 l’aide

1049 4889 1109 5025 du
1204 4889 1527 5025 poignet
1635 4889 1694 5025 de
1766 4889 1945 5025 haut
2041 4889 2089 5025 en
2184 4889 2304 5025 bas
2399 4889 2495 5025 ſur
2578 4889 2674 5025 ſon

587 5008 748 5153 bras
835 5008 1159 5153 gauche,
1221 5008 1482 5153 lequel
1532 5008 1569 5153 il
1631 5008 2042 5153 s’affermit
2116 5008 2377 5153 contre
2439 5008 2489 5153 la
2539 5008 2701 5153 poi-

593 5136 831 5270 trine,
950 5136 986 5270 en
1081 5136 1462 5270 avançant
1533 5136 1604 5270 un
1688 5136 1807 5270 peu
1890 5136 1938 5270 le
2021 5136 2211 5270 coſté
2306 5136 2532 5270 droit,
2687 5136 2687 5270 &

596 5259 1042 5401 changeant
1091 5259 1128 5401 la
1203 5259 1550 5401 ſituation
1661 5259 1711 5401 du
1797 5259 1971 5401 pied
2057 5259 2404 5401 gauche,
2503 5259 2689 5401 pour

581 5393 630 5529 le
692 5393 1086 5529 replanter
1147 5393 1258 5529 ſur
1320 5393 1369 5529 le
1480 5393 1849 5529 Diametre
1910 5393 2144 5529 lettre
2267 5393 2317 5529 X,
2390 5393 2452 5529 ou
2538 5393 2575 5529 il
2637 5393 2686 5529 ſe

596 5515 871 5635 charge
934 5515 984 5635 le
1059 5515 1284 5635 corps
1346 5515 1396 5635 en
1471 5515 1721 5635 avant,
1846 5515 1846 5635 &
1896 5515 2133 5635 bleſſe
2195 5515 2683 5635 l’adverſaire

581 5640 643 5766 au
742 5640 929 5766 coſté
1003 5640 1227 5766 droit,
1289 5640 1339 5766 en
1413 5640 1525 5766 luy
1587 5640 1948 5766 pouſſant
1997 5640 2271 5766 l’eſpee
2333 5640 2333 5766 à
2395 5640 2693 5766 travers

576 5753 624 5900 le
696 5753 958 5900 corps;
1066 5753 1376 5900 comme
1436 5753 1472 5900 il
1543 5753 1627 5900 eſt
1699 5753 2152 5900 repreſenté
2224 5753 2272 5900 en
2355 5753 2558 5900 leurs
2630 5753 2690 5900 fi-

602 5921 845 6013 gures.

756 6015 934 6150 Deux
1023 6015 1125 6150 des
1201 6015 1671 6150 principaux
1799 6015 2116 6150 Maiſtres
2193 6015 2256 6150 de
2333 6015 2396 6150 ce
2473 6015 2689 6150 pays,

601 6137 707 6271 qui
754 6137 1011 6271 furent
1058 6137 1128 6271 un
1199 6137 1362 6271 jour
1421 6137 1608 6271 pour
1667 6137 1807 6271 voir
1889 6137 2369 6271 ALExandre,
2404 6137 2674 6271 ayants

581 6255 982 6396 feuilletté
1020 6255 1120 6396 les
1208 6255 1596 6396 Tableaux
1659 6255 1721 6396 de
1784 6255 1847 6396 ce
1897 6255 2110 6396 livre,
2160 6255 2210 6396 ſe
2260 6255 2686 6396 prindrent

591 6383 733 6525 fort
781 6383 793 6525 à
863 6383 1443 6525 contrerooller
1514 6383 1549 6525 la
1609 6383 2235 6525 repreſentation
2342 6383 2401 6525 de
2484 6383 2673 6525 ceſte

595 6506 989 6644 operation
1075 6506 1432 6644 preſente
1519 6506 1568 6644 du
1703 6506 1949 6644 Cercle
2085 6506 2134 6644 N.
2208 6506 2306 6644 10.
2392 6506 2688 6644 ſouſte-

583 6635 808 6771 nants
856 6635 998 6771 fort
1117 6635 1129 6771 &
1200 6635 1438 6771 ferme
1521 6635 1723 6771 qu’ils
1782 6635 2411 6771 toucheroyent
2470 6635 2684 6771 infal-

580 6753 994 6887 liblement
1089 6753 1338 6887 quand
1444 6753 1492 6887 on
1598 6753 2119 6887 travailleroit
2190 6753 2297 6887 ſur
2380 6753 2522 6887 eux
2617 6753 2652 6887 en

1085 3062 1563 3176 LEXANDRE
1643 3062 1688 3176 en
1768 3062 2121 3176 pourſuit
2178 3062 2224 3176 la
2292 3062 2702 3176 continua-

1055 3186 1261 3300 tion,
1318 3186 1375 3300 ſe
1444 3186 1718 3300 tenant
1776 3186 1776 3300 à
1856 3186 2085 3300 pieds
2130 3186 2416 3300 fermes
2462 3186 2519 3300 le
2600 3186 2703 3300 co-

1047 3303 1482 3430 ſtégauche
1543 3303 1591 3430 en
1664 3303 1942 3430 avant,
2075 3303 2075 3430 &
2123 3303 2522 3430 panchant
2594 3303 2667 3430 pa

1048 3429 1492 3526 reillement
1564 3429 1624 3526 de
1672 3429 1720 3526 la
1780 3429 1972 3526 teſte
2056 3429 2356 3526 deſſous
2427 3429 2475 3526 le
2535 3429 2703 3526 bras

602 3550 667 3649 de
732 3550 1264 3649 l’adverſaire,
1340 3550 1514 3649 avec
1579 3550 1633 3649 le
1709 3550 1872 3649 bras
1948 3550 2133 3649 droit
2219 3550 2513 3649 eſtendn
2621 3550 2675 3649 en

579 3670 853 3770 arriere
978 3670 990 3770 &
1047 3670 1104 3770 le
1161 3670 1412 3770 coude
1469 3670 1823 3770 renverſé
1892 3670 1949 3770 en
2029 3670 2303 3770 deſſus,
2383 3670 2428 3770 en
2497 3670 2691 3770 ſorte

601 3799 729 3915 que
787 3799 833 3915 la
903 3799 1181 3915 pointe
1240 3799 1309 3915 de
1367 3799 1460 3915 ſon
1553 3799 1762 3915 eſpee
1820 3799 1878 3915 ſe
1960 3799 2169 3915 coule
2250 3799 2401 3915 vers
2459 3799 2517 3915 le
2575 3799 2691 3915 bas

581 3922 641 4039 au
713 3922 893 4039 long
953 3922 1013 4039 de
1061 3922 1337 4039 l’eſpee
1408 3922 1840 4039 contraire;
1900 3922 2080 4039 ſelon
2152 3922 2200 4039 le
2260 3922 2691 4039 pourtrai

612 4048 711 4165 des
786 4048 1096 4165 figures.

1316 2779 1638 2999 Cercle
1868 2779 2144 2999 N.

3552 6265 3857 6491 Cercle
4186 6265 4375 6491 .1a.

626 286 1126 418 repreſentée
1203 286 1254 418 au
1369 286 1664 418 Tableau
1754 286 2202 418 precedent
2318 286 2561 418 Cercle
2676 286 2715 418 N.

624 420 661 548 3.
736 420 736 548 à
799 420 1124 548 l’inſtant
1212 420 1337 548 que
1400 420 1450 548 le
1538 420 1713 548 pied
1801 420 1976 548 droit
2064 420 2176 548 s’en
2276 420 2339 548 va
2414 420 2715 548 tresbu-

628 546 795 676 cher
854 546 1033 676 avec
1081 546 1128 676 le
1200 546 1450 676 corps,
1545 546 1545 676 Z
1593 546 2129 676 ACHARIEluy
2188 546 2355 676 pare
2403 546 2451 676 le
2522 546 2701 676 coup

626 671 675 793 en
748 671 1102 793 hauſſant
1139 671 1188 793 le
1249 671 1420 793 bras
1469 671 1640 793 avec
1689 671 1957 793 l’eſpee
2018 671 2397 793 eſtendue
2458 671 2715 793 pareil-

606 794 908 903 lement
1013 794 1060 903 en
1165 794 1409 903 haut;
1526 794 1689 903 dont
1805 794 2376 903 ALEXANDRE
2457 794 2713 903 eſtend

607 919 1292 1046 ſemblablement
1354 919 1403 1046 le
1464 919 1586 1046 ſien
1672 919 1721 1046 en
1807 919 1990 1046 haut
2039 919 2211 1046 avec
2272 919 2578 1046 l’eſpee,
2651 919 2713 1046 de

610 1050 814 1171 ſorte
886 1050 1006 1171 que
1078 1050 1175 1171 les
1259 1050 1439 1171 deux
1511 1050 1776 1171 gardes
1836 1050 1884 1171 ſe
1956 1050 2533 1171 rencontrent,
2605 1050 2713 1171 qui

617 1171 886 1298 pouſſe
947 1171 996 1298 le
1045 1171 1216 1298 bras
1265 1171 1449 1298 avec
1498 1171 1779 1298 l’eſpee
1852 1171 2244 1298 contraire
2305 1171 2476 1298 plus
2550 1171 2709 1298 hau-

614 1298 710 1422 te,
818 1298 1324 1422 deſtournant
1396 1298 1842 1422 cependant
1890 1298 1938 1422 le
2022 1298 2191 1422 pied
2251 1298 2359 1422 qui
2432 1298 2709 1422 chemi-

613 1424 686 1547 ne
759 1424 819 1547 de
880 1424 916 1547 ſa
977 1424 1231 1547 courſe
1280 1424 1473 1547 pour
1534 1424 1582 1547 le
1655 1424 1958 1547 planter
2019 1424 2140 1547 par
2212 1424 2346 1547 delà
2418 1424 2467 1547 le
2588 1424 2709 1547 Dia-

644 1545 859 1674 metre
930 1545 930 1674 à
990 1545 1216 1674 lettre
1312 1545 1360 1674 L,
1407 1545 1908 1674 tournoyant
1956 1545 2004 1674 le
2063 1545 2278 1674 corps
2350 1545 2588 1674 deſſus
2660 1545 2708 1674 le

645 1671 948 1798 meſme,
1111 1671 1111 1798 &
1187 1671 1489 1798 voltant
1578 1671 1641 1798 de
1716 1671 1968 1798 grand’
2044 1671 2333 1798 viſteſſe
2409 1671 2459 1798 le
2535 1671 2711 1798 pied

623 1798 911 1911 gauche
971 1798 1151 1911 avec
1199 1798 1295 1911 les
1354 1798 1606 1911 orteils
1654 1798 1762 1911 ſur
1798 1798 2337 1911 l’interſeion
2433 1798 2493 1911 de
2541 1798 2589 1911 la
2637 1798 2697 1911 li-

628 1927 744 2049 gne
860 1927 860 2049 V
1027 1927 1091 2049 V,
1156 1927 1258 2049 ſur
1323 1927 1593 2049 lequel
1644 1927 1683 2049 il
1734 1927 1786 2049 ſe
1876 1927 2133 2049 charge
2210 1927 2261 2049 le
2338 1927 2557 2049 corps
2634 1927 2686 2049 en

607 2049 859 2170 avant,
955 2049 1015 2170 de
1063 2049 1280 2170 façon
1376 2049 1544 2170 qu’il
1580 2049 1700 2170 luy
1772 2049 1977 2170 entre
2061 2049 2337 2170 dedans
2385 2049 2481 2170 les
2542 2049 2698 2170 per-

604 2171 1213 2283 pendiculaires
1316 2171 1316 2283 &
1397 2171 1695 2283 deſſous
1741 2171 1833 2283 les
1891 2171 2166 2283 armes,
2224 2171 2488 2283 tenant
2545 2171 2706 2283 tou-

598 2292 846 2418 ſiours
905 2292 952 2418 le
1034 2292 1270 2418 viſage
1341 2292 1624 2418 tourné
1682 2292 1694 2418 à
1800 2292 1942 2418 main
2048 2292 2283 2418 droite
2342 2292 2531 2418 pour
2602 2292 2696 2418 re-

626 2419 875 2569 garder
946 2419 1040 2569 ſon
1111 2419 1431 2569 homme
1502 2419 1703 2569 entre
1750 2419 1857 2569 les
1927 2419 2117 2569 deux
2176 2419 2436 2569 yeux;
2507 2419 2708 2569 com-

642 2544 719 2672 me
757 2544 796 2672 il
873 2544 951 2672 eſt
1002 2544 1453 2672 repreſenté
1517 2544 1517 2672 à
1569 2544 1620 2672 la
1672 2544 1955 2672 figure.
