5520 7640
4844 5135 4879 5267 Il
4949 5135 5036 5267 eſt

2889 289 2927 422 la
3002 289 3264 422 ſienne
3327 289 3602 422 propre
3739 289 3739 422 &
3827 289 4202 422 graduant
4264 289 4489 422 ladite
4564 289 4977 422 contraire,

2888 416 3167 543 juſque
3244 416 3383 543 bien
3472 416 3637 543 pres
3726 416 3777 543 du
3891 416 4209 543 Centre,
4336 416 4387 543 de
4463 416 4666 543 façon
4768 416 4958 543 qu’en

2892 539 3014 667 luy
3087 539 3428 667 donnant
3501 539 3550 667 ce
3623 539 3793 667 tour
3866 539 3915 667 du
3988 539 4146 667 bras
4256 539 4256 667 &
4304 539 4670 667 plantant
4706 539 4767 667 le
4816 539 4986 667 pied

2909 665 3199 792 gauche
3251 665 3356 792 ſur
3396 665 3448 792 le
3567 665 3816 792 Quarré
3895 665 4342 792 exterieure
4382 665 4618 792 lettre
4724 665 4789 792 R,
4842 665 4881 792 il
4934 665 4973 792 la

2894 792 3080 907 jette
3149 792 3323 907 avec
3393 792 3636 907 force,
3694 792 3741 907 en
3834 792 3880 907 ſe
3961 792 4332 907 tournant
4390 792 4448 907 le
4518 792 4704 907 coſté
4796 792 4982 907 droit

2916 919 3220 1041 devant,
3290 919 3547 1041 qu’elle
3617 919 3816 1041 vient
3874 919 3886 1041 à
3956 919 4201 1041 ſauter
4295 919 4307 1041 &
4365 919 4856 1041 tresbueher
4914 919 4961 1041 au

2915 1040 3155 1163 deſſus
3248 1040 3301 1163 de
3367 1040 3421 1163 la
3474 1040 3673 1163 ligne
3753 1040 3753 1163 I
3859 1040 3926 1163 H;
4032 1040 4325 1163 comme
4391 1040 4431 1163 il
4498 1040 4577 1163 eſt
4684 1040 4990 1163 monſtré

2901 1166 3020 1293 par
3086 1166 3191 1293 les
3257 1166 3587 1293 figures.

755 283 902 405 buche
950 283 1023 405 ſur
1084 283 1292 405 laligne
1365 283 1377 405 I
1487 283 1548 405 H,
1609 283 1779 405 comme
1828 283 1865 405 il
1901 283 1950 405 eſt
2011 283 2206 405 declaré
2267 283 2365 405 plus
2426 283 2731 405 particulie-

757 413 946 547 rement
993 413 1029 547 cy
1088 413 1290 547 deſſous.

1136 597 1298 722 Oicy
1386 597 1536 722 une
1611 597 2011 722 operation
2123 597 2236 722 qui
2311 597 2548 722 prend
2623 597 2723 722 ſon

1102 719 1830 839 commencement
1900 719 1959 839 du
2076 719 2323 839 Cercle
2452 719 2487 839 N.
2546 719 2581 839 1.
2664 719 2722 839 ou

1128 846 1761 967 ALEXANDRE
1823 846 1835 967 à
1897 846 2183 967 ſujetté
2245 846 2518 967 l’eſpee
2592 846 2754 967 con-

1095 968 1376 1093 traire;
1522 968 1668 1093 Mais
1742 968 1924 1093 pour
2010 968 2388 1093 effeuer
2449 968 2497 1093 la
2583 968 2741 1093 pre-

641 1093 852 1217 ſente
902 1093 1076 1217 plus
1150 1093 1883 1217 commodement,
1958 1093 2120 1217 qu’il
2182 1093 2343 1217 face
2393 1093 2753 1217 l’aſſujet-

637 1217 1039 1338 tiſſement
1133 1217 1204 1338 de
1287 1217 1558 1338 l’eſpee
1641 1217 2019 1338 contraire
2090 1217 2267 1338 avec
2349 1217 2397 1338 ſa
2467 1217 2739 1338 pointe

645 1345 811 1467 plus
850 1345 1143 1467 haute,
1207 1345 1693 1467 accouplant
1744 1345 1846 1467 ſon
1974 1345 2012 1467 N.
2089 1345 2127 1467 8.
2204 1345 2255 1467 ou
2370 1345 2408 1467 9.
2472 1345 2472 1467 à
2587 1345 2638 1467 N.
2702 1345 2753 1467 4.

657 1471 714 1571 de
795 1471 1368 1571 l’adverſaire;
1459 1471 1643 1571 avec
1723 1471 1769 1571 ſa
1861 1471 2204 1571 branche
2296 1471 2743 1571 exterieure

634 1594 973 1715 tournée
1074 1594 1729 1715 diagonalement
1819 1594 2406 1715 contremont;
2519 1594 2756 1715 conti-

640 1721 874 1838 nuant
932 1721 944 1838 à
1014 1721 1295 1838 eſlever
1401 1721 1412 1838 &
1459 1721 1787 1838 avancer
1834 1721 1892 1838 le
1951 1721 2115 1838 pied
2185 1721 2407 1838 droit,
2478 1721 2747 1838 enſem-

635 1843 746 1963 ble
819 1843 979 1963 auſſi
1041 1843 1053 1963 à
1127 1843 1618 1963 tranſporter
1692 1843 1754 1963 un
1827 1843 1950 1963 peu
2024 1843 2184 1963 plus
2245 1843 2295 1963 en
2368 1843 2553 1963 haut
2663 1843 2663 1963 &
2725 1843 2737 1963 à

633 1969 734 2095 ſon
822 1969 1011 2095 coſté
1087 1969 1263 2095 droit
1338 1969 1603 2095 l’eſpee
1678 1969 2106 2095 contraire,
2194 1969 2245 2095 de
2320 1969 2647 2095 laquelle
2710 1969 2748 2095 il

634 2095 792 2214 face
853 2095 988 2214 une
1061 2095 1305 2214 petite
1354 2095 1635 2214 pauſe,
1696 2095 1927 2214 avant
2001 2095 2159 2214 qu’il
2208 2095 2269 2214 ſe
2318 2095 2513 2214 laiſſe
2574 2095 2758 2214 tres-

643 2216 945 2336 bucher
1001 2216 1057 2336 le
1135 2216 1415 2336 corps;
1482 2216 1639 2336 puis
1717 2216 2098 2336 continue
2165 2216 2176 2336 à
2255 2216 2512 2336 entrer
2568 2216 2747 2336 avec

634 2343 683 2459 le
768 2343 1024 2459 meſme
1085 2343 1256 2459 pied
1341 2343 1572 2459 eſlevé
1633 2343 1755 2459 par
1841 2343 1962 2459 delà
2035 2343 2096 2459 le
2194 2343 2571 2459 Diametre
2632 2343 2766 2459 ſui-

647 2468 807 2583 vant
881 2468 918 2583 la
992 2468 1189 2583 trace
1288 2468 1337 2583 du
1472 2468 1718 2583 Quarré
1792 2468 2051 2583 Inſcrit
2125 2468 2125 2583 à
2198 2468 2235 2583 la
2346 2468 2752 2583 Troiſieme

645 2588 1011 2706 Inſtance
1071 2588 1295 2706 lettre
1426 2588 1497 2706 N,
1568 2588 1745 2706 pour
1804 2588 2278 2706 pourſuivre
2337 2588 2396 2706 au
2491 2588 2751 2706 meſme

637 2713 896 2833 temps
945 2713 1130 2833 avec
1179 2713 1228 2833 le
1290 2713 1462 2833 pied
1524 2713 1856 2833 gauche,
1930 2713 1991 2833 de
2041 2713 2238 2833 ſorte
2311 2713 2472 2833 qu’il
2545 2713 2767 2833 pren-

633 2839 718 2957 ne
803 2839 863 2957 de
924 2839 972 2957 là
1045 2839 1190 2957 une
1251 2839 1626 2957 nouvelle
1711 2839 2038 2957 vigueur
2159 2839 2171 2957 &
2244 2839 2413 2957 qu’il
2474 2839 2667 2957 jette
2740 2839 2752 2957 à

629 2962 883 3080 pleine
952 2962 1160 3080 force
1230 2962 1414 3080 avec
1472 2962 1518 3080 le
1599 2962 1761 3080 bras
1841 2962 2142 3080 eſtendu
2234 2962 2349 3080 par
2407 2962 2465 3080 le
2569 2962 2753 3080 mou-

642 3087 961 3205 vement
1020 3087 1091 3205 de
1138 3087 1492 3205 l’eſpaule
1551 3087 1810 3205 l’eſpee
1893 3087 2282 3205 contraire
2365 3087 2424 3205 de
2506 3087 2683 3205 haut
2730 3087 2742 3205 à

636 3211 759 3334 bas
858 3211 1117 3334 devers
1178 3211 1277 3334 ſon
1388 3211 1573 3334 coſté
1647 3211 1992 3334 gauche,
2078 3211 2115 3334 en
2238 3211 2756 3334 deſgraduant

3580 1366 3904 1586 Cercle
4357 1366 4422 1586 4.

3385 1631 3866 1803 LEXANDRE
3977 1631 4433 1803 continuant
4507 1631 4964 1803 l’operation

3355 1796 3891 1920 precedente,
3937 1796 3994 1920 ſe
4051 1796 4325 1920 tourne
4382 1796 4895 1920 incontinent
4964 1796 4975 1920 à

3350 1917 3573 2050 pieds
3623 1917 3908 2050 fermes
3970 1917 4019 2050 le
4106 1917 4291 2050 coſté
4366 1917 4539 2050 droit
4626 1917 4675 2050 du
4774 1917 4985 2050 corps

3360 2043 3514 2169 vers
3562 2043 3597 2169 ſa
3657 2043 3942 2169 partie,
4025 2043 4476 2169 conduiſant
4560 2043 4987 2169 enſemble-

2936 2169 3112 2269 ment
3182 2169 3217 2269 ſa
3288 2169 3475 2269 lame
3557 2169 3733 2269 avec
3779 2169 3826 2269 le
3896 2169 4060 2269 bras
4142 2169 4435 2269 eſtendu
4541 2169 4658 2269 d’en
4751 2169 4868 2269 bas
4997 2169 4997 2269 &

2899 2293 3149 2421 haut,
3232 2293 3280 2421 la
3351 2293 3803 2421 preſentant
3874 2293 4053 2421 avec
4100 2293 4160 2421 le
4243 2293 4445 2421 corps
4528 2293 4826 2421 eſtendu
4980 2293 4992 2421 &

2902 2418 3229 2548 pourfilé
3289 2418 3338 2548 en
3434 2418 3664 2548 droite
3713 2418 3919 2548 ligne
3979 2418 4027 2548 en
4124 2418 4536 2548 courtoiſie
4608 2418 4875 2548 devant
4935 2418 4996 2548 le

2919 2542 3147 2671 viſage
3223 2542 3287 2671 de
3325 2542 3858 2671 l’adverſaire,
3897 2542 4125 2671 avant
4189 2542 4354 2671 qu’il
4392 2542 4633 2671 puiſſe
4684 2542 4849 2671 faire
4900 2542 5014 2671 au-

2915 2669 3027 2795 cun
3116 2669 3329 2795 autre
3408 2669 3912 2795 mouvement
3968 2669 4158 2795 pour
4203 2669 4259 2795 ſe
4327 2669 4741 2795 defendre;
4808 2669 5010 2795 com-

2942 2796 3013 2943 me
3084 2796 3132 2943 on
3215 2796 3358 2943 voit
3405 2796 3869 2943 repreſenté
3916 2796 4059 2943 aux
4107 2796 4428 2943 figures.
