5520 7640
1527 523 1546 735 L
1642 523 1758 735 eſt
1834 523 2199 735 certain
2315 523 2487 735 que
2564 523 2680 735 les
2756 523 3102 735 forces
3198 523 3851 735 corporelles
3909 523 4139 735 ſont
4274 523 4350 735 de
4427 523 4984 735 tres-gran-

1478 724 1536 887 de
1593 724 2168 887 importance,
2255 724 2513 887 quand
2585 724 2614 887 il
2686 724 2772 887 eſt
2858 724 3204 887 queſtion
3304 724 3362 887 de
3434 724 3477 887 ſe
3549 724 3851 887 battre.
4009 724 4268 887 Nature
4368 724 4641 887 meſme
4713 724 4871 887 leur
4943 724 4943 887 a

1462 873 1906 1027 empraint,
1963 873 2020 1027 je
2092 873 2163 1027 ne
2235 873 2349 1027 ſay
2435 873 2678 1027 quelle
2779 873 3079 1027 marque
3165 873 3666 1027 effroyable,
3723 873 3837 1027 par
3909 873 4252 1027 laquelle
4324 873 4524 1027 nous
4596 873 4953 1027 ſommes

1456 1016 1836 1164 eſtonnez
1927 1016 2058 1164 non
2163 1016 2621 1164 ſeulement
2726 1016 2765 1164 en
2883 1016 3328 1164 regardant
3419 1016 3629 1164 entre
3707 1016 3799 1164 les
3891 1016 4087 1164 yeux
4165 1016 4349 1164 ceux
4440 1016 4558 1164 qui
4624 1016 4676 1164 en
4781 1016 4951 1164 ſont

1473 1157 1702 1309 douëz
1769 1157 1890 1309 par
1970 1157 2212 1309 deſſus
2266 1157 2360 1309 les
2413 1157 2722 1309 autres,
2830 1157 2977 1309 mais
3058 1157 3340 1309 encore
3420 1157 3608 1309 aſſez
3689 1157 3756 1309 de
3823 1157 3998 1309 fois,
4078 1157 4092 1309 à
4159 1157 4253 1309 les
4320 1157 4481 1309 ouir
4548 1157 4951 1309 nommer

1444 1297 1610 1446 tant
1679 1297 2178 1446 ſeulement.
2316 1297 2787 1446 Cependant
2871 1297 2926 1446 on
3023 1297 3161 1446 voit
3245 1297 3522 1446 qu’aux
3605 1297 3868 1446 Lions,
3993 1297 4186 1446 Ours,
4297 1297 4311 1446 &
4408 1297 4657 1446 Tigres
4727 1297 4948 1446 toute

564 1437 723 1587 leur
789 1437 1001 1587 force
1068 1437 1147 1587 ne
1227 1437 1505 1587 profite
1598 1437 1664 1587 de
1730 1437 1850 1587 rien
1956 1437 2221 1587 contre
2287 1437 2327 1587 la
2433 1437 2817 1587 dexterité
2910 1437 3003 1587 des
3069 1437 3506 1587 hommes.
3652 1437 3785 1587 D’ou
3891 1437 4090 1587 vient
4182 1437 4368 1587 cela?
4434 1437 4646 1587 ſinon
4752 1437 4819 1587 de
4885 1437 4951 1587 ce

584 1578 707 1729 que
762 1578 803 1729 la
858 1578 1077 1729 force
1131 1578 1227 1729 eſt
1296 1578 1706 1729 touſiours
1761 1578 2391 1729 accompagnée
2473 1578 2528 1729 de
2610 1578 2952 1729 quelque
3020 1578 3417 1729 foibleſſe,
3486 1578 3540 1729 où
3636 1578 3691 1729 on
3773 1578 4252 1729 l’attrappe.
4362 1578 4430 1729 Le
4526 1578 4800 1729 meſme
4868 1578 4923 1729 en

572 1717 663 1861 eſt
716 1717 755 1861 il
820 1717 872 1861 en
964 1717 1225 1861 noſtre
1317 1717 1708 1861 Exercice.
1813 1717 1852 1861 Si
1904 1717 1996 1861 les
2087 1717 2649 1861 mouvements
2727 1717 2780 1861 du
2910 1717 3315 1861 Contraire
3368 1717 3537 1861 ſont
3603 1717 3969 1861 terribles
4021 1717 4073 1861 en
4151 1717 4661 1861 apparence,
4726 1717 4792 1861 ils
4870 1717 4948 1861 ne

564 1854 871 2004 laiſſent
941 1854 1053 2004 pas
1109 1854 1514 2004 pourtant
1583 1854 1849 2004 d’avoir
1918 1854 2072 2004 leur
2128 1854 2519 2004 foibleſſe,
2588 1854 2868 2004 durant
2924 1854 3273 2004 laquelle
3356 1854 3426 2004 on
3510 1854 3594 2004 les
3677 1854 3859 2004 peut
3957 1854 4361 2004 maiſtriſer
4487 1854 4487 2004 &
4557 1854 4962 2004 prevenir,

585 1998 780 2144 qu’ils
836 1998 1157 2144 n’ayent
1213 1998 1492 2144 jamais
1533 1998 1575 2144 le
1631 1998 1826 2144 loiſir
1896 1998 1952 2144 de
2008 1998 2063 2144 ſe
2119 1998 2524 2144 renforcer
2593 1998 2593 2144 à
2663 1998 2816 2144 leur
2872 1998 3304 2144 avantage.
3416 1998 3625 2144 Voylà
3695 1998 3737 2144 la
3834 1998 4211 2144 dexterité
4308 1998 4364 2144 de
4434 1998 4699 2144 noſtre
4811 1998 4964 2144 Ale-

574 2136 894 2283 xandre.
947 2136 1241 2283 faiſons
1321 2136 1361 2283 en
1481 2136 1534 2283 de
1641 2136 1947 2283 meſme.
2121 2136 2507 2283 Eſtimons
2587 2136 3134 2283 grandement
3214 2136 3347 2283 nos
3414 2136 3667 2283 forces
3747 2136 4281 2283 corporelles;
4387 2136 4534 2283 mais
4601 2136 4947 2283 ſachons

583 2281 716 2424 que
770 2281 956 2424 nous
1023 2281 1076 2424 en
1156 2281 1542 2424 perdrons
1608 2281 1662 2424 le
1715 2281 1941 2424 fruit,
1995 2281 2035 2424 ſi
2074 2281 2274 2424 nous
2327 2281 2381 2424 en
2461 2281 2807 2424 voulons
2847 2281 3060 2424 avoir
3100 2281 3379 2424 l’uſage
3446 2281 3685 2424 avant
3725 2281 3779 2424 le
3832 2281 4138 2424 temps.
4258 2281 4444 2424 C’eſt
4498 2281 4950 2424 pourquoy

598 2415 1037 2565 Alexandre
1088 2415 1140 2565 ſe
1204 2415 1592 2565 contente
1669 2415 2173 2565 d’entretenir
2237 2415 2780 2565 l’Adverſaire
2831 2415 3012 2565 avec
3090 2415 3141 2565 de
3206 2415 3438 2565 petits
3542 2415 4148 2565 mouvements,
4200 2415 4613 2565 reſervant
4665 2415 4755 2565 ſes
4807 2415 4949 2565 for-

587 2558 674 2703 ces
732 2558 1022 2703 juſqu’à
1080 2558 1254 2703 tant
1327 2558 1457 2703 que
1501 2558 1907 2703 l’occaſion
2008 2558 2066 2703 de
2124 2558 2240 2703 s’en
2342 2558 2733 2703 prevaloir
2791 2558 2835 2703 ſe
2893 2558 3270 2703 preſente
3328 2558 3357 2703 ſi
3415 2558 3647 2703 belle,
3720 2558 3879 2703 qu’il
3952 2558 4082 2703 ſoit
4140 2558 4633 2703 impoſsible
4706 2558 4952 2703 quelle

564 2695 676 2845 luy
745 2695 1192 2845 eſchappe:
1261 2695 1582 2845 comme
1666 2695 1721 2845 on
1819 2695 1972 2845 voit
2056 2695 2711 2845 manifeſtement
2781 2695 3116 2845 entouts
3158 2695 3255 2845 les
3339 2695 3757 2845 Exemples
3827 2695 3897 2845 de
3953 2695 4008 2845 ce
4078 2695 4385 2845 preſent
4482 2695 4859 2845 Tableau.
