5520 7640
1152 1276 1726 1440 DECLA
1864 1276 2557 1440 RATION
2794 1276 3051 1440 DES
3308 1276 4476 1440 OPERATIONS

1803 1477 1917 1563 DV
2089 1477 2718 1563 TABLEAV
2889 1477 3847 1563 DIXSEPTIEME.

1587 1666 1606 1885 A
1719 1666 1926 1885 plus
2020 1666 2227 1885 part
2340 1666 2415 1885 de
2509 1666 2735 1885 ceux
2830 1666 2980 1885 qui
3037 1666 3696 1885 s’adonnent
3771 1666 3771 1885 à
3903 1666 4260 1885 manier
4317 1666 4430 1885 les
4505 1666 4957 1885 fleurets,

1490 1878 1530 2023 le
1583 1878 1767 2023 font
1820 1878 1991 2023 avec
2031 1878 2440 2023 intention
2532 1878 2651 2023 d’en
2730 1878 3178 2023 apprendre
3231 1878 3692 2023 ſeulement
3745 1878 3798 2023 en
3877 1878 3943 2023 un
4048 1878 4220 2023 mois
4272 1878 4338 2023 ou
4431 1878 4602 2023 deux
4655 1878 4945 2023 (com-

1532 2015 1601 2160 me
1657 2015 1726 2160 ils
1795 2015 2155 2160 parlent)
2197 2015 2487 2160 autant
2556 2015 2723 2160 qu’il
2778 2015 2833 2160 en
2902 2015 3055 2160 faut
3110 2015 3304 2160 pour
3359 2015 3401 2160 ſe
3456 2015 3691 2160 ſavoir
3774 2015 4176 2160 defendre.
4287 2015 4342 2160 Et
4411 2015 4466 2160 de
4536 2015 4688 2160 vray
4757 2015 4937 2160 pour

1486 2154 1991 2297 l’intention,
2044 2154 2164 2297 elle
2230 2154 2323 2297 eſt
2377 2154 2403 2297 ſi
2443 2154 2802 2297 louable,
2869 2154 3001 2297 que
3068 2154 3121 2297 ce
3174 2154 3400 2297 ſeroit
3453 2154 3733 2297 crime,
3786 2154 3985 2297 apres
4038 2154 4291 2297 l’avoir
4357 2154 4770 2297 obtenue,
4876 2154 4942 2297 de

1500 2288 1797 2437 vouloir
1864 2288 2094 2437 paſſer
2148 2288 2310 2437 plus
2364 2288 2621 2437 outre.
2823 2288 2958 2437 Mais
2999 2288 3066 2437 ils
3134 2288 3701 2437 demonſtrent
3755 2288 3863 2437 par
3904 2288 3985 2437 là,
4052 2288 4241 2437 qu’ils
4295 2288 4376 2437 ne
4430 2288 4944 2437 s’entendent

1508 2430 1759 2572 gueres
1826 2430 1892 2572 au
1971 2430 2103 2572 fait
2183 2430 2289 2572 des
2381 2430 2699 2572 Armes,
2765 2430 2818 2572 en
2910 2430 2963 2572 ce
3029 2430 3228 2572 qu’ils
3294 2430 3664 2572 eſtiment
3717 2430 3757 2572 la
3823 2430 4088 2572 bonne
4194 2430 4551 2572 Defenſe,
4630 2430 4948 2572 comme

616 2562 686 2708 un
755 2562 1103 2708 premier
1159 2562 1326 2708 trait
1395 2562 2105 2708 d’apprentiſſage,
2175 2562 2481 2708 comme
2536 2562 2578 2708 ſi
2620 2562 3121 2708 l’excellence
3218 2562 3274 2708 de
3330 2562 3483 2708 l’art
3552 2562 3622 2708 ne
3705 2562 4109 2708 conſiſtoit
4193 2562 4332 2708 qu’à
4415 2562 4582 2708 faire
4652 2562 4944 2708 profeſ-

611 2703 742 2851 ſion
833 2703 886 2851 de
951 2703 1226 2851 braver
1291 2703 1553 2851 deffier
1684 2703 1684 2851 &
1762 2703 2129 2851 outrager
2194 2703 2377 2851 tout
2430 2703 2482 2851 le
2626 2703 2927 2851 Monde,
3005 2703 3176 2851 ſous
3241 2703 3699 2851 apparence
3790 2703 3856 2851 de
3934 2703 4235 2851 vaincre
4314 2703 4484 2851 tout
4536 2703 4654 2851 par
4706 2703 4955 2851 force.

680 2842 735 2989 Ne
790 2842 941 2989 voit
1009 2842 1064 2989 on
1146 2842 1256 2989 pas
1311 2842 1366 2989 au
1462 2842 1845 2989 contraire
1928 2842 1969 2989 en
2037 2842 2079 2989 la
2161 2842 2421 2989 guerre
2503 2842 2668 2989 qu’il
2736 2842 2750 2989 y
2819 2842 2832 2989 a
2915 2842 3148 2989 pareil
3203 2842 3573 2989 artifice,
3682 2842 3696 2989 &
3765 2842 4066 2989 pareille
4148 2842 4436 2989 gloire,
4519 2842 4519 2989 à
4587 2842 4752 2989 bien
4861 2842 4957 2989 de-

597 2978 885 3126 fendre
963 2978 1291 3126 comme
1369 2978 1369 3126 à
1435 2978 1592 3126 bien
1683 2978 1985 3126 aſſaillir
2050 2978 2050 3126 ?
2142 2978 2181 3126 la
2246 2978 2691 3126 perfeion
2783 2978 2862 3126 ne
2953 2978 3280 3126 conſiſte
3346 2978 3477 3126 non
3568 2978 3726 3126 plus
3804 2978 3856 3126 en
3935 2978 4144 3126 l’un,
4223 2978 4406 3126 qu’en
4511 2978 4550 3126 en
4642 2978 4956 3126 l’autre.

664 3118 716 3261 Ce
794 3118 963 3261 ſont
1027 3118 1248 3261 touts
1313 3118 1404 3261 les
1507 3118 1806 3261 meſmes
1883 3118 2350 3261 preceptes,
2402 3118 2506 3261 les
2584 3118 2895 3261 meſmes
2947 3118 3297 3261 aions,
3388 3118 3699 3261 dequoy
3764 3118 3855 3261 les
3933 3118 4192 3261 Parties
4244 3118 4296 3261 ſe
4335 3118 4685 3261 ſervent,
4737 3118 4945 3261 com-

595 3254 758 3399 bien
858 3254 970 3399 que
1020 3254 1120 3399 les
1158 3254 1633 3399 intentions
1683 3254 1971 3399 ſoyent
2046 3254 2409 3399 diverſes;
2446 3254 2546 3399 les
2596 3254 2721 3399 uns
2784 3254 2971 3399 pour
3034 3254 3372 3399 vaincre,
3409 3254 3509 3399 les
3547 3254 3809 3399 autres
3859 3254 4060 3399 pour
4122 3254 4397 3399 n’eſtre
4460 3254 4823 3399 vaincus.
4923 3254 4948 3399 A

636 3390 919 3532 meſure
983 3390 1112 3532 que
1164 3390 1447 3532 l’aſſaut
1511 3390 1601 3532 eſt
1666 3390 2065 3532 gouverné
2129 3390 2297 3532 avec
2348 3390 2516 3532 plus
2593 3390 2645 3532 de
2696 3390 2941 3532 force,
3005 3390 3057 3532 ou
3160 3390 3469 3532 d’eſprit,
3495 3390 3533 3532 il
3585 3390 3739 3532 faut
3816 3390 3932 3532 que
3984 3390 4023 3532 la
4113 3390 4409 3532 defenſe
4460 3390 4512 3532 le
4563 3390 4692 3532 ſoit
4757 3390 4950 3532 auſsi

600 3518 600 3664 à
668 3518 1185 3664 l’advenant,
1225 3518 1429 3664 pour
1497 3518 1687 3664 eſtre
1742 3518 2176 3664 ſuffiſante.
2326 3518 2679 3664 I’adyoue
2747 3518 2896 3664 bien
2991 3518 3154 3664 qu’il
3222 3518 3236 3664 y
3290 3518 3548 3664 auroit
3630 3518 3969 3664 quelque
4037 3518 4486 3664 apparence
4567 3518 4635 3664 de
4703 3518 4920 3664 raiſon

630 3657 683 3799 de
736 3657 789 3799 ſe
868 3657 1305 3799 contenter
1371 3657 1887 3799 legerement
1953 3657 2165 3799 d’une
2258 3657 2549 3799 defenſe
2615 3657 2774 3799 telle
2853 3657 3144 3799 quelle,
3210 3657 3250 3799 ſi
3303 3657 3356 3799 on
3448 3657 3673 3799 eſtoit
3726 3657 4017 3799 aſſeuré
4097 3657 4163 3799 de
4216 3657 4282 3799 ne
4335 3657 4824 3799 rencontrer
4864 3657 4957 3799 ja-

640 3795 798 3936 mais
837 3795 1060 3936 autre
1113 3795 1349 3936 aſſaut
1427 3795 1558 3936 que
1650 3795 1703 3936 de
1781 3795 1886 3936 ſon
1952 3795 2463 3936 ſemblable;
2608 3795 2608 3936 &
2686 3795 3001 3936 encores
3067 3795 3290 3936 plus,
3355 3795 3395 3936 ſi
3460 3795 3513 3936 on
3604 3795 3644 3936 le
3723 3795 4050 3936 pouvoit
4129 3795 4326 3936 avoir
4391 3795 4391 3936 à
4470 3795 4509 3936 ſa
4575 3795 4955 3936 fantaſie.

679 3932 812 4071 Mais
878 3932 931 4071 le
1011 3932 1395 4071 contraire
1461 3932 1514 4071 en
1594 3932 1687 4071 eſt
1740 3932 1912 4071 tout
2018 3932 2442 4071 manifeſte;
2508 3932 2575 4071 de
2654 3932 2972 4071 maniere
3052 3932 3211 4071 qu’il
3250 3932 3410 4071 faut
3476 3932 3608 4071 que
3648 3932 3688 4071 la
3754 3932 4019 4071 bonne
4138 3932 4430 4071 Defenſe
4483 3932 4616 4071 ſoit
4708 3932 4947 4071 munie

620 4070 883 4215 contre
939 4070 1160 4215 tout,
1257 4070 1271 4215 &
1326 4070 1589 4215 qu’elle
1644 4070 1727 4215 ne
1796 4070 1976 4215 peut
2059 4070 2183 4215 eſte
2252 4070 2584 4215 bonne,
2640 4070 2681 4215 ſi
2737 4070 2847 4215 elle
2902 4070 3082 4215 n’eſt
3151 4070 3207 4215 du
3276 4070 3456 4215 tout
3525 4070 3884 4215 parfaite.
3995 4070 4037 4215 Ie
4133 4070 4313 4215 diray
4382 4070 4548 4215 plus
4617 4070 4866 4215 qu’elle
4936 4070 4936 4215 a

599 4208 882 4351 autant
944 4208 1190 4351 beſoin
1289 4208 1350 4351 de
1424 4208 1794 4351 dexterité
1880 4208 2151 4351 contre
2225 4208 2397 4351 ceux
2471 4208 2569 4351 qui
2619 4208 3173 4351 n’entendent
3222 4208 3345 4351 pas
3382 4208 3468 4351 les
3555 4208 4035 4351 maniement
4121 4208 4207 4351 des
4257 4208 4540 4351 armes,
4589 4208 4712 4351 que
4786 4208 4946 4351 con-

616 4347 710 4490 tre
750 4347 843 4490 les
896 4347 1189 4490 autres.
1349 4347 1549 4490 Parce
1642 4347 1775 4490 que
1855 4347 1908 4490 ce
1962 4347 2148 4490 n’eſt
2228 4347 2335 4490 pas
2388 4347 2428 4490 la
2534 4347 2907 4490 dexterité
3001 4347 3427 4490 quibleſſe,
3520 4347 3667 4490 mais
3707 4347 3760 4490 le
3826 4347 4053 4490 coup;
4159 4347 4159 4490 &
4199 4347 4253 4490 le
4333 4347 4572 4490 coup,
4639 4347 4772 4490 ſoit
4825 4347 4945 4490 tiré

603 4483 784 4633 avec
836 4483 1262 4633 prudence
1326 4483 1378 4633 ou
1456 4483 1456 4633 à
1507 4483 2050 4633 l’adventure,
2102 4483 2140 4633 il
2179 4483 2231 4633 le
2282 4483 2450 4633 faut
2502 4483 2902 4633 touſiours
2954 4483 3432 4633 rencontrer
3510 4483 3678 4633 avec
3716 4483 3768 4633 le
3858 4483 4117 4633 meſme
4168 4483 4504 4633 artifice.
4672 4483 4737 4633 Et
4788 4483 4943 4633 puis

622 4620 674 4768 on
766 4620 910 4768 voit
976 4620 1316 4768 ſouvent
1394 4620 1512 4768 que
1591 4620 1761 4768 ceux
1840 4620 1957 4768 qui
2010 4620 2232 4768 n’ont
2285 4620 2390 4768 pas
2468 4620 2678 4768 d’art,
2743 4620 2979 4768 tirent
3070 4620 3345 4768 d’eſtoc
3463 4620 3476 4768 &
3542 4620 3594 4768 de
3646 4620 3843 4768 taille
3895 4620 3895 4768 à
3961 4620 4118 4768 tors
4209 4620 4222 4768 &
4262 4620 4275 4768 à
4327 4620 4641 4768 travers,
4694 4620 4746 4768 ſe
4798 4620 4956 4768 pre-

625 4757 1007 4910 cipitants
1073 4757 1205 4910 eux
1284 4757 1600 4910 meſmes
1653 4757 1666 4910 à
1745 4757 1956 4910 corps
2022 4757 2246 4910 perdu
2351 4757 2417 4910 au
2536 4757 2852 4910 danger,
2918 4757 2971 4910 ou
3037 4757 3116 4910 ils
3169 4757 3485 4910 veulent
3564 4757 3828 4910 mettre
3867 4757 3959 4910 les
4012 4757 4289 4910 autres:
4368 4757 4421 4910 de
4487 4757 4711 4910 façon
4803 4757 4961 4910 qu’il

635 4893 635 5049 v
713 4893 870 5049 faut
949 4893 1341 5049 proceder
1419 4893 1759 5049 ſouvent
1824 4893 1994 5049 avec
2073 4893 2243 5049 plus
2321 4893 2373 5049 de
2478 4893 3171 5049 circonſpeion:
3236 4893 3432 5049 pour
3497 4893 3576 5049 ne
3641 4893 3994 5049 recevoir
4059 4893 4112 5049 le
4190 4893 4739 5049 contrecoup,
4831 4893 4948 5049 que

636 5034 910 5185 contre
978 5034 1074 5185 les
1142 5034 1293 5185 plus
1375 5034 1991 5185 experimentez
2087 5034 2197 5185 qui
2251 5034 2566 5185 ſoyent.
2731 5034 2785 5185 Or
2840 5034 3005 5185 puis
3087 5034 3210 5185 que
3292 5034 3456 5185 c’eſt
3498 5034 3552 5185 le
3621 5034 4018 5185 principal
4086 5034 4305 5185 point
4374 5034 4429 5185 en
4511 5034 4566 5185 ce
4661 5034 4798 5185 cas,
4894 5034 4949 5185 de

614 5173 849 5317 ſavoir
914 5173 1071 5317 bien
1163 5173 1646 5317 rencontrer
1698 5173 1790 5317 les
1881 5173 2130 5317 coups
2208 5173 2273 5317 de
2339 5173 2587 5317 taille,
2652 5173 2861 5317 nous
2914 5173 2966 5317 en
3070 5173 3449 5317 mettrons
3488 5173 3593 5317 icy
3645 5173 3737 5317 les
3802 5173 4246 5317 exemples,
4351 5173 4455 5317 qui
4521 5173 4573 5317 ſe
4638 5173 4952 5317 preſen-

624 5309 789 5449 tent
828 5309 828 5449 à
891 5309 1070 5449 faire
1133 5309 1184 5449 en
1260 5309 1490 5449 allant
1553 5309 1553 5449 à
1668 5309 1808 5449 main
1910 5309 2177 5449 droite,
2241 5309 2559 5449 comme
2610 5309 2814 5449 nous
2890 5309 2941 5449 en
3030 5309 3259 5449 avons
3310 5309 3438 5449 fait
3489 5309 3540 5449 le
3590 5309 4036 5449 ſemblable
4151 5309 4253 5449 des
4329 5309 4584 5449 autres
4660 5309 4673 5449 à
4775 5309 4927 5449 main

635 5450 964 5605 gauche,
1018 5450 1073 5605 au
1155 5450 1594 5605 precedent
1690 5450 1991 5605 Tableau
2101 5450 2690 5605 quatorzieme.

2881 5624 2942 5753 de
2979 5624 3016 5753 la
3089 5624 3505 5753 contraire;
3529 5624 3566 5753 il
3615 5624 3969 5753 pourſuit
4006 5624 4458 5753 l’operation
4544 5624 4593 5753 du
4703 5624 4935 5753 Cercle

2852 5747 3191 5876 preſent,
3275 5747 3324 5876 en
3408 5747 3795 5876 avançant
3868 5747 3916 5876 le
3989 5747 4158 5876 pied
4243 5747 4412 5876 droit
4485 5747 4594 5876 par
4678 5747 4811 5876 delà
4884 5747 4932 5876 le

2903 5872 3267 5997 Diametre
3352 5872 3461 5997 par
3510 5872 3546 5997 la
3607 5872 3801 5997 trace
3874 5872 3923 5997 du
4056 5872 4311 5997 Quarré
4360 5872 4651 5997 Inſcrit,
4761 5872 4761 5997 &
4821 5872 4931 5997 ac-

2864 5991 3229 6123 couplant
3298 5991 3926 6123 enſemblement
3983 5991 4028 6123 ſa
4085 5991 4279 6123 lame
4359 5991 4405 6123 en
4496 5991 4770 6123 dehors
4850 5991 4907 6123 du

2855 6115 3022 6245 bras
3070 6115 3082 6245 à
3141 6115 3404 6245 l’eſpee
3463 6115 3928 6245 contraire,
3988 6115 4334 6245 plantant
4393 6115 4441 6245 le
4513 6115 4692 6245 pied
4775 6115 4930 6245 eſle-

2867 6238 2928 6363 vé
2977 6238 3087 6363 ſur
3124 6238 3172 6363 la
3246 6238 3588 6363 Seconde
3649 6238 3991 6363 Inſtance
4040 6238 4260 6363 lettre
4370 6238 4419 6363 G,
4468 6238 4651 6363 pour
4712 6238 4945 6363 pour-

2859 6361 3098 6495 ſuivre
3160 6361 3336 6495 avec
3411 6361 3461 6495 le
3536 6361 3700 6495 pied
3787 6361 4063 6495 gauche
4126 6361 4239 6495 ſur
4302 6361 4352 6495 le
4477 6361 4728 6495 Quarré
4828 6361 4941 6495 Cir-

2872 6486 3188 6616 conſcrit
3249 6486 3480 6616 lettre
3589 6486 3650 6616 D,
3771 6486 3783 6616 &
3844 6486 4172 6616 ſujetter
4220 6486 4281 6616 au
4378 6486 4633 6616 meſme
4682 6486 4937 6616 temps

2862 6611 3120 6749 l’eſpee
3194 6611 3563 6749 contraire
3612 6611 3796 6749 avec
3845 6611 4005 6749 plus
4067 6611 4128 6749 de
4177 6611 4448 6749 force,
4509 6611 4632 6749 que
4681 6611 4927 6749 l’ordi-

4730 6744 4920 6825 naire

1319 5648 1638 5837 Cercle
1851 5648 2064 5837 N1.

651 5866 940 5992 Alexandre
1018 5866 1218 5992 marche
1274 5866 1307 5992 de
1351 5866 1385 5992 la
1451 5866 1707 5992 Premiere
1751 5866 1985 5992 Inſtance
2051 5866 2096 5992 au
2184 5866 2218 5992 de
2251 5866 2296 5992 là
2340 5866 2362 5992 le
2451 5866 2707 5992 Diametre

738 5992 749 6126 à
794 5992 827 6126 la
895 5992 1130 6126 Seconde,
1186 5992 1455 6126 ſujettant
1499 5992 1679 6126 l’eſpee
1723 5992 1981 6126 contraire
2026 5992 2071 6126 en
2127 5992 2295 6126 dehors
2351 5992 2384 6126 du
2440 5992 2552 6126 bras
2597 5992 2676 6126 ave

740 6137 882 6251 poids
941 6137 977 6251 de
1024 6137 1238 6251 force.

1126 6258 1404 6396 Eſtants
1467 6258 1782 6396 plantez
1820 6258 1934 6396 les
2009 6258 2199 6396 deux
2287 6258 2552 6396 Parties
2602 6258 2703 6396 ſur

1074 6384 1124 6504 le
1212 6384 1501 6504 Cercle,
1589 6384 1890 6504 chaſcun
1965 6384 2015 6504 en
2091 6384 2191 6504 ſon
2342 6384 2706 6504 Quadran-

1089 6508 1192 6653 gle
1243 6508 1422 6653 avec
1461 6508 1730 6653 l’eſpee
1794 6508 1845 6653 en
1922 6508 2165 6653 droite
2203 6508 2460 6653 ligne,
2536 6508 2703 6653 celle

1100 6630 2213 6773 d’ALEXANDREparallele
2274 6630 2323 6773 au
2420 6630 2714 6773 deſſous
