5520 7640
3596 2520 3902 2708 Cercle
4099 2520 4362 2708 N.4.

2872 2755 3127 2871 Lacharie
3185 2755 3278 2871 tire
3347 2755 3463 2871 vers
3521 2755 3545 2871 le
3603 2755 3777 2871 viſage
3858 2755 4299 2871 d’Alexandre;
4368 2755 4450 2871 qui
4496 2755 4531 2871 le
4589 2755 4879 2871 deſgrade
4937 2755 4972 2871 au

2974 2879 3137 2999 meſme
3181 2879 3399 2999 temps,
3442 2879 3660 2999 entrant
3715 2879 3823 2999 avec
3878 2879 3900 2999 le
3954 2879 4063 2999 pied
4118 2879 4314 2999 gauche
4357 2879 4444 2999 par
4499 2879 4564 2999 deç
4651 2879 4684 2999 le
4782 2879 4978 2999 Diame-

2974 2992 3077 3121 tre,
3115 2992 3192 3121 luy
3244 2992 3398 3121 domte
3488 2992 3488 3121 &
3553 2992 3823 3121 aſſujettit
3874 2992 4131 3121 l’eſpee.

2876 274 3303 410 contraire,
3364 274 3670 410 comme
3719 274 3780 410 au
3890 274 4134 410 Cercle
4244 274 4280 410 N.
4329 274 4366 410 1.
4464 274 4989 410 ZACHARIE

2865 398 2916 537 ſe
3004 398 3129 537 met
3192 398 3569 537 derechef
3607 398 3619 537 à
3682 398 4097 537 pratiquer
4135 398 4185 537 là
4273 398 4512 537 deſſus
4575 398 4989 537 l’eſtrama-

2887 526 2995 666 çon
3079 526 3139 666 du
3247 526 3487 666 Cercle
3547 526 4038 666 precedent,
4098 526 4146 666 en
4254 526 4650 666 marchant
4697 526 4877 666 avec
4937 526 4985 666 le

2865 656 3044 792 pied
3108 656 3287 792 droit
3338 656 3351 792 à
3402 656 3453 792 la
3505 656 3735 792 lettre
3812 656 3863 792 S,
3953 656 3953 792 &
4017 656 4490 792 conduiſant
4567 656 4989 792 enſemble-

2887 778 3074 921 ment
3124 778 3224 921 ſon
3311 778 3524 921 eſpee
3574 778 3586 921 à
3636 778 3674 921 la
3761 778 3998 921 ronde
4086 778 4198 921 par
4285 778 4523 921 deſſus
4598 778 4647 921 ſa
4722 778 4910 921 teſte
4972 778 4985 921 à

2857 909 3071 1030 l’aide
3146 909 3197 1030 du
3298 909 3575 1030 coude.
3739 909 3916 1030 Dont
4016 909 4558 1030 ALEXANDRE
4647 909 4748 1030 dés
4836 909 5000 1030 qu’il

2856 1038 3275 1177 apperçoit
3336 1038 3447 1177 par
3508 1038 3558 1177 le
3656 1038 4173 1177 Sentiment,
4272 1038 4395 1177 que
4469 1038 4752 1177 l’eſpee
4825 1038 4998 1177 con-

2865 1159 3083 1279 traire
3144 1159 3617 1279 commence
3677 1159 3677 1279 à
3750 1159 3798 1279 ſe
3871 1159 4331 1279 deſtacher,
4392 1159 4659 1279 eſtend
4707 1159 4756 1279 la
4804 1159 4986 1279 ſien-

2853 1284 2935 1427 ne
2983 1284 3160 1427 avec
3207 1284 3266 1427 le
3314 1284 3479 1427 bras
3527 1284 3597 1427 un
3668 1284 3787 1427 peu
3869 1284 3917 1427 au
4011 1284 4260 1427 deſſus
4342 1284 4390 1427 du
4484 1284 4827 1427 ſommet
4910 1284 4981 1427 de

2850 1408 2887 1552 la
2949 1408 3146 1552 teſte
3220 1408 3664 1552 contraire,
3726 1408 4084 1552 plantant
4121 1408 4183 1552 le
4232 1408 4417 1552 pied
4479 1408 4676 1552 droit
4726 1408 4726 1552 à
4787 1408 4985 1552 terre

2854 1537 3028 1679 pres
3065 1537 3115 1679 la
3164 1537 3401 1679 lettre
3500 1537 3537 1679 G,
3637 1537 3649 1679 &
3712 1537 4072 1679 hauſſant
4122 1537 4172 1679 le
4246 1537 4545 1679 gauche
4607 1537 4656 1679 en
4731 1537 4992 1679 avant,

2916 1672 2928 1792 &
2976 1672 3460 1792 attouchant
3533 1672 3581 1792 au
3690 1672 3945 1792 meſme
4017 1672 4272 1792 temps
4356 1672 4417 1792 du
4562 1672 4598 1792 N.
4659 1672 4707 1792 2,
4792 1672 4841 1792 ou
4937 1672 4974 1792 3.

2864 1790 2938 1918 de
3000 1790 3037 1918 ſa
3112 1790 3310 1918 lame
3372 1790 3421 1918 le
3545 1790 3595 1918 N.
3656 1790 3768 1918 10.
3867 1790 3917 1918 de
3978 1790 4251 1918 l’eſpee
4338 1790 4783 1918 contraire,
4870 1790 4982 1918 du-

2847 1916 3010 2053 rant
3079 1916 3207 2053 que
3265 1916 3300 2053 la
3370 1916 3638 2053 pointe
3707 1916 3754 2053 en
3835 1916 3928 2053 eſt
3987 1916 4219 2053 encor
4277 1916 4568 2053 eſlevée
4638 1916 4685 2053 en
4766 1916 4975 2053 haut,

2911 2035 2911 2179 &
2971 2035 3188 2179 avant
3260 2035 3513 2179 qu’elle
3585 2035 3995 2179 desbande
4055 2035 4103 2179 le
4188 2035 4368 2179 coup
4453 2035 4573 2179 par
4645 2035 4693 2179 le
4790 2035 4995 2179 mou-

2864 2166 3182 2293 vement
3231 2166 3537 2293 naturel
3610 2166 3671 2293 de
3708 2166 3757 2293 la
3830 2166 4258 2293 deſcente;
4295 2166 4466 2293 ainſi
4540 2166 4699 2293 qu’il
4760 2166 4845 2293 eſt
4894 2166 4992 2293 re-

2854 2294 3210 2432 preſenté
3260 2294 3400 2432 aux
3451 2294 3781 2432 figures.

1305 773 1615 961 Cercle
1859 773 2148 961 N.2.

3354 3180 3783 3317 Ontinuant
3831 3180 3866 3317 la
3926 3180 4403 3317 precedẽte,
4510 3180 4999 3317 ZACHARIE

3307 3298 3552 3443 laſche
3601 3298 3651 3443 le
3724 3298 3908 3443 coup
3982 3298 4043 3443 de
4117 3298 4154 3443 ſa
4228 3298 4485 3443 lame,
4571 3298 4755 3443 pour
4854 3298 4989 3443 deſ-

3318 3427 3611 3561 cendre
3681 3427 4349 3561 diagonalement
4408 3427 4572 3561 vers
4619 3427 4666 3561 le
4748 3427 4982 3561 viſage

3329 3547 3389 3678 de
3460 3547 3495 3678 ſa
3578 3547 3886 3678 partie;
3957 3547 4063 3678 ſur
4146 3547 4336 3678 quoy
4442 3547 4987 3678 ALEXANDRE

2849 3660 2896 3782 ſe
2955 3660 3237 3782 tourne
3284 3660 3331 3782 le
3390 3660 3555 3782 bras
3614 3660 3661 3782 en
3755 3660 4096 3782 dedans,
4213 3660 4213 3782 &
4272 3660 4307 3782 la
4366 3660 4719 3782 branche
4789 3660 4989 3782 exte-

2851 3786 3105 3930 rieure
3166 3786 3239 3930 de
3299 3786 3347 3930 ſa
3432 3786 3650 3930 garde
3711 3786 3759 3930 en
3856 3786 4110 3930 haut,
4219 3786 4607 3930 graduant
4667 3786 4716 3930 ſa
4788 3786 4982 3930 lame

2852 3911 3035 4056 avec
3084 3911 3133 4056 la
3243 3911 3389 4056 main
3499 3911 4086 4056 deſcendante,
4257 3911 4257 4056 &
4354 3911 4880 4056 deſgraduant
4941 3911 4990 4056 la

2865 4038 3324 4177 contraire,
3421 4038 3469 4177 en
3554 4038 3760 4177 ſorte
3844 4038 4001 4177 qu’il
4062 4038 4110 4177 en
4183 4038 4557 4177 aſſemble
4630 4038 4727 4177 ſon
4872 4038 4992 4177 N.8.

2854 4170 2914 4306 au
3047 4170 3083 4306 N.
3155 4170 3191 4306 4.
3252 4170 3312 4306 ou
3396 4170 3432 4306 5.
3529 4170 3589 4306 de
3637 4170 3879 4306 ladite
3939 4170 4156 4306 eſpee
4216 4170 4650 4306 contraire,
4686 4170 5000 4306 laquel-

2852 4289 2900 4409 le
2948 4289 2984 4409 il
3045 4289 3310 4409 pouſſe
3370 4289 3551 4409 avec
3599 4289 3647 4409 la
3732 4289 3889 4409 main
3973 4289 4515 4409 deſcendante
4564 4289 4853 4409 arriere
4925 4289 4998 4409 de

2853 4411 2975 4556 ſoy
3047 4411 3193 4556 vers
3242 4411 3290 4556 le
3363 4411 3557 4556 coſté
3618 4411 3958 4556 gauche,
4055 4411 4237 4556 avec
4285 4411 4334 4556 le
4419 4411 4637 4556 corps
4686 4411 4989 4556 panché

2868 4538 2917 4681 en
3002 4538 3341 4681 devant,
3462 4538 3474 4681 &
3523 4538 3571 4681 le
3620 4538 3789 4681 pied
3862 4538 4080 4681 eſlevé
4153 4538 4262 4681 qui
4310 4538 4662 4681 s’avance
4722 4538 4989 4681 pareil-

2854 4661 3152 4810 lement
3214 4661 3251 4810 en
3350 4661 3511 4810 deçà
3561 4661 3611 4810 le
3697 4661 4069 4810 Diametre
4119 4661 4230 4810 ſur
4280 4661 4825 4810 l’interſeion
4925 4661 4987 4810 de

2851 4787 2885 4907 la
2953 4787 3451 4907 traverſante
3497 4787 3938 4907 interieure
4029 4787 4233 4907 entre
4278 4787 4380 4907 les
4470 4787 4652 4907 deux
4708 4787 4980 4907 lettres

2870 4909 2870 5045 I
2996 4909 3009 5045 &
3136 4909 3186 5045 N,
3250 4909 3427 5045 ainſi
3465 4909 3503 5045 la
3604 4909 3858 5045 domte
3997 4909 3997 5045 &
4073 4909 4453 5045 aſſujettit
4529 4909 4706 5045 avec
4782 4909 4985 5045 force

2919 5043 2919 5187 &
2967 5043 3160 5187 avec
3208 5043 3245 5187 ſa
3305 5043 3582 5187 pointe
3654 5043 4101 5187 montante;
4161 5043 4474 5187 comme
4522 5043 4631 5187 les
4691 5043 4993 5187 figures

2879 5166 3450 5262 demonſtrent.

3017 5287 3240 5437 Notez
3315 5287 3909 5437 qu’ALExandre
3984 5287 4120 5437 doit
4182 5287 4616 5437 accoupler
4665 5287 4702 5437 ſa
4764 5287 4987 5437 poin-

2865 5417 2926 5557 te
2986 5417 2986 5557 à
3047 5417 3313 5557 l’eſpee
3386 5417 3761 5557 contraire
3822 5417 3991 5557 avec
4052 5417 4100 5557 le
4149 5417 4318 5557 bras
4379 5417 4742 5557 eſtendu,
4778 5417 4790 5557 à
4839 5417 4996 5557 l’in-

2870 5540 3065 5683 ſtant
3156 5540 3416 5683 qu’elle
3468 5540 3481 5683 a
3533 5540 3662 5683 fait
3701 5540 3753 5683 le
3818 5540 3987 5683 tour
4039 5540 4156 5683 par
4234 5540 4467 5683 deſſus
4519 5540 4558 5683 ſa
4623 5540 4857 5683 teſte,
4987 5540 4987 5683 &

2887 5666 3144 5808 durant
3238 5666 3367 5808 que
3437 5666 3484 5808 la
3555 5666 3824 5808 pointe
3906 5666 3953 5808 en
4059 5666 4141 5808 eſt
4234 5666 4457 5808 encor
4539 5666 4832 5808 eſlevée
4914 5666 4961 5808 en

2865 5788 3073 5929 haut;
3182 5788 3182 5929 &
3231 5788 3402 5929 auſſi
3463 5788 3597 5929 toſt
3658 5788 3926 5929 qu’elle
3999 5788 4206 5929 vient
4279 5788 4279 5929 à
4377 5788 4803 5929 deſcendre
4876 5788 4986 5929 na-

2867 5922 3397 6066 turellement
3446 5922 3643 6066 pour
3717 5922 4000 6066 donner
4050 5922 4099 6066 le
4173 5922 4419 6066 coup,
4518 5922 4555 6066 il
4604 5922 4764 6066 faut
4838 5922 4998 6066 qu’il

2864 6044 3021 6189 face
3094 6044 3263 6189 auſſi
3348 6044 3384 6189 la
3481 6044 4073 6189 deſgraduation
4194 6044 4255 6189 au
4376 6044 4630 6189 meſme
4690 6044 4980 6189 temps,

2862 6174 3048 6294 avec
3106 6174 3153 6294 le
3234 6174 3455 6294 corps
3514 6174 3816 6294 panché
3898 6174 3956 6294 de
4061 6174 4317 6294 meſme
4398 6174 4445 6294 en
4538 6174 4817 6294 avant,
4980 6174 4980 6294 &

2866 6294 2916 6440 le
2990 6294 3164 6440 pied
3226 6294 3510 6440 gauche
3585 6294 3882 6440 eſlevé,
3969 6294 4167 6440 pour
4216 6294 4526 6440 planter
4563 6294 4761 6440 ſelon
4848 6294 4984 6440 que

2869 6423 3070 6568 nous
3146 6423 3436 6568 venons
3512 6423 3575 6568 de
3625 6423 4016 6568 ſpecifier.
4180 6423 4230 6568 Or
4281 6423 4445 6568 puis
4520 6423 4672 6568 qu’il
4735 6423 4823 6568 eſt
4873 6423 4987 6568 icy

2871 6544 3119 6688 beſoin
3206 6544 3280 6688 de
3330 6544 3466 6688 fort
3540 6544 3813 6688 grande
3862 6544 4246 6688 addreſſe,
4283 6544 4482 6688 pour
4543 6544 4989 6688 compaſſer

2860 6670 2953 6814 les
3012 6670 3268 6814 temps
3338 6670 3408 6814 de
3478 6670 3584 6814 ces
3654 6670 4237 6814 mouvements,
4296 6670 4412 6814 qui
4447 6670 4611 6814 ſont
4657 6670 4692 6814 ſi
4751 6670 4996 6814 viſtes,

2868 6794 2905 6945 il
2943 6794 3019 6945 ne
3095 6794 3246 6945 faut
3322 6794 3587 6945 douter
3675 6794 3801 6945 que
3864 6794 4331 6945 l’Eſcholier
4394 6794 4483 6945 ne
4546 6794 4634 6945 s’y
4710 6794 4988 6945 trouve

4805 6984 5001 7074 gran-

611 315 813 449 naire
884 315 967 449 ne
1038 315 1453 449 requiert,
1537 315 1726 449 pour
1786 315 1904 449 luy
1988 315 2284 449 donner
2344 315 2498 449 tant
2557 315 2711 449 plus

640 440 1040 570 d’occaſion
1137 440 1198 570 de
1271 440 1683 570 pratiquer
1731 440 2204 570 alencontre
2241 440 2701 570 l’operation

639 581 688 674 du
800 581 1035 674 Cercle
1096 581 1418 674 ſuivant.

631 1041 924 1177 Cependant
995 1041 1428 1177 qu’Alexandre
1486 1041 1721 1177 s’avance
1791 1041 1908 1177 pour
1967 1041 2248 1177 accomplir
2283 1041 2306 1177 le
2376 1041 2435 1177 dit
2493 1041 2716 1177 aſſujet-

731 1168 1038 1299 tiſement;
1082 1168 1126 1299 au
1192 1168 1356 1299 meſme
1400 1168 1564 1299 temps
1641 1168 1893 1299 Zacharie
1937 1168 1970 1299 ſe
2003 1168 2321 1299 transporte
2376 1168 2485 1299 avec
2529 1168 2562 1299 le
2606 1168 2704 1299 piea

742 1295 860 1420 droit
903 1295 947 1420 au
1011 1295 1119 1420 deça
1162 1295 1194 1420 le
1281 1295 1539 1420 Diametre
1582 1295 1658 1420 ſur
1701 1295 1733 1420 la
1776 1295 1938 1420 lettre
2002 1295 2045 1420 S,
2110 1295 2304 1420 menant
2336 1295 2390 1420 un
2433 1295 2552 1420 coup
2627 1295 2713 1420 d’e-

728 1421 1056 1542 ſtramaçon,
1092 1421 1493 1542 (pourſuivant
1541 1421 1663 1542 avec
1711 1421 1736 1542 le
1784 1421 1893 1542 pied
1966 1421 2160 1542 gauche
2209 1421 2282 1542 ſur
2330 1421 2354 1542 le
2403 1421 2536 1542 point

743 1554 780 1672 an
842 1554 1014 1672 viſage
1075 1554 1100 1672 de
1149 1554 1210 1672 ſon
1284 1554 1640 1672 Contraire.

1090 1705 1301 1822 Vrant
1371 1705 2143 1822 qu’ALEXANDRE
2214 1705 2600 1822 s’avance,
2646 1705 2693 1822 en

1059 1824 1107 1929 la
1179 1824 1455 1929 ſuſdite
1563 1824 1912 1929 maniere,
1972 1824 1984 1929 à
2044 1824 2092 1929 la
2176 1824 2537 1929 Seconde
2621 1824 2717 1929 In-

1056 1950 1348 2071 ſtance,
1396 1950 1590 2071 pour
1639 1950 2015 2071 aſſujettir
2064 1950 2331 2071 l’eſpee
2404 1950 2720 2071 contrai-

1060 2075 1107 2171 re
1176 2075 1223 2171 en
1304 2075 1583 2171 dehors
1653 2075 1699 2171 du
1769 2075 1931 2171 bras
1978 2075 2152 2171 avec
2222 2075 2489 2171 force;
2594 2075 2605 2171 Z
2675 2075 2675 2171 A

627 2197 960 2317 CHARIE
1040 2197 1327 2317 marche
1384 2197 1442 2317 au
1545 2197 1797 2317 meſme
1866 2197 2119 2317 temps
2187 2197 2360 2317 avec
2417 2197 2463 2317 le
2532 2197 2635 2317 pie
2692 2197 2704 2317 d

621 2320 811 2447 droit
862 2320 977 2447 par
1028 2320 1066 2447 la
1129 2320 1333 2447 trace
1409 2320 1460 2447 du
1587 2320 1841 2447 Quarré
1917 2320 2171 2447 Inſcrit
2248 2320 2299 2447 au
2413 2320 2578 2447 deça
2654 2320 2705 2447 le

650 2449 1026 2560 Diametre
1099 2449 1196 2560 ſur
1269 2449 1305 2560 la
1366 2449 1596 2560 lettre
1681 2449 1754 2560 S,
1851 2449 2313 2560 conduiſant
2385 2449 2422 2560 ſa
2507 2449 2701 2560 lame

598 2568 778 2691 avec
826 2568 1031 2691 l’aide
1103 2568 1151 2691 du
1236 2568 1476 2691 coude
1549 2568 1561 2691 à
1621 2568 1669 2691 la
1729 2568 1970 2691 ronde
2018 2568 2138 2691 par
2223 2568 2463 2691 deſſus
2512 2568 2548 2691 ſa
2620 2568 2716 2691 te-

597 2692 731 2813 ſte,
791 2692 852 2813 de
913 2692 1119 2813 façon
1204 2692 1362 2813 qu’il
1423 2692 1459 2813 en
1544 2692 1666 2813 tire
1726 2692 1787 2813 un
1872 2692 2054 2813 coup
2127 2692 2685 2813 d’eſtramaçon

611 2816 963 2937 diagonal
1012 2816 1109 2937 (en
1181 2816 1703 2937 pourſuivant
1776 2816 1958 2937 avec
2031 2816 2079 2937 le
2152 2816 2322 2937 pied
2407 2816 2698 2937 gauche

594 2943 704 3062 ſur
740 2943 789 3062 la
862 2943 1471 3062 circonference
1507 2943 1738 3062 lettre
1860 2943 1909 3062 V)
1970 2943 2018 3062 au
2104 2943 2335 3062 viſage
2420 2943 2481 3062 de
2530 2943 2700 3062 l’ad-

608 3069 968 3186 verſaire;
1028 3069 1329 3186 comme
1377 3069 1413 3186 il
1473 3069 1557 3186 eſt
1605 3069 2061 3186 repreſenté
2122 3069 2254 3186 aux
2302 3069 2638 3186 figures.

768 3191 950 3310 Nous
995 3191 1234 3310 avons
1291 3191 1506 3310 voulu
1586 3191 2097 3310 repreſenter
2165 3191 2358 3310 ceſte
2438 3191 2699 3310 opera-

590 3316 722 3431 tion
819 3316 867 3431 en
939 3316 1216 3431 figure,
1264 3316 1385 3431 afin
1481 3316 1614 3431 que
1662 3316 1951 3431 l’aion
2072 3316 2132 3431 de
2240 3316 2698 3431 ZACHARIE

590 3433 727 3525 fuſt
790 3433 948 3525 tant
1054 3433 1286 3525 mieux
1370 3433 1781 3525 examinée
1918 3433 1929 3525 &
1992 3433 2477 3525 entendne:
2572 3433 2582 3525 à
2656 3433 2698 3525 la

610 3552 846 3676 quelle
896 3552 933 3676 il
970 3552 983 3676 a
1045 3552 1182 3676 eſté
1244 3552 1506 3676 convié
1568 3552 1680 3676 par
1767 3552 2439 3676 ALEXANDRE,
2501 3552 2613 3676 qui
2663 3552 2700 3676 la

582 3673 705 3793 fait
779 3673 940 3793 tout
1026 3673 1618 3793 expreſſement
1692 3673 1877 3793 pour
1975 3673 2247 3793 attirer
2345 3673 2715 3793 l’aſſujet-

589 3800 995 3920 tiſſement
1081 3800 1143 3920 de
1204 3800 1253 3920 ſa
1315 3800 1512 3920 lame
1573 3800 1745 3920 avec
1819 3800 1979 3920 plus
2065 3800 2127 3920 de
2201 3800 2484 3920 force;
2582 3800 2705 3920 luy

588 3925 820 4044 ayant
866 3925 1087 4044 reuſſi
1157 3925 1215 4044 de
1273 3925 1540 4044 l’avoir
1598 3925 1970 4044 executée
2028 3925 2202 4044 ſous
2260 3925 2504 4044 eſpoir
2562 3925 2701 4044 que

586 4048 972 4138 l’Ennemi
1040 4048 1437 4138 viendroit
1494 4048 1505 4138 à
1573 4048 2061 4138 tresbucher
2106 4048 2288 4138 avec
2333 4048 2378 4138 ſa
2446 4048 2707 4138 lame.

627 4170 1081 4289 Toutesfois
1164 4170 1618 4289 AExandre
1665 4170 1785 4289 luy
1856 4170 2358 4289 deſtournera
2417 4170 2477 4289 le
2561 4170 2716 4289 meſ-

629 4297 711 4414 me
805 4297 992 4414 coup
1085 4297 1132 4414 en
1237 4297 1623 4414 pluſieurs
1776 4297 1787 4414 &
1881 4297 2208 4414 diverſes
2325 4297 2700 4414 manieres

632 4420 1109 4542 moyennant
1191 4420 1284 4542 les
1389 4420 1843 4542 operations
1936 4420 2041 4542 des
2169 4420 2460 4542 Cercles
2541 4420 2704 4542 ſuy-

613 4542 868 4669 vants,
957 4542 1238 4669 juſqu’à
1327 4542 1378 4669 en
1467 4542 1671 4669 avoir
1722 4542 1773 4669 le
1837 4542 2130 4669 deſſus,
2283 4542 2296 4669 &
2347 4542 2525 4669 faire
2602 4542 2717 4669 des

605 4669 1081 4798 executions
1135 4669 1190 4798 au
1276 4669 1698 4798 contraire.

1342 5277 1652 5447 Cercle
2006 5277 2138 5447 .3.

642 5484 936 5614 Alexandre
1001 5484 1273 5614 marchant
1338 5484 1578 5614 derechef
1622 5484 1731 5614 avec
1785 5484 1818 5614 le
1861 5484 1981 5614 pied
2035 5484 2155 5614 droit
2221 5484 2395 5614 devers
2438 5484 2471 5614 la
2536 5484 2711 5614 Secon-

740 5618 776 5737 de
825 5618 1081 5737 Inſtance,
1130 5618 1252 5737 pour
1288 5618 1422 5737 faire
1471 5618 2044 5737 l’aſſujettiſſement;
2154 5618 2398 5737 Zacharie
2471 5618 2714 5737 s’avance

730 5747 1095 5865 pareillement
1168 5747 1460 5865 alencontre
1554 5747 1669 5865 pour
1731 5747 1982 5865 executer
2044 5747 2128 5865 une
2190 5747 2451 5865 autrefois
2504 5747 2535 5865 le
2608 5747 2712 5865 meſ-

747 5870 791 5989 me
834 5870 975 5989 coup;
1050 5870 1148 5989 mais
1234 5870 1527 5989 Alexandre
1570 5870 1635 5989 luy
1689 5870 1916 5989 accueile
1960 5870 2003 5989 au
2068 5870 2230 5989 meſme
2263 5870 2436 5989 temps
2468 5870 2512 5989 ſa
2555 5870 2717 5989 lame,

730 5995 730 6120 y
774 5995 1094 6120 accouplant
1138 5995 1171 6120 la
1216 5995 1381 6120 pointe
1436 5995 1470 6120 de
1514 5995 1547 6120 la
1591 5995 1746 6120 ſienne
1790 5995 1889 6120 tout
1933 5995 2176 6120 joignant
2220 5995 2253 6120 le
2298 5995 2485 6120 centre,
2518 5995 2552 6120 en
2607 5995 2717 6120 eſle-

737 6120 861 6231 vant
906 6120 929 6231 le
974 6120 1087 6231 pied
1143 6120 1335 6231 gauche
1381 6120 1415 6231 en
1460 6120 1595 6231 l’air.

1093 6264 1154 6384 Es
1203 6264 1486 6384 parties
1536 6264 1806 6384 ayants
1868 6264 2003 6384 eſté
2052 6264 2372 6384 plantez
2434 6264 2483 6384 en
2582 6264 2729 6384 Pre-

1102 6389 1298 6490 miere
1356 6389 1748 6490 Inſtance,
1840 6389 1840 6490 &
1921 6389 2544 6490 ALEXANDRE
2613 6389 2717 6490 s’a-

1079 6519 1411 6635 vançant
1470 6519 1648 6635 avec
1719 6519 1766 6635 le
1826 6519 1992 6635 pied
2075 6519 2265 6635 droit
2348 6519 2608 6635 devers
2668 6519 2703 6635 la

1085 6634 1468 6763 Seconde,
1517 6634 1517 6763 à
1567 6634 1900 6763 l’inſtant
1974 6634 2122 6763 qu’il
2184 6634 2653 6763 commence
2715 6634 2715 6763 à

622 6747 1095 6896 tresbucher
1158 6747 1332 6896 avec
1382 6747 1432 6896 le
1494 6747 1731 6896 corps,
1781 6747 1968 6896 pour
2018 6747 2404 6896 aſſujettir
2454 6747 2716 6896 l’eſpee
