5520 7640
453 4970 751 5100 Alexandre
797 4970 946 5100 ayant
992 4970 1245 5100 aſſujetti
1291 4970 1463 5100 l’eſpee
1520 4970 1819 5100 contraire,
1876 4970 1911 5100 en
1991 4970 2209 5100 mettant
2278 4970 2335 5100 les
2393 4970 2542 5100 pieds

539 5092 550 5217 à
594 5092 627 5217 la
693 5092 902 5217 Seconde
957 5092 1221 5217 Inſtance;
1298 5092 1551 5217 Zacharie
1595 5092 1672 5217 luy
1716 5092 1771 5217 va
1837 5092 1958 5217 tirer
2024 5092 2222 5217 encores
2277 5092 2310 5217 le
2376 5092 2530 5217 meſme

538 5218 649 5349 coup
698 5218 784 5349 que
845 5218 1005 5349 deſſus;
1104 5218 1104 5349 &
1165 5218 1202 5349 au
1276 5218 1436 5349 meſme
1473 5218 1645 5349 temps
1694 5218 1817 5349 qu’il
1866 5218 1977 5349 mene
2026 5218 2198 5349 l’eſpee
2247 5218 2334 5349 par
2383 5218 2530 5349 deſſus

537 5340 572 5470 ſa
619 5340 735 5470 teſte
828 5340 1119 5470 Alexandre
1177 5340 1410 5470 s’avance
1468 5340 1573 5470 avec
1620 5340 1643 5470 le
1713 5340 1817 5470 pied
1876 5340 1992 5470 droit
2039 5340 2108 5470 ſur
2178 5340 2213 5470 la
2271 5340 2423 5470 lettre
2492 5340 2527 5470 I,

537 5473 609 5594 luy
658 5473 972 5594 preſentant
1008 5473 1044 5594 la
1092 5473 1262 5594 pointe
1310 5473 1346 5594 de
1394 5473 1564 5594 l’eſpee
1624 5473 1805 5594 devant
1853 5473 1878 5594 le
1926 5473 2179 5594 viſage.

953 5660 1340 5784 Operation
1427 5660 1788 5784 preſente
1863 5660 2161 5784 depend
2249 5660 2298 5784 du
2398 5660 2548 5784 Cer-

893 5786 980 5884 cle
1091 5786 1128 5884 N.
1189 5786 1214 5884 1.
1288 5786 1337 5884 où
1448 5786 2077 5884 ALEXANDRE
2139 5786 2151 5884 a
2225 5786 2349 5884 fait
2410 5786 2546 5884 l’aſ-

877 5910 1505 6032 ſujettiſſement
1578 5910 1638 6032 de
1687 5910 1952 6032 l’eſpee
2025 5910 2412 6032 contraire
2472 5910 2520 6032 en

901 6031 1165 6160 dehors
1237 6031 1285 6160 du
1357 6031 1525 6160 bras
1585 6031 1633 6160 en
1705 6031 2053 6160 plantant
2101 6031 2209 6160 ſes
2257 6031 2473 6160 pieds
2521 6031 2521 6160 à

413 6157 460 6268 la
542 6157 895 6268 Seconde
954 6157 1353 6268 Inſtance;
1447 6157 1611 6268 dont
1729 6157 2175 6268 ZACHARIE
2246 6157 2528 6268 s’avan-

444 6280 595 6413 çant
670 6280 720 6413 du
795 6280 971 6413 pied
1033 6280 1222 6413 droit
1272 6280 1372 6413 ſur
1422 6280 1460 6413 la
1522 6280 1748 6413 lettre
1823 6280 1861 6413 S,
1961 6280 1961 6413 &
2024 6280 2538 6413 pourſuivant

417 6404 597 6534 avec
645 6404 705 6534 le
765 6404 1090 6534 gauche,
1138 6404 1390 6534 taſche
1438 6404 1438 6534 à
1499 6404 1619 6534 luy
1691 6404 1979 6534 donner
2052 6404 2412 6534 derechef
2472 6404 2520 6534 le

457 6530 705 6658 meſme
779 6530 1002 6658 coup,
1064 6530 1176 6658 qui
1238 6530 1324 6658 eſt
1374 6530 1832 6658 repreſenté
1882 6530 1944 6658 au
2056 6530 2291 6658 Cercle
2403 6530 2527 6658 N.2.

483 6656 483 6790 &
556 6656 850 6790 comme
899 6656 936 6790 il
985 6656 1205 6790 porte
1254 6656 1266 6790 à
1340 6656 1523 6790 ceſte
1585 6656 1658 6790 fin
1744 6656 1842 6790 ſon
1940 6656 2148 6790 eſpee
2233 6656 2282 6790 en
2356 6656 2527 6790 haut

431 6783 542 6915 par
603 6783 849 6915 deſſus
898 6783 935 6915 ſa
997 6783 1181 6915 teſte
1255 6783 1304 6915 en
1378 6783 1403 6915 ſi
1476 6783 1784 6915 eſtroite
1870 6783 2177 6915 meſure;
2226 6783 2288 6915 au
2386 6783 2521 6915 meſ-

451 6907 534 7048 me
581 6907 842 7048 temps
936 6907 1504 7048 ALEXANDRE
1552 6907 1942 7048 avançant
1989 6907 2049 7048 le
2108 6907 2273 7048 pied
2332 6907 2522 7048 droit

2703 2639 2957 2755 Lacharie
3020 2639 3231 2755 voulant
3284 2639 3569 2755 pratiquer
3601 2639 3813 2755 encores
3855 2639 3886 2755 le
3950 2639 4098 2755 meſme
4161 2639 4531 2755 eſtramaçon;
4594 2639 4774 2755 durant

2802 2765 2880 2881 que
2913 2765 2980 2881 ſon
3035 2765 3169 2881 eſpee
3213 2765 3269 2881 eſt
3313 2765 3357 2881 en
3402 2765 3557 2881 action
3624 2765 3657 2881 de
3713 2765 3979 2881 deſcendre
4024 2765 4135 2881 vers
4179 2765 4201 2881 le
4279 2765 4401 2881 bas,
4479 2765 4768 2881 Alexandre

2798 2888 3034 3003 s’avance
3120 2888 3120 3003 &
3174 2888 3302 3003 entre
3356 2888 3463 3003 avec
3506 2888 3539 3003 le
3582 2888 3689 3003 pied
3743 2888 3861 3003 droit
3904 2888 3979 3003 ſur
4022 2888 4054 3003 la
4097 2888 4258 3003 lettre
4365 2888 4408 3003 M,
4462 2888 4773 3003 continuant

2789 3016 2833 3129 en
2876 3016 3005 3129 ſuite
3059 3016 3059 3129 à
3113 3016 3275 3129 volter
3318 3016 3437 3129 außi
3480 3016 3501 3129 le
3555 3016 3782 3129 gauche,
3836 3016 3868 3129 en
3933 3016 4149 3129 donnant
4202 3016 4267 3129 luy
4353 3016 4505 3129 meſme
4548 3016 4602 3129 un
4645 3016 4763 3129 coup

2800 3137 2834 3251 de
2880 3137 3028 3251 taille
3074 3137 3074 3251 à
3119 3137 3336 3251 l’oreille
3382 3137 3576 3251 gauche
3633 3137 3667 3251 de
3713 3137 3770 3251 ſon
3827 3137 4226 3251 adverſaire.

924 1371 1410 1535 LEXANDRE
1479 1371 2000 1535 pourſuivant
2046 1371 2150 1535 ſon
2231 1371 2543 1535 avanta-

915 1525 1013 1661 ge,
1063 1525 1347 1661 avance
1408 1525 1470 1661 un
1544 1525 1668 1661 peu
1730 1525 1779 1661 le
1828 1525 2001 1661 pied
2063 1525 2409 1661 gauche,
2446 1525 2557 1661 ſur

898 1650 1293 1782 lequelen
1368 1650 1689 1782 eſlevant
1738 1650 1997 1782 l’autre
2034 1650 2096 1782 )il
2146 1650 2195 1782 ſe
2244 1650 2541 1782 panche

911 1774 958 1892 en
1089 1774 1422 1892 devant,
1565 1774 1577 1892 &
1636 1774 1815 1892 ſaiſit
1910 1774 2541 1892 enſemblement

429 1893 613 2033 avec
662 1893 711 2033 ſa
796 1893 943 2033 main
1017 1893 1360 2033 gauche,
1446 1893 1605 2033 qu’il
1666 1893 1887 2033 porte
1960 1893 2083 2033 par
2156 1893 2401 2033 deſſus
2450 1893 2548 2033 les

453 2019 645 2158 deux
692 2019 967 2158 lames,
991 2019 1039 2158 la
1111 2019 1326 2158 garde
1398 2019 1816 2158 contraire,
1852 2019 2199 2158 laquelle
2247 2019 2271 2158 il
2319 2019 2546 2158 attire

497 2144 497 2283 &
559 2144 823 2283 pouſſe
873 2144 923 2283 au
998 2144 1211 2283 loing
1274 2144 1424 2283 vers
1499 2144 1549 2283 le
1612 2144 1787 2283 haut
1837 2144 1850 2283 à
1912 2144 2013 2283 ſon
2113 2144 2301 2283 coſté
2388 2144 2551 2283 gau-

439 2267 607 2405 che,
679 2267 727 2405 en
811 2267 1111 2405 voltant
1147 2267 1207 2405 le
1255 2267 1423 2405 pied
1507 2267 1711 2405 droit,
1770 2267 1878 2405 qui
1938 2267 2022 2405 eſt
2082 2267 2358 2405 eſlevé,
2418 2267 2538 2405 cir-

447 2390 959 2524 culairement
1041 2390 1320 2524 entour
1367 2390 1413 2524 le
1495 2390 1786 2524 gauche
1856 2390 1914 2524 au
2019 2390 2182 2524 deçà
2240 2390 2299 2524 le
2403 2390 2543 2524 Dia-

452 2513 678 2647 metre
714 2513 820 2647 ſur
868 2513 904 2647 la
1022 2513 1628 2647 Circonference
1699 2513 1841 2647 bien
1924 2513 2091 2647 pres
2174 2513 2233 2647 de
2269 2513 2316 2647 la
2387 2513 2530 2647 let-

424 2636 523 2772 tre
659 2636 708 2772 N,
783 2636 832 2772 en
919 2636 1253 2772 eſlevant
1327 2636 1699 2772 derechef
1748 2636 1798 2772 le
1860 2636 2033 2772 pied
2095 2636 2417 2772 gauche,
2528 2636 2528 2772 &

426 2760 787 2896 pouſſant
850 2760 887 2896 la
949 2760 1223 2896 pointe
1286 2760 1348 2896 de
1398 2760 1447 2896 ſa
1497 2760 1684 2896 lame
1746 2760 1858 2896 par
1921 2760 2170 2896 deſſus
2207 2760 2257 2896 le
2332 2760 2394 2896 fil
2456 2760 2518 2896 de

416 2883 693 3020 l’eſpee
753 2883 1139 3020 contraire
1211 2883 1512 3020 deſſous
1560 2883 1608 3020 le
1681 2883 1837 3020 bras
1910 2883 1970 3020 au
2066 2883 2259 3020 coſté
2343 2883 2536 3020 droit

450 3012 509 3147 de
556 3012 992 3147 l’Ennemi;
1063 3012 1358 3147 comme
1428 3012 1487 3147 on
1546 3012 1605 3147 le
1664 3012 1805 3147 voit
1876 3012 1923 3147 en
1994 3012 2029 3147 la
2088 3012 2360 3147 figure.

563 3138 623 3271 La
683 3138 874 3271 ſuite
1018 3138 1030 3271 &
1102 3138 1581 3271 l’execution
1676 3138 1748 3271 de
1832 3138 2012 3271 ceſte
2107 3138 2502 3271 operation

418 3261 605 3394 pour
710 3261 721 3394 A
791 3261 1304 3394 LEXANDRE,
1373 3261 1525 3394 c’eſt
1595 3261 1746 3394 qu’il
1828 3261 2165 3394 s’avance
2247 3261 2422 3394 avec
2480 3261 2538 3394 le

424 3385 592 3520 pied
657 3385 954 3520 gauche
1019 3385 1252 3520 eſlevé
1304 3385 1304 3520 à
1356 3385 1394 3520 la
1459 3385 1692 3520 lettre
1795 3385 1976 3520 Qpar
2054 3385 2209 3520 deça
2261 3385 2313 3520 le
2416 3385 2546 3520 Dia-

444 3507 698 3642 metre,
771 3507 868 3642 ſur
928 3507 1194 3642 lequel
1255 3507 1376 3642 (en
1461 3507 1981 3642 pourſuivant
2029 3507 2078 3642 la
2138 3507 2453 3642 pointe)
2501 3507 2537 3642 il

411 3632 471 3764 ſe
555 3632 819 3764 charge
891 3632 939 3764 le
1023 3632 1239 3764 corps
1299 3632 1347 3764 en
1419 3632 1708 3764 avant,
1864 3632 1876 3764 &
1924 3632 2044 3764 luy
2104 3632 2368 3764 pouſſe
2416 3632 2524 3764 l’e-

407 3754 572 3869 ſpee
634 3754 799 3869 tout
861 3754 1078 3869 outre
1130 3754 1182 3869 le
1254 3754 1461 3869 corps
1523 3754 1647 3869 avc
1760 3754 1853 3869 ple
1895 3754 1998 3869 ine
2070 3754 2318 3869 force.
2484 3754 2525 3869 Or

432 3869 489 3987 de
558 3869 730 3987 cecy
776 3869 822 3987 la
879 3869 1509 3987 repreſentation
1601 3869 1647 3987 en
1716 3869 1727 3987 a
1796 3869 1922 3987 eſté
1980 3869 2152 3987 faite
2220 3869 2266 3987 en
2358 3869 2541 3987 d’au-

415 3984 561 4117 tres
647 3984 1037 4117 Tableaux
1086 3984 1611 4117 precedents;
1684 3984 1745 4117 de
1794 3984 1989 4117 ſorte
2050 3984 2209 4117 qu’il
2270 3984 2355 4117 n’a
2416 3984 2526 4117 pas

426 4117 560 4240 eſté
609 4117 853 4240 beſoin
951 4117 1012 4240 de
1061 4117 1097 4240 la
1158 4117 1476 4240 reiterer
1524 4117 1683 4240 icy.

3412 2355 3718 2532 Cercle
4024 2355 4178 2532 .7.

461 481 981 605 grandement
1084 481 1546 605 embrouillé
1639 481 1685 605 du
1789 481 2539 605 commencement,

459 608 641 729 pour
690 608 738 729 le
787 608 1199 729 pratiquer
1247 608 1744 729 juſtement:
1817 608 2253 729 toutesfois
2314 608 2362 729 je
2423 608 2556 729 l’aſ-

450 734 692 865 ſeure,
756 734 922 865 qu’il
986 734 999 865 y
1050 734 1318 865 pourra
1382 734 1740 865 parvenir
1791 734 1906 865 par
1944 734 2289 865 l’uſage,
2365 734 2455 865 s’il
2531 734 2544 865 y

456 863 782 983 apporte
832 863 870 983 la
945 863 1321 983 diligence
1397 863 1522 983 que
1572 863 1610 983 la
1685 863 1898 983 choſe
1974 863 2249 983 merite.

3177 3324 3325 3449 Oicy
3399 3324 3522 3449 que
3608 3324 4028 3449 ZACHARIE
4089 3324 4089 3449 à
4163 3324 4607 3449 entreprins
4681 3324 4780 3449 de-

3121 3446 3392 3542 rechef
3449 3446 3900 3542 d’executer
3946 3446 4002 3542 le
4081 3446 4341 3542 meſme
4420 3446 4770 3542 eſtrama-

3144 3571 3252 3692 çon
3337 3571 3385 3692 du
3494 3571 3723 3692 Cercle
3832 3571 3868 3692 N.
3916 3571 3952 3692 2.
4000 3571 4061 3692 au
4133 3571 4386 3692 temps
4459 3571 4580 3692 que
4640 3571 4736 3692 ſon

3132 3693 3345 3808 eſpee
3412 3693 3423 3808 a
3479 3693 3592 3808 fair
3648 3693 3693 3808 le
3760 3693 3928 3808 tour
3984 3693 4096 3808 par
4164 3693 4399 3808 deſſus
4444 3693 4489 3808 ſa
4545 3693 4758 3808 teſte,

2692 3805 3158 3932 deſcendant
3215 3805 3841 3932 naturellement
3909 3805 3966 3932 de
4034 3805 4205 3932 haut
4262 3805 4307 3932 en
4387 3805 4535 3932 bas,
4569 3805 4762 3932 pour

2695 3929 2973 4052 donner
3021 3929 3069 4052 le
3130 3929 3311 4052 coup
3396 3929 3746 4052 diagonal
3782 3929 3843 4052 au
3927 3929 4157 4052 viſage
4229 3929 4289 4052 de
4338 3929 4761 4052 l’adverſai-

2670 4051 2767 4176 re,
2816 4051 2864 4176 le
2925 4051 3095 4176 pied
3168 4051 3350 4176 droit
3435 4051 3812 4176 marchant
3860 4051 3969 4176 par
4042 4051 4188 4176 deçà
4249 4051 4297 4176 le
4394 4051 4759 4176 Diametre

2668 4180 2773 4301 ſur
2820 4180 2866 4301 la
2913 4180 3135 4301 lettre
3216 4180 3275 4301 S;
3345 4180 3403 4301 au
3520 4180 3776 4301 meſme
3846 4180 4103 4301 temps
4196 4180 4768 4301 ALEXANDRE

2671 4298 3064 4419 l’eſquive,
3114 4298 3507 4419 s’avãçant
3618 4298 3618 4419 &
3679 4298 4159 4419 divertiſſant
4208 4298 4257 4419 le
4319 4298 4540 4419 corps
4602 4298 4663 4419 de
4712 4298 4749 4419 la

2668 4424 2894 4546 lettre
2995 4424 3033 4546 G,
3096 4424 3147 4546 où
3210 4424 3248 4546 il
3298 4424 3512 4546 eſtoit
3575 4424 3878 4546 planté,
3979 4424 3979 4546 &
4054 4424 4105 4546 ou
4168 4424 4218 4546 le
4294 4424 4471 4546 coup
4546 4424 4761 4546 eſtoit

2689 4545 2983 4670 dreſſé,
3054 4545 3242 4670 pour
3336 4545 3665 4670 marcher
3736 4545 3783 4670 en
3901 4545 4183 4670 dedans
4230 4545 4406 4670 avec
4465 4545 4524 4670 le
4595 4545 4771 4670 pied

2687 4669 2863 4790 droit
2921 4669 3027 4790 par
3109 4669 3237 4790 delà
3296 4669 3343 4790 le
3436 4669 3811 4790 Diametre
3857 4669 3963 4790 ſur
3998 4669 4045 4790 la
4091 4669 4325 4790 lettre
4442 4669 4501 4790 M,
4571 4669 4746 4790 pour

2667 4786 3130 4909 pourſuivre
3265 4786 3277 4909 &
3350 4786 3594 4909 volter
3667 4786 3716 4909 le
3789 4786 3960 4909 pied
4046 4786 4338 4909 gauche
4436 4786 4753 4909 derriere

2664 4910 2976 5033 l’autre,
3045 4910 3264 5033 ayant
3357 4910 3669 5033 conduit
3749 4910 3807 5033 ce
3888 4910 4142 5033 temps
4211 4910 4557 5033 pendant
4638 4910 4731 5033 fon

2687 5031 2892 5154 eſpee
2943 5031 2943 5154 à
3007 5031 3224 5154 l’aide
3301 5031 3352 5154 du
3428 5031 3761 5154 poignet
3825 5031 3940 5154 par
4004 5031 4246 5154 deſſus
4285 5031 4323 5154 ſa
4387 5031 4604 5154 teſte,
4668 5031 4771 5154 de-

2681 5155 2876 5281 quoy
2949 5155 2986 5281 il
3047 5155 3181 5281 tire
3266 5155 3327 5281 un
3437 5155 3620 5281 coup
3705 5155 3766 5281 de
3839 5155 4034 5281 taille
4095 5155 4193 5281 (en
4291 5155 4644 5281 plantant
4705 5155 4754 5281 le

2668 5280 2837 5401 pied
2897 5280 3090 5401 volté
3139 5280 3247 5401 ſur
3283 5280 3332 5401 la
3428 5280 4020 5401 Circonference
4068 5280 4297 5401 lettre
4382 5280 4442 5401 T)
4502 5280 4563 5401 au
4659 5280 4756 5401 co-

2671 5402 2760 5530 ſté
2823 5402 3116 5530 gauche
3179 5402 3243 5530 de
3294 5402 3332 5530 la
3395 5402 3573 5530 teſte
3662 5402 3726 5530 de
3776 5402 4323 5530 l’adverſaire,
4399 5402 4513 5530 luy
4589 5402 4767 5530 don-

2669 5528 2846 5652 nant
2917 5528 3023 5652 par
3094 5528 3259 5652 ainſi
3330 5528 3378 5652 le
3484 5528 3732 5652 meſme
3815 5528 4004 5652 coup
4098 5528 4394 5652 duquel
4441 5528 4476 5652 il
4547 5528 4748 5652 avoit

2670 5656 2898 5775 penſé
2946 5656 3126 5775 faire
3174 5656 3270 5775 ſon
3342 5656 3761 5775 avantage.

2824 5773 2974 5880 Faut
3032 5773 3275 5880 noter,
3402 5773 3414 5880 &
3472 5773 3830 5880 obſerver
3899 5773 4466 5880 ſerieuſement
4547 5773 4616 5880 de
4674 5773 4755 5880 ne

2673 5900 2973 6022 bouger
3046 5900 3262 6022 point
3322 5900 3503 6022 avec
3563 5900 3611 6022 le
3695 5900 3912 6022 corps
3996 5900 4056 6022 de
4128 5900 4164 6022 la
4237 5900 4586 6022 Seconde
4658 5900 4754 6022 In-

2673 6021 2929 6143 ſtance
2990 6021 3222 6143 lettre
3344 6021 3393 6143 G,
3491 6021 3613 6143 que
3674 6021 3930 6143 l’eſpee
4016 6021 4394 6143 contraire
4468 6021 4541 6143 ne
4614 6021 4748 6143 ſoit

2694 6144 2854 6246 deſia
2923 6144 2969 6246 en
3037 6144 3186 6246 ae
3266 6144 3323 6246 de
3403 6144 3826 6246 deſcendre
3894 6144 4511 6246 naturellement
4591 6144 4740 6246 vers

2670 6268 2719 6394 le
2779 6268 2888 6394 bas
2949 6268 3131 6394 pour
3192 6268 3374 6394 faire
3422 6268 3944 6394 l’execution,
3992 6268 4065 6394 de
4114 6268 4320 6394 façon
4417 6268 4538 6394 que
4587 6268 4756 6394 l’ad-

2678 6392 2990 6518 verſaire
3062 6392 3134 6518 ne
3206 6392 3254 6518 la
3326 6392 3565 6518 puiſſe
3625 6392 3793 6518 plus
3865 6392 4141 6518 retenir
4212 6392 4296 6518 ne
4392 6392 4740 6518 divertir,

2694 6515 2853 6647 mais
2914 6515 3073 6647 qu’il
3122 6515 3305 6647 faille
3354 6515 4014 6647 neceſſairement
4087 6515 4222 6647 que
4258 6515 4307 6647 le
4393 6515 4576 6647 coup
4637 6515 4747 6647 ail-

2669 6637 2719 6755 le
2769 6637 2869 6755 ſon
2944 6637 3281 6755 chemin.
3419 6637 3519 6755 Car
3581 6637 3619 6755 ſi
3681 6637 3744 6755 on
3831 6637 4043 6755 s’oſte
4093 6637 4256 6755 plus
4331 6637 4468 6755 toſt
4543 6637 4618 6755 de
4668 6637 4756 6755 la-

2681 6764 2818 6898 dite
2880 6764 3141 6898 place,
3216 6764 3465 6898 durant
3539 6764 3664 6898 que
3713 6764 3987 6898 l’eſpee
4049 6764 4261 6898 (quià
4310 6764 4435 6898 fait
4497 6764 4547 6898 le
4634 6764 4758 6898 cir-

2678 6886 2815 7025 cuit
2878 6886 2991 7025 par
3078 6886 3316 7025 deſſus
3366 6886 3404 7025 la
3479 6886 3704 7025 teſte)
3779 6886 3867 7025 eſt
3929 6886 4255 7025 encores
4318 6886 4656 7025 hauſſée,
4706 6886 4743 7025 il

4503 7021 4741 7105 auroit

1169 1106 1474 1270 Cercle
1693 1106 1955 1270 N.5.

1129 4706 1446 4875 Cercle
1785 4706 1954 4875 N6.

2697 490 2812 643 par
2876 490 3016 643 delà
3092 490 3143 643 le
3232 490 3602 643 Diametre
3653 490 3755 643 ſur
3806 490 3844 643 la
3895 490 4124 643 lettre
4188 490 4226 643 I,
4277 490 4787 643 pourſuivant

2699 620 2876 771 avec
2940 620 2991 771 le
3067 620 3232 771 pied
3308 620 3599 771 gauche
3663 620 3764 771 ſur
3828 620 3891 771 le
3980 620 4195 771 point
4310 620 4373 771 G,
4436 620 4563 771 luy
4665 620 4779 771 met

2692 746 2728 899 la
2813 746 3079 899 pointe
3164 746 3225 899 de
3285 746 3552 899 l’eſpee
3624 746 3673 899 en
3770 746 4181 899 courtoiſie
4266 746 4532 899 devant
4581 746 4641 899 le
4702 746 4787 899 vi-

2705 879 2921 997 ſage.

2842 998 2878 1122 Si
2960 998 3527 1122 ALEXANDRE
3609 998 3645 1122 en
3727 998 3881 1122 euſt
3928 998 4140 1122 voulu
4223 998 4400 1122 faire
4447 998 4789 1122 l’execu-

2693 1119 2826 1270 tion
2899 1119 3020 1270 par
3069 1119 3433 1270 rigueur,
3469 1119 3505 1270 il
3566 1119 3712 1270 euſt
3760 1119 3881 1270 peu
3966 1119 4209 1270 entrer
4257 1119 4439 1270 avec
4500 1119 4548 1270 le
4609 1119 4779 1270 pied

2721 1243 2897 1395 droit
2947 1243 3047 1395 ſur
3097 1243 3147 1395 le
3235 1243 3498 1395 Centre
3561 1243 3611 1395 du
3724 1243 3999 1395 Cercle,
4087 1243 4350 1395 durant
4425 1243 4551 1395 que
4613 1243 4789 1395 l’ad-

2704 1374 3025 1516 verſaire
3099 1374 3296 1516 mene
3333 1374 3604 1516 l’eſpee
3666 1374 3777 1516 par
3839 1374 4073 1516 deſſus
4122 1374 4159 1516 ſa
4233 1374 4443 1516 teſte,
4554 1374 4554 1516 &
4615 1374 4788 1516 pan-

2699 1498 2869 1641 cher
2926 1498 2983 1641 du
3062 1498 3277 1641 corps
3334 1498 3379 1641 en
3458 1498 3673 1641 avant
3730 1498 3832 1641 ſur
3877 1498 3923 1641 le
4002 1498 4308 1641 meſme,
4376 1498 4432 1641 de
4511 1498 4772 1641 manie-

2689 1632 2750 1751 re
2834 1632 2992 1751 qu’il
3053 1632 3174 1751 luy
3234 1632 3489 1751 auroit
3537 1632 3719 1751 paſſé
3779 1632 4046 1751 l’eſpee
4119 1632 4300 1751 avec
4361 1632 4421 1751 le
4494 1632 4652 1751 bras
4724 1632 4773 1751 e-

2689 1754 2943 1890 ſtendu
3019 1754 3019 1890 à
3070 1754 3363 1890 travers
3413 1754 3452 1890 la
3515 1754 3757 1890 teſte,
3807 1754 3998 1890 quaſi
4061 1754 4341 1890 juſqu’à
4405 1754 4455 1890 la
4519 1754 4773 1890 garde.
