5520 7640
1508 4897 1822 5094 Cercle
2135 4897 2292 5094 .0.

795 2827 1093 2969 Alexandre
1152 2827 1391 2969 pourſuit
1439 2827 1439 2969 à
1486 2827 1653 2969 paſſer
1713 2827 1796 2969 par
1868 2827 2047 2969 devant
2082 2827 2118 2969 le
2178 2827 2321 2969 corps
2380 2827 2416 2969 de
2476 2827 2881 2969 l’adverſaire,

874 2955 908 3113 en
965 2955 1033 3113 luy
1079 2955 1398 3113 redoublant
1444 2955 1581 3113 encor
1638 2955 1661 3113 le
1706 2955 1992 3113 precedent
2037 2955 2368 3113 eſtrumaçon
2414 2955 2493 3113 ſur
2539 2955 2573 3113 la
2608 2955 2756 3113 teſte.

1255 3181 1739 3313 LEXANDRE
1797 3181 2270 3313 continuant
2328 3181 2362 3313 la
2420 3181 2870 3313 preceden-

1217 3313 1333 3431 te,
1391 3313 1414 3431 y
1472 3313 1831 3431 adjouſte
1888 3313 2166 3431 encore
2224 3313 2293 3431 un
2363 3313 2525 3431 pas,
2571 3313 2884 3431 entrant

1228 3434 1654 3554 viſtement
1736 3434 1914 3554 avec
1997 3434 2056 3554 le
2139 3434 2316 3554 pied
2399 3434 2589 3554 droit
2683 3434 2885 3554 alen-

1215 3552 1368 3668 vers
1486 3552 1486 3668 &
1549 3552 1595 3668 en
1667 3552 2083 3668 avan,u
2309 3552 2634 3668 iriinucr
2688 3552 2869 3668 avce

742 3667 803 3801 le
877 3667 1247 3801 gauche,
1309 3667 1581 3801 lequel
1655 3667 2000 3801 eſlevant
2086 3667 2148 3801 de
2210 3667 2481 3801 terre,
2555 3667 2592 3801 il
2679 3667 2876 3801 mene

779 3793 1151 3919 derechef
1215 3793 1318 3919 ſon
1394 3793 1612 3919 eſpee
1676 3793 1689 3919 à
1753 3793 1971 3919 l’aide
2048 3793 2099 3919 du
2176 3793 2510 3919 poignet
2574 3793 2689 3919 par
2753 3793 2894 3919 deſ-

748 3910 859 4054 ſus
920 3910 957 4054 ſa
1043 3910 1277 4054 teſte,
1424 3910 1424 4054 &
1486 3910 1535 4054 en
1621 3910 1916 4054 voltant
1966 3910 2015 4054 le
2064 3910 2236 4054 pied
2298 3910 2531 4054 eſlevé
2593 3910 2654 4054 un
2728 3910 2851 4054 peu

765 4040 926 4177 plus
988 4040 1211 4177 avant
1298 4040 1434 4177 que
1508 4040 1545 4177 la
1607 4040 1843 4177 lettre
2004 4040 2078 4177 V,
2165 4040 2202 4177 il
2264 4040 2376 4177 luy
2462 4040 2586 4177 tire
2698 4040 2896 4177 dere-

769 4159 935 4301 chef
994 4159 1065 4301 un
1148 4159 1326 4301 coup
1398 4159 1955 4301 d’eſtramaçon
2027 4159 2086 4301 au
2169 4159 2501 4301 derriere
2572 4159 2644 4301 de
2691 4159 2727 4301 la
2798 4159 2893 4301 te-

760 4286 910 4426 ſte;
973 4286 1273 4426 comme
1323 4286 1361 4426 il
1411 4286 1498 4426 eſt
1573 4286 2024 4426 demonſtré
2074 4286 2124 4426 en
2187 4286 2237 4426 la
2287 4286 2574 4426 figure.

3729 2191 4036 2367 Cercle
4278 2191 4585 2367 N.10.

3527 3433 3803 3553 Autant
3888 3433 4020 3553 que
4140 3433 4140 3553 Z
4212 3433 4621 3553 ACHARIE
4705 3433 5162 3553 remarque,

3505 3552 3625 3663 qe
3679 3552 3777 3663 ſon
3853 3552 4037 3663 cop
4124 3552 4754 3663 d’eſtramaçon,
4830 3552 4950 3663 tiré
5037 3552 5156 3663 dia-

3496 3665 4008 3794 gonalement
4076 3665 4190 3794 ſur
4246 3665 4303 3794 le
4383 3665 4769 3794 contraire
4860 3665 5156 3794 comme

3482 3786 3521 3922 il
3574 3786 3652 3922 eſt
3704 3786 4163 3922 repreſenté
4215 3786 4280 3922 au
4385 3786 4634 3922 Cercle
4778 3786 4817 3922 N.
4869 3786 4895 3922 2.
4948 3786 4948 3922 à
5039 3786 5170 3922 eſté

3038 3919 3344 4040 eſquivé
3393 3919 3515 4040 par
3613 3919 4188 4040 ALEXANDRE
4261 3919 4310 4040 en
4395 3919 4640 4040 oſtant
4701 3919 4750 4040 le
4824 3919 5031 4040 corps
5105 3919 5166 4040 de

3025 4043 3459 4158 preſence,
3570 4043 3570 4158 &
3620 4043 3843 4158 allant
3917 4043 3979 4158 de
4054 4043 4091 4158 la
4190 4043 4550 4158 Seconde
4612 4043 4971 4158 Inſtance
5046 4043 5046 4158 à
5120 4043 5157 4158 la

3066 4160 3481 4293 Troiſieme
3557 4160 3620 4293 de
3708 4160 3922 4293 façon
4047 4160 4211 4293 qu’il
4274 4160 4400 4293 luy
4488 4160 4538 4293 en
4626 4160 4639 4293 a
4739 4160 4978 4293 donné
5041 4160 5167 4293 luy

3060 4287 3321 4416 meſme
3412 4287 3469 4416 un
3594 4287 4195 4416 contrecoup,
4309 4287 4615 4416 comme
4695 4287 4752 4416 au
4910 4287 5160 4416 Cercle

3088 4412 3124 4540 N.
3196 4412 3244 4540 7.
3304 4412 3485 4540 Pour
3557 4412 3557 4540 y
3629 4412 3930 4540 obvier,
3990 4412 4603 4540 preſentement
4699 4412 5169 4540 ZACHARIE

3040 4534 3541 4666 entreprend
3623 4534 3681 4666 de
3739 4534 3914 4666 faire
3984 4534 4031 4666 le
4112 4534 4380 4666 meſme
4450 4534 4636 4666 coup
4695 4534 5172 4666 horizonta-

3027 4660 3354 4791 lement,
3415 4660 3705 4791 duquel
3742 4660 4008 4791 (allant
4069 4660 4735 4791 circulairement
4820 4660 4868 4791 en
4953 4660 5183 4791 rond)

3027 4785 3063 4916 il
3136 4785 3609 4916 toucheroit
3682 4785 3779 4916 ſon
3863 4785 4203 4916 homme
4263 4785 4421 4916 ſans
4494 4785 4712 4916 point
4797 4785 4857 4916 de
4930 4785 5185 4916 faute,

3037 4910 3163 5045 ſoit
3238 4910 3402 5045 qu’il
3490 4910 3854 5045 demeure
3904 4910 3904 5045 à
3967 4910 4005 5045 la
4106 4910 4470 5045 Seconde
4546 4910 4986 5045 Inſtance,
5099 4910 5149 5045 ou

3047 5035 3211 5169 qu’il
3274 5035 3325 5169 ſe
3400 5035 3627 5169 retire
3715 5035 3980 5169 devers
4056 5035 4094 5169 la
4207 5035 4699 5169 Troiſieſme.
4787 5035 5191 5169 ALEXAN-

3060 5162 3181 5306 DRE
3278 5162 3460 5306 donc
3544 5162 3786 5306 eſtant
3883 5162 4258 5306 derechef
4343 5162 4549 5306 entré
4609 5162 4803 5306 avec
4863 5162 4924 5306 le
5008 5162 5178 5306 pied

3050 5291 3289 5425 droit,
3402 5291 3415 5425 &
3465 5291 3704 5425 ayant
3780 5291 3981 5425 mené
4031 5291 4308 5425 l’eſpee
4358 5291 4472 5425 par
4560 5291 4799 5425 deſſus
4874 5291 4912 5425 ſa
4987 5291 5176 5425 teſte

3046 5419 3093 5554 en
3176 5419 3470 5554 voltant
3517 5419 3576 5554 le
3623 5419 3800 5554 pied
3894 5419 4188 5554 gauche
4259 5419 4306 5554 en
4388 5419 4695 5554 arriere,
4753 5419 4942 5554 pour
5012 5419 5177 5554 exe-

3049 5546 3258 5683 cuter
3319 5546 3369 5683 le
3455 5546 3639 5683 coup
3737 5546 3786 5683 du
3921 5546 4155 5683 Cercle
4302 5546 4339 5683 N.
4400 5546 4450 5683 7.
4536 5546 4830 5683 voyant
4929 5546 5052 5683 que
5125 5546 5174 5683 le

3050 5670 3233 5800 coup
3306 5670 3367 5800 de
3416 5670 3978 5800 l’adverſaire,
4064 5670 4174 5800 qui
4247 5670 4504 5800 prend
4565 5670 4602 5800 ſa
4687 5670 4907 5800 route
4980 5670 5188 5800 hori-

3050 5790 3395 5925 zontale,
3444 5790 3518 5925 ne
3579 5790 3948 5925 laiſſeroit
4022 5790 4145 5925 pas
4206 5790 4280 5925 de
4341 5790 4993 5925 contrebleſſer,
5067 5790 5178 5925 en-

3052 5918 3267 6058 cores
3330 5918 3495 6058 qu’il
3558 5918 3975 6058 executaſt
4050 5918 4290 6058 deſſus
4341 5918 4531 6058 luy,
4606 5918 4644 6058 il
4733 5918 5049 6058 divertit
5137 5918 5188 6058 le

3050 6050 3284 6188 coup,
3346 6050 3456 6188 dés
3518 6050 3690 6188 qu’il
3739 6050 3752 6188 a
3813 6050 4109 6188 achevé
4145 6050 4207 6188 le
4293 6050 4810 6188 mouvement
4859 6050 4982 6188 par
5044 6050 5191 6188 deſ-

3034 6174 3139 6295 ſus
3197 6174 3243 6295 ſa
3313 6174 3535 6295 teſte,
3640 6174 3651 6295 &
3709 6174 3931 6295 porte
3989 6174 4036 6295 ſa
4082 6174 4280 6295 lame
4350 6174 4397 6295 en
4467 6174 4700 6295 avant
4746 6174 4933 6295 avec
4991 6174 5189 6295 rete-

3036 6301 3224 6436 nue,
3259 6301 3810 6436 l’accouplant
3868 6301 4032 6436 tout
4091 6301 4255 6436 pres
4325 6301 4372 6436 le
4466 6301 4724 6436 centre
4806 6301 4818 6436 à
4900 6301 4935 6436 la
5017 6301 5181 6436 con-

3043 6426 3310 6564 traire,
3348 6426 3704 6564 laquelle
3742 6426 3780 6564 il
3844 6426 4276 6564 deſgradue
4340 6426 5052 6564 circulairement,
5115 6426 5179 6564 de

3047 6553 3258 6700 façon
3377 6553 3535 6700 qu’il
3575 6553 3707 6700 luy
3773 6553 3813 6700 en
3892 6553 4156 6700 rompt
4262 6553 4262 6700 &
4341 6553 4619 6700 arreſte
4672 6553 4724 6700 le
4791 6553 5015 6700 coup;
5068 6553 5200 6700 ſui-

3059 6682 3217 6826 vant
3269 6682 3322 6826 le
3374 6682 3781 6826 pourtrait
3847 6682 3965 6826 des
4004 6682 4332 6826 figures.

3041 2473 3286 2601 Zacharie
3344 2473 3379 2601 ſe
3461 2473 3671 2601 voulant
3764 2473 3998 2601 derechef
4068 2473 4220 2601 aider
4290 2473 4325 2601 de
4395 2473 4768 2601 l’eſtramaçon
4873 2473 4908 2601 du
5001 2473 5165 2601 Cercle

3184 2597 3217 2730 N.
3295 2597 3339 2730 2.
3417 2597 3450 2730 ou
3528 2597 3562 2730 il
3617 2597 3628 2730 a
3684 2597 3773 2730 tiré
3828 2597 3851 2730 le
3917 2597 4040 2730 coup
4117 2597 4640 2730 diagonalement,
4729 2597 5062 2730 maintenant
5140 2597 5162 2730 il

3123 2726 3318 2857 frappe
3386 2726 3889 2857 horizontalement
3958 2726 4072 2857 vers
4118 2726 4153 2857 la
4210 2726 4324 2857 teſte
4404 2726 4438 2857 de
4473 2726 4519 2857 ſa
4576 2726 4770 2857 partie.
4930 2726 5159 2857 Alexan-

3145 2854 3200 2982 dre
3277 2854 3387 2982 donc
3431 2854 3585 2982 ayant
3662 2854 3926 2982 deſtourné
3970 2854 4014 2982 ſa
4080 2854 4399 2982 demarche,
4465 2854 4586 2982 pour
4630 2854 4927 2982 pratiquer
4971 2854 5004 2982 le
5048 2854 5158 2982 coup

3145 2978 3179 3105 du
3267 2978 3434 3105 Cercle
3556 2978 3589 3105 N.
3656 2978 3689 3105 7.
3756 2978 3778 3105 il
3834 2978 3923 3105 voit
3989 2978 4134 3105 venir
4200 2978 4378 3105 l’eſpee
4433 2978 4711 3105 contraire
4778 2978 5166 3105 horizontale-

3151 3110 3294 3229 ment,
3393 3110 3393 3229 &
3469 3110 3590 3229 pour
3645 3110 3744 3229 cela
3821 3110 3875 3229 eſt
3919 3110 4194 3229 contraint
4259 3110 4292 3229 de
4347 3110 4578 3229 divertir
4610 3110 4676 3229 ſon
4731 3110 4874 3229 coup,
4918 3110 4951 3229 en
5016 3110 5159 3229 atta-

3134 3236 3286 3355 chant
3351 3236 3384 3355 la
3438 3236 3558 3355 lame
3612 3236 3916 3355 contraire,
3960 3236 4079 3355 pour
4123 3236 4482 3355 l’aſſuiettir,
4579 3236 4579 3355 &
4655 3236 4862 3355 domter.

781 5198 920 5322 Suite
990 5198 1025 5322 du
1118 5198 1269 5322 Cercle
1373 5198 1408 5322 N.
1466 5198 1512 5322 4.
1594 5198 1895 5322 Alexandre
1942 5198 2220 5322 avançant
2267 5198 2301 5322 un
2359 5198 2487 5322 petit
2534 5198 2557 5322 le
2603 5198 2708 5322 pied
2766 5198 2882 5322 gau-

894 5329 1006 5457 che,
1056 5329 1255 5457 delaiſſe
1305 5329 1479 5457 l’eſpee
1541 5329 1865 5457 contraire,
1989 5329 1989 5457 &
2052 5329 2126 5457 luy
2188 5329 2325 5457 ſaiſit
2388 5329 2786 5457 enſemblement
2848 5329 2886 5457 la

907 5457 1087 5580 garde,
1123 5457 1351 5580 laquelle
1399 5457 1423 5580 il
1471 5457 1555 5580 tire
1615 5457 1615 5580 à
1663 5457 1735 5580 ſoy
1771 5457 1807 5580 en
1855 5457 2071 5580 entrant
2131 5457 2167 5580 du
2227 5457 2335 5580 pied
2395 5457 2539 5580 droit,
2623 5457 2623 5580 &
2671 5457 2743 5580 luy
2779 5457 2887 5580 pre-

895 5581 1029 5704 ſente
1078 5581 1250 5704 l’eſpee
1311 5581 1434 5704 droit
1495 5581 1495 5704 à
1544 5581 1581 5704 la
1630 5581 1936 5704 poitrine.

1288 5763 1288 5892 E
1431 5763 1678 5892 Cercle
1730 5763 2042 5892 preſent
2094 5763 2225 5892 ſuit
2277 5763 2732 5892 l’operation
2823 5763 2875 5892 du

1290 5892 1534 6016 Cercle
1656 5892 1705 6016 N.
1766 5892 1803 6016 4.
1876 5892 1925 6016 où
2022 5892 2559 6016 ALEXANDRE
2645 5892 2901 6016 domp-

1255 6016 1319 6142 te
1435 6016 1435 6142 &
1512 6016 1886 6142 aſſujettit
1937 6016 1989 6142 le
2066 6016 2246 6142 coup
2336 6016 2877 6142 d’eſtramaçon

1275 6145 1334 6243 de
1393 6145 1488 6243 ſon
1559 6145 2034 6243 adverſaire.
2176 6145 2224 6243 Et
2295 6145 2592 6243 comme
2651 6145 2687 6243 il
2746 6145 2865 6243 s’en

801 6264 880 6396 eſt
946 6264 1222 6396 enſuivi
1274 6264 1327 6396 au
1445 6264 1681 6396 Cercle
1813 6264 1852 6396 N.
1918 6264 1957 6396 5.
1997 6264 2036 6396 la
2102 6264 2338 6396 prinſe
2430 6264 2483 6396 de
2548 6264 2588 6396 la
2667 6264 2890 6396 garde

807 6398 1181 6518 contraire
1286 6398 1333 6518 en
1438 6398 1835 6518 avançant
1905 6398 1952 6518 la
2045 6398 2197 6518 main
2279 6398 2395 6518 par
2489 6398 2734 6518 deſſus
2793 6398 2898 6518 les

810 6510 992 6623 deux
1053 6510 1344 6623 lames;
1417 6510 1454 6623 il
1502 6510 1612 6623 s’en
1697 6510 1928 6623 enſuit
1976 6510 2147 6623 auſſi
2207 6510 2888 6623 ſemblablement

788 6634 1240 6780 l’operation
1350 6634 1484 6780 que
1558 6634 1778 6780 voicy
1863 6634 2511 6780 preſentement,
2572 6634 2621 6780 où
2719 6634 2902 6780 ALE-

822 6776 1161 6910 XANDRE
1223 6776 1512 6910 avance
1562 6776 1625 6910 un
1700 6776 1826 6910 peu
1888 6776 1939 6910 le
2001 6776 2177 6910 pied
2252 6776 2578 6910 gauche,
2629 6776 2679 6910 ſe
2729 6776 2905 6910 pan-

767 313 1021 445 auroit
1094 313 1420 445 encores
1469 313 1505 445 la
1565 313 1965 445 puiſſance
2037 313 2098 445 de
2158 313 2473 445 divertir
2509 313 2569 445 le
2642 313 2872 445 coup,

775 439 822 547 en
938 439 1229 547 menant
1288 439 1323 547 ſa
1404 439 1590 547 lame
1672 439 1823 547 vers
1881 439 1928 547 la
2033 439 2405 547 Troſieme
2475 439 2859 547 Inſtance,

775 566 823 693 où
895 566 1015 693 l’on
1087 566 1135 693 ſe
1195 566 1423 693 ſeroit
1471 566 1915 693 acheminé,
2035 566 2035 693 &
2131 566 2143 693 y
2215 566 2574 693 pourroit
2646 566 2862 693 enco-

769 707 882 811 res
933 707 1236 811 bleſſer.

913 815 1600 926 Semblablement
1669 815 1829 926 faut
1887 815 2184 926 noter,
2276 815 2322 926 en
2413 815 2688 926 toutes
2768 815 2872 926 oc-

780 939 1198 1066 currences
1258 939 1318 1066 où
1378 939 1413 1066 il
1461 939 1605 1066 ſera
1676 939 2011 1066 queftion
2106 939 2178 1066 de
2262 939 2548 1066 donner
2632 939 2871 1066 coups

789 1067 849 1190 de
909 1067 1172 1190 taille;
1244 1067 1519 1190 ſoyent
1603 1067 2153 1190 eſtramaçon,
2213 1067 2488 1190 ſoyent
2572 1067 2871 1190 revers,

779 1186 961 1319 pour
1045 1186 1227 1319 ceux
1312 1186 1421 1319 qui
1505 1186 2123 1319 empoigneront
2195 1186 2461 1319 l’eſpee
2522 1186 2534 1319 à
2607 1186 2861 1319 noſtre

797 1314 1036 1439 mode,
1095 1314 1286 1439 qu’au
1358 1314 1608 1439 temps
1680 1314 1871 1439 qu’on
1942 1314 2145 1439 l’aura
2205 1314 2467 1439 portée
2539 1314 2587 1439 en
2658 1314 2861 1439 haut,

776 1440 951 1568 pour
1001 1440 1038 1568 la
1126 1440 1451 1568 tourner
1513 1440 1626 1568 par
1713 1440 1951 1568 deſſus
2014 1440 2064 1568 ſa
2139 1440 2389 1568 teſte,
2476 1440 2626 1568 qu’il
2689 1440 2876 1568 fault

765 1563 1004 1692 laiſſer
1097 1563 1323 1692 gliſſer
1416 1563 1709 1692 deſſous
1789 1563 1842 1692 le
1921 1563 2201 1692 poulce
2280 1563 2400 1692 qui
2453 1563 2506 1692 ſe
2599 1563 2865 1692 repoſe

778 1690 1024 1814 deſſus
1061 1690 1098 1814 la
1172 1690 1456 1814 brãche
1493 1690 1937 1814 interieure
2011 1690 2072 1814 de
2122 1690 2159 1814 la
2233 1690 2479 1814 garde,
2553 1690 2615 1814 de
2664 1690 2861 1814 ſorte

776 1809 906 1936 que
965 1809 1012 1936 la
1083 1809 1426 1936 branche
1496 1809 1945 1936 exterieure
2028 1809 2075 1936 en
2158 1809 2358 1936 viene
2417 1809 2417 1936 à
2476 1809 2524 1936 ſe
2594 1809 2866 1936 dreſſer

767 1939 1441 2061 verticalement,
1583 1939 1595 2061 &
1666 1939 1713 2061 la
1785 1939 1974 2061 lame
2045 1939 2045 2061 à
2140 1939 2187 2061 en
2282 1939 2589 2061 tomber
2660 1939 2755 2061 ſur
2814 1939 2862 2061 le

759 2061 1250 2195 trenchant.
1417 2061 1596 2195 Dont
1692 2061 1979 2195 lesdits
2075 2061 2314 2195 coups
2433 2061 2876 2195 d’eſtrama-

782 2189 949 2316 çons
1080 2189 1092 2316 &
1175 2189 1235 2316 de
1307 2189 1569 2316 revers
1641 2189 1688 2316 en
1772 2189 2022 2316 ſeront
2094 2189 2428 2316 d’autant
2475 2189 2642 2316 plus
2702 2189 2881 2316 faci-

751 2317 854 2419 les
911 2317 922 2419 à
991 2317 1403 2419 executer.

5056 6899 5189 6990 Cer-

1438 2560 1738 2745 Cercle
2081 2560 2253 2745 .8.

3027 272 3249 395 chant
3311 272 3557 395 deſſus
3618 272 3680 395 le
3778 272 4037 395 meſme
4111 272 4148 395 en
4221 272 4579 395 hauſſant
4640 272 4702 395 un
4775 272 4923 395 bien
4997 272 5120 395 peu

3014 400 3050 548 la
3136 400 3282 548 main
3380 400 3710 548 gauche,
3856 400 3868 548 &
3942 400 4406 548 deſtachant
4491 400 5138 548 enſemblement

3011 525 3113 673 les
3190 525 3446 673 eſpees
3523 525 3766 673 oſtant
3818 525 3856 673 la
3920 525 4176 673 ſienne
4240 525 4304 673 de
4381 525 4676 673 deſſus,
4804 525 4804 673 &
4881 525 5137 673 faiſant

3007 643 3132 806 par
3219 643 3519 806 deſſous
3594 643 3831 806 prinſe
3906 643 3968 806 de
4018 643 4056 806 la
4130 643 4355 806 garde
4418 643 4817 806 contraire
4867 643 5042 806 avec
5092 643 5129 806 ſa

3045 772 3184 933 main
3272 772 3601 933 gauche,
3651 772 3992 933 laquelle
4055 772 4093 933 il
4144 772 4270 933 tire
4321 772 4333 933 à
4384 772 4574 933 ſoy,
4637 772 5028 933 avançant
5092 772 5142 933 le

3023 895 3216 1057 coſté
3293 895 3473 1057 droit
3537 895 3588 1057 du
3691 895 3960 1057 corps,
4114 895 4114 1057 &
4191 895 4204 1057 y
4281 895 4820 1057 affermiſſant
4871 895 4922 1057 le
4986 895 5153 1057 bras

2999 1025 3179 1185 avec
3250 1025 3609 1185 l’eſpee,
3705 1025 4028 1185 parainſi
4099 1025 4410 1185 entrant
4482 1025 4662 1185 avec
4733 1025 4793 1185 le
4889 1025 5140 1185 meſme

3003 1153 3184 1313 pied
3235 1153 3351 1313 par
3429 1153 3558 1313 delà
3609 1153 3661 1313 le
3751 1153 4138 1313 Diametre
4190 1153 4293 1313 ſur
4332 1153 4384 1313 la
4435 1153 4667 1313 lettre
4809 1153 4848 1313 M,
4900 1153 4938 1313 il
4990 1153 5158 1313 pre-

3001 1275 3212 1437 ſente
3312 1275 3349 1437 la
3449 1275 3722 1437 pointe
3822 1275 3884 1437 de
3971 1275 4071 1437 ſon
4220 1275 4431 1437 Eſpee
4531 1275 4581 1437 en
4730 1275 5153 1437 courtoiſie

3016 1405 3282 1563 contre
3331 1405 3367 1563 la
3427 1405 3778 1563 poitrine
3851 1405 3911 1563 de
3960 1405 4516 1563 l’adverſaire,
4577 1405 4625 1563 en
4710 1405 5145 1563 conformi-

3008 1558 3060 1686 té
3138 1558 3243 1686 des
3295 1558 3635 1686 figures.
