5520 7640
1302 2972 1615 3146 Cercle
1906 2972 2152 3146 .12.

2850 286 3016 392 dant
3100 286 3421 392 conduit
3504 286 3575 392 de
3635 286 3980 392 nouveau
4051 286 4087 392 la
4170 286 4420 392 ſienne
4491 286 4491 392 à
4562 286 4753 392 laide
4860 286 4907 392 du

2843 411 3172 540 poignet
3248 411 3362 540 par
3438 411 3666 540 deſſus
3730 411 3768 540 ſa
3856 411 4097 540 teſte,
4199 411 4237 540 il
4300 411 4351 540 en
4439 411 4566 540 tire
4629 411 4819 540 pour
4883 411 4921 540 la

2843 540 3271 669 troiſieſme
3342 540 3473 669 fois
3544 540 3770 669 encor
3817 540 3877 669 un
3972 540 4150 669 coup
4221 540 4281 669 de
4340 540 4530 669 taille
4590 540 4637 669 au
4756 540 4934 669 coſté

2855 666 3145 792 gauche
3209 666 3284 792 de
3322 666 3373 792 la
3436 666 3612 792 teſte
3688 666 3751 792 de
3802 666 3903 792 ſon
4004 666 4458 792 Contraire;
4559 666 4736 792 ainſi
4811 666 4937 792 que

2845 792 2947 920 les
2998 792 3278 920 figures
3354 792 3927 920 demonſtrent.

2875 1814 2910 1943 Ce
3002 1814 3153 1943 Cercle
3211 1814 3443 1943 contient
3502 1814 3583 1943 une
3641 1814 3768 1943 ſuite
3850 1814 3873 1943 de
3943 1814 4256 1943 l’operation
4337 1814 4709 1943 d’Alexandre
4836 1814 4952 1943 N.1.

2981 1938 3137 2075 ayant
3185 1938 3424 2075 aſſujetti
3460 1938 3639 2075 l’eſpee
3699 1938 3735 2075 du
3795 1938 4058 2075 contraire
4106 1938 4141 2075 en
4213 1938 4381 2075 dehors
4440 1938 4476 2075 du
4536 1938 4668 2075 bras,
4823 1938 4967 2075 pour-

2976 2065 3010 2194 ce
3066 2065 3145 2194 que
3190 2065 3314 2194 ledit
3359 2065 3619 2194 contraire
3686 2065 3754 2194 luy
3799 2065 3957 2194 reſiſte
4013 2065 4126 2194 avec
4171 2065 4216 2194 un
4284 2065 4385 2194 fort
4453 2065 4780 2194 ſentiment,
4881 2065 4971 2194 Ale-

3002 2192 3191 2321 xandre
3236 2192 3369 2321 entre
3447 2192 3447 2321 à
3514 2192 3659 2321 deſſus
3704 2192 3815 2321 avec
3871 2192 3893 2321 le
3938 2192 4060 2321 pied
4105 2192 4294 2321 gauche
4350 2192 4461 2321 pour
4506 2192 4528 2321 le
4584 2192 4751 2321 porter
4807 2192 4963 2321 lente-

3001 2308 3113 2443 ment
3158 2308 3203 2443 en
3259 2308 3438 2443 avant,
3528 2308 3539 2443 &
3595 2308 3886 2443 approcher
3920 2308 3954 2443 le
4010 2308 4155 2443 corps
4212 2308 4256 2443 au
4312 2308 4424 2443 bras
4514 2308 4682 2443 droit,
4727 2308 4895 2443 lequel
4940 2308 4974 2443 il

2979 2436 3111 2567 ſerre
3166 2436 3276 2567 avec
3320 2436 3353 2567 la
3408 2436 3562 2567 garde
3628 2436 3969 2567 deſcendante
4068 2436 4068 2567 &
4134 2436 4167 2567 la
4233 2436 4398 2567 pointe
4464 2436 4717 2567 montante
4783 2436 4827 2567 un
4893 2436 4970 2567 peu

2993 2555 3304 2696 davantage
3350 2555 3522 2696 contre
3556 2555 3591 2696 le
3660 2555 3809 2696 meſme
3866 2555 4016 2696 coſté,
4073 2555 4108 2696 de
4177 2555 4383 2696 maniere
4429 2555 4556 2696 qu’il
4613 2555 4647 2696 en
4705 2555 4969 2696 aſſujettit

2987 2691 3171 2819 l’eſpee
3205 2691 3481 2819 contraire
3539 2691 3642 2819 plus
3688 2691 3780 2819 bas.

625 699 921 831 Alexandre
989 699 1228 831 pourſuit
1296 699 1330 831 la
1387 699 1751 831 precedente,
1808 699 1842 831 en
1967 699 2195 831 archant
2252 699 2525 831 viſtement
2581 699 2695 831 plus

707 831 849 961 outre
904 831 1144 961 alenvers
1187 831 1297 961 avec
1340 831 1362 961 le
1417 831 1526 961 pied
1580 831 1722 961 droit,
1755 831 1875 961 pour
1930 831 2083 961 volter
2137 831 2170 961 en
2214 831 2345 961 ſuite
2388 831 2410 961 le
2465 831 2683 961 gauche,

713 954 871 1082 ayant
920 954 1127 1082 conduit
1176 954 1212 1082 ce
1249 954 1480 1082 pendant
1517 954 1578 1082 ſon
1639 954 1773 1082 eſpee
1834 954 2065 1082 derechef
2126 954 2212 1082 par
2260 954 2419 1082 deſſus
2455 954 2492 1082 ſa
2541 954 2687 1082 teſte,

722 1081 757 1211 de
827 1081 944 1211 quoy
1014 1081 1037 1211 il
1096 1081 1166 1211 luy
1224 1081 1364 1211 dnne
1411 1081 1446 1211 un
1516 1081 1633 1211 coup
1703 1081 2076 1211 d’eſtramaçon
2135 1081 2170 1211 au
2240 1081 2357 1211 coſté
2415 1081 2602 1211 gauche
2672 1081 2707 1211 de

719 1219 757 1330 la
794 1219 1006 1330 teſte.

1103 1443 1520 1569 Ontinuant
1594 1443 2060 1569 l’operation
2158 1443 2699 1569 precedente,

1079 1569 1103 1691 A
1164 1569 1225 1691 LE
1298 1569 1664 1691 XANDRE
1737 1569 2018 1691 venant
2091 1569 2164 1691 de
2250 1569 2701 1691 deſgraduér

1062 1698 1714 1823 circulairement
1749 1698 2029 1823 l’eſpee
2099 1698 2471 1823 contraire
2530 1698 2704 1823 avec

1051 1819 1088 1951 la
1150 1819 1459 1951 ſienne,
1508 1819 1545 1951 il
1582 1819 1632 1951 la
1681 1819 1903 1951 porte
1977 1819 2150 1951 tout
2237 1819 2372 1951 d’un
2471 1819 2632 1951 trait
2706 1819 2706 1951 à

587 1945 803 2075 l’aide
892 1945 943 2075 du
1044 1945 1374 2075 poignet
1450 1945 1565 2075 par
1654 1945 1882 2075 deſſus
1946 1945 1984 2075 ſa
2073 1945 2314 2075 teſte,
2403 1945 2453 2075 en
2568 1945 2720 2075 mar-

612 2068 825 2197 chant
920 2068 1395 2197 egallement
1466 2068 1656 2197 avec
1715 2068 1774 2197 le
1846 2068 2024 2197 pied
2107 2068 2297 2197 droit
2380 2068 2427 2197 en
2498 2068 2724 2197 avant

603 2194 719 2306 par
788 2194 916 2306 delà
962 2194 1020 2306 le
1112 2194 1495 2306 Diametre
1564 2194 1668 2306 ſur
1714 2194 1761 2306 la
1830 2194 2062 2306 lertre
2154 2194 2201 2306 S.
2340 2194 2340 2306 &
2421 2194 2710 2306 voltant

603 2310 653 2432 le
727 2310 1025 2432 gauche
1112 2310 1434 2432 derriere
1509 2310 1620 2432 ſoy
1695 2310 1744 2432 au
1856 2310 1992 2432 delà
2067 2310 2129 2432 le
2228 2310 2476 2432 Cercle
2551 2310 2712 2432 tout

612 2434 774 2564 pres
849 2434 912 2564 de
962 2434 1262 2564 l’angle,
1324 2434 1700 2564 frappant
1737 2434 1800 2564 le
1862 2434 2250 2564 contraire
2312 2434 2450 2564 d’un
2537 2434 2712 2564 coup

615 2557 679 2687 de
731 2557 937 2687 taille
989 2557 1311 2687 aucoſté
1389 2557 1724 2687 gauche,
1801 2557 1866 2687 de
1917 2557 1956 2687 la
2021 2557 2240 2687 teſte;
2291 2557 2485 2687 ſelon
2575 2557 2730 2687 qu’il

607 2686 698 2834 eſt
751 2686 1208 2834 repreſenté
1261 2686 1378 2834 par
1430 2686 1470 2834 la
1535 2686 1823 2834 figure.

3332 5849 3482 5978 ’Eſt
3545 5849 3657 5978 icy
3720 5849 3857 5978 une
3907 5849 4094 5978 ſuite
4182 5849 4244 5978 de
4294 5849 4744 5978 l’operation
4831 5849 4993 5978 pre-

3357 5976 3761 6085 cedente,
3853 5976 3887 6085 la
3980 5976 4164 6085 lame
4268 5976 4337 6085 de
4464 5976 4983 6085 ZACHARIE

3364 6101 3481 6228 qui
3545 6101 3636 6228 eſt
3701 6101 4141 6228 aſſujettie,
4244 6101 4296 6228 en
4386 6101 4503 6228 peu
4606 6101 4671 6228 de
4749 6101 4995 6228 Poids,

3358 6226 3662 6349 comme
3767 6226 3814 6349 en
3931 6226 4189 6349 ſimple
4294 6226 4797 6349 Sentiment,
4914 6226 4961 6349 ou

2937 6350 3103 6479 mort
3174 6350 3376 6479 vient
3447 6350 3459 6479 a
3542 6350 4063 6479 tresbucher.
4241 6350 4359 6479 Sur
4454 6350 4656 6479 quoy
4774 6350 4786 6479 A
4869 6350 4999 6479 LE-

2925 6477 3338 6603 XANDRE
3421 6477 3468 6603 ſe
3562 6477 3834 6603 tourne
3905 6477 3916 6603 à
3987 6477 4200 6603 pieds
4270 6477 4554 6603 fermes
4636 6477 4684 6603 le
4802 6477 4990 6603 coſté

2915 6603 3105 6724 droit
3211 6603 3271 6724 du
3401 6603 3614 6724 corps
3721 6603 3768 6724 en
3875 6603 4171 6724 avant,
4289 6603 4621 6724 quittant
4716 6603 4988 6724 l’eſpee

2918 6723 3388 6853 contraire,
3506 6723 3612 6853 qui
3706 6723 3788 6853 ne
3870 6723 3917 6853 ſe
4059 6723 4235 6853 meut
4341 6723 4553 6853 point
4647 6723 4705 6853 ou
4823 6723 4976 6853 bien

4805 6886 4988 6976 peu,

3612 5531 3936 5696 Cercle
4260 5531 4432 5696 .1.

3372 2901 3498 3033 Eſte
3560 2901 3962 3033 operation
4050 2901 4176 3033 ſuit
4226 2901 4276 3033 le
4377 2901 4616 3033 Cercle
4729 2901 4766 3033 N.
4804 2901 4842 3033 1.
4905 2901 4955 3033 où

3364 3023 3996 3139 ALEXANDRE
4093 3023 4093 3139 a
4202 3023 4324 3139 fait
4421 3023 4979 3139 l’aſſujettiſſe-

3371 3151 3553 3280 ment
3622 3151 3690 3280 de
3747 3151 4009 3280 l’eſpee
4089 3151 4477 3280 contraire
4556 3151 4602 3280 en
4705 3151 4978 3280 dehors

3354 3272 3413 3407 du
3532 3272 3687 3407 bras
3794 3272 3901 3407 par
3996 3272 4139 3407 delà
4223 3272 4282 3407 le
4425 3272 4794 3407 Diametre
4853 3272 4865 3407 à
4937 3272 4972 3407 la

2895 3398 3118 3502 Secon
3200 3398 3200 3502 d
3312 3398 3728 3502 Ian00,
3800 3398 3861 3502 or
3942 3398 4420 3502 maintenant
4491 3398 4979 3502 l’adverſaire

2888 3520 3057 3638 veut
3114 3520 3305 3638 tenir
3362 3520 3497 3638 bon
3576 3520 4049 3638 alencontre
4128 3520 4173 3638 en
4264 3520 4467 3638 uſant
4557 3520 4624 3638 de
4715 3520 4985 3638 grande

2882 3643 3096 3762 force
3144 3643 3322 3762 avec
3370 3643 3406 3762 la
3465 3643 3691 3762 lame,
3763 3643 3822 3762 de
3905 3643 4215 3762 maniere
4286 3643 4417 3762 qu’à
4489 3643 4703 3762 grand
4762 3643 4988 3762 peine

2880 3768 2928 3881 le
2977 3768 3340 3881 pourroit
3388 3768 3424 3881 il
3473 3768 3872 3881 atteindre
3932 3768 3981 3881 en
4053 3768 4271 3881 allant
4344 3768 4356 3881 à
4416 3768 4465 3881 la
4573 3768 4985 3881 Troiſieme

2893 3889 3297 4011 Inſtance;
3358 3889 3799 4011 travaillant
3885 3889 4068 4011 donc
4142 3889 4325 4011 ſelon
4411 3889 4852 4011 l’exigence
4925 3889 4986 4011 de

2881 4016 3342 4134 l’operation
3472 4016 3484 4134 &
3543 4016 3602 4134 du
3673 4016 4099 4134 ſentiment
4170 4016 4241 4134 de
4288 4016 4323 4134 la
4406 4016 4595 4134 lame
4666 4016 4997 4134 contrai-

2879 4141 2997 4238 re,
3103 4141 3749 4238 ALEXANDRE
3843 4141 4126 4238 marche
4255 4141 4255 4238 &
4349 4141 4549 4238 entre
4619 4141 4655 4238 là
4749 4141 4984 4238 deſſus

2896 4263 2943 4386 en
3037 4263 3565 4386 augmentant
3623 4263 3635 4386 à
3682 4263 4140 4386 l’advenant
4187 4263 4234 4386 le
4292 4263 4410 4386 ſien
4492 4263 4668 4386 avec
4715 4263 4762 4386 le
4820 4263 4985 4386 pied

2899 4391 3221 4504 gauche,
3265 4391 3542 4504 lequel
3586 4391 3620 4504 il
3664 4391 3886 4504 porte
3930 4391 4384 4504 lentement
4451 4391 4495 4504 en
4584 4391 4861 4504 avant,
4983 4391 4994 4504 &

2885 4510 2934 4627 le
2995 4510 3253 4627 plante
3351 4510 3535 4627 avec
3609 4510 3658 4627 le
3756 4510 4075 4627 genouil
4137 4510 4358 4627 tendu
4468 4510 4579 4627 par
4677 4510 4849 4627 deçà
4935 4510 4984 4627 le

2932 4635 3306 4749 Diametre
3364 4635 3364 4749 à
3434 4635 3469 4749 la
3539 4635 3761 4749 lettre
3865 4635 3865 4749 L
3947 4635 3994 4749 en
4087 4635 4472 4749 avançant
4554 4635 4985 4749 enſemble-

2914 4759 3107 4879 ment
3191 4759 3239 4879 le
3360 4759 3564 4879 corps
3697 4759 3697 4879 &
3769 4759 4058 4879 ſerrant
4119 4759 4167 4879 le
4239 4759 4408 4879 bras
4492 4759 4492 4879 à
4589 4759 4685 4879 ſon
4793 4759 4986 4879 coſté

2904 4883 3099 5002 droit
3172 4883 3342 5002 avec
3403 4883 3452 5002 la
3537 4883 3756 5002 garde
3854 4883 4402 5002 deſcendante
4524 4883 4524 5002 &
4597 4883 4634 5002 la
4719 4883 4987 5002 pointe

2914 5009 3309 5128 montante
3379 5009 3449 5128 un
3530 5009 3647 5128 peu
3751 5009 4228 5128 davantage,
4310 5009 4368 5128 de
4426 5009 4624 5128 ſorte
4705 5009 4856 5128 qu’il
4915 5009 4961 5128 en

2893 5130 3275 5253 aſſujettit
3336 5130 3607 5253 l’eſpee
3681 5130 4063 5253 contraire
4137 5130 4211 5253 un
4297 5130 4420 5253 peu
4494 5130 4654 5253 plus
4716 5130 4864 5253 bas;
4901 5130 4987 5253 ſe-

2896 5260 2998 5381 lon
3061 5260 3112 5381 le
3176 5260 3557 5381 pourtrait
3634 5260 3748 5381 des
3799 5260 4130 5381 figures.

1124 3289 1276 3410 Oicy
1352 3289 2151 3410 qu’ALEXANDRE
2227 3289 2582 3410 pourſuit
2633 3289 2734 3410 l’0.

1075 3418 1415 3525 peration
1500 3418 1830 3525 encores
1904 3418 2074 3525 plus
2128 3418 2404 3525 outre,
2478 3418 2733 3525 faiſant

1088 3519 1462 3630 derechef
1539 3519 1714 3630 tout
1780 3519 1791 3630 à
1868 3519 2208 3630 iinitant
2296 3519 2362 3630 un
2461 3519 2571 3630 pas
2670 3519 2714 3630 du

1077 3635 1247 3757 pied
1320 3635 1502 3757 droit
1574 3635 1574 3757 à
1647 3635 2023 3757 reculons
2096 3635 2375 3757 dehors
2447 3635 2496 3757 le
2593 3635 2726 3757 Cer-

630 3760 755 3881 cle,
856 3760 869 3881 &
931 3760 1397 3881 conduiſant
1460 3760 2013 3881 pareillement
2064 3760 2340 3881 l’eſpee
2403 3760 2529 3881 par
2617 3760 2730 3881 deſ-

609 3887 722 4004 ſus
773 3887 811 4004 ſa
874 3887 1064 4004 teſte
1114 3887 1114 4004 à
1165 3887 1380 4004 l’aide
1456 3887 1506 4004 du
1582 3887 1948 4004 poignet,
1986 3887 2037 4004 en
2125 3887 2429 4004 voltant
2479 3887 2530 4004 le
2580 3887 2745 4004 pied

635 4011 980 4143 gauche,
1095 4011 1095 4143 &
1147 4011 1479 4143 bleſſant
1556 4011 1939 4143 derechef
1978 4011 2029 4143 le
2131 4011 2515 4143 Contraire
2592 4011 2732 4143 d’un

625 4124 819 4265 coup
916 4124 977 4265 de
1049 4124 1255 4265 taille
1316 4124 1364 4265 au
1473 4124 1813 4265 derriere
1922 4124 1982 4265 de
2043 4124 2079 4265 la
2164 4124 2431 4265 teſte,
2528 4124 2746 4265 avant

631 4265 791 4392 qu’il
860 4265 951 4392 ait
1042 4265 1305 4392 moyen
1408 4265 1476 4392 de
1545 4265 1727 4392 faire
1807 4265 2036 4392 aucun
2161 4265 2743 4392 mouvement;

641 4389 931 4511 comme
979 4389 1016 4511 il
1076 4389 1161 4511 eſt
1209 4389 1608 4511 pourtrait
1680 4389 1729 4511 en
1789 4389 1825 4511 la
1898 4389 2176 4511 figure.

1150 4976 1150 5105 N
1261 4976 1482 5105 voicy
1568 4976 1838 5105 encore
1911 4976 2046 5105 une
2108 4976 2120 5105 à
2194 4976 2231 5105 la
2304 4976 2488 5105 ſuite
2574 4976 2636 5105 de
2709 4976 2746 5105 la

1101 5103 1456 5227 derniere
1539 5103 2082 5227 precedente.
2271 5103 2318 5227 La
2413 5103 2602 5227 lame
2685 5103 2744 5227 de

1139 5228 1569 5324 ZACHARIE
1674 5228 1906 5324 eſtant
2011 5228 2488 5324 tresbuchée
2569 5228 2744 5324 avec

1093 5357 1142 5479 le
1227 5357 1471 5479 coup,
1532 5357 1568 5479 il
1653 5357 1945 5479 marche
2067 5357 2079 5479 &
2140 5357 2359 5479 porte
2420 5357 2481 5479 le
2542 5357 2736 5479 talon

665 5481 716 5605 du
805 5481 970 5605 pied
1059 5481 1250 5605 droit
1301 5481 1364 5605 un
1441 5481 1555 5605 peu
1669 5481 1708 5605 en
1797 5481 1962 5605 deçà
2013 5481 2076 5605 le
2178 5481 2546 5605 Diametre
2597 5481 2762 5605 pres

640 5607 677 5731 la
751 5607 987 5731 lettre
1099 5607 1173 5731 R,
1285 5607 1335 5731 en
1434 5607 1956 5731 pourſuivant
2030 5607 2043 5731 à
2142 5607 2378 5731 mener
2440 5607 2502 5731 le
2589 5607 2763 5731 pied

663 5730 948 5852 gauche
1050 5730 1699 5852 circulairement
1768 5730 1779 5852 à
1859 5730 2234 5852 reculons
2303 5730 2360 5852 au
2462 5730 2633 5852 deçà
2713 5730 2758 5852 le

689 5856 1070 5976 Diametre
1136 5856 1241 5976 ſur
1294 5856 1860 5976 l’interſeion
1965 5856 2031 5976 de
2070 5856 2110 5976 la
2175 5856 2373 5976 ligne
2504 5856 2504 5976 N
2596 5856 2649 5976 S,
2715 5856 2767 5976 ſe

653 5981 1028 6100 tournant
1085 5981 1256 6100 ainſi
1312 5981 1369 6100 le
1426 5981 1642 6100 corps
1699 5981 1870 6100 avec
1915 5981 2188 6100 l’eſpee
2257 5981 2757 6100 raccourcie,

704 6108 715 6224 &
762 6108 797 6224 la
867 6108 1134 6224 pointe
1227 6108 1483 6224 contre
1553 6108 1751 6224 terre
1820 6108 2088 6224 devers
2135 6108 2181 6224 ſa
2239 6108 2507 6224 partie,
2565 6108 2751 6224 pour

648 6230 767 6352 luy
838 6230 1136 6352 donner
1196 6230 1327 6352 une
1410 6230 1803 6352 eſtocade.
1969 6230 2529 6352 ALEXANDRE
2600 6230 2755 6352 l’ap-

652 6354 1134 6477 percevant,
1278 6354 1555 6477 marche
1615 6354 1796 6477 avec
1856 6354 1905 6477 le
1965 6354 2133 6477 pied
2218 6354 2398 6477 droit
2447 6354 2459 6477 à
2531 6354 2760 6477 coſté,

656 6481 945 6599 paſſant
1030 6481 1078 6599 en
1175 6481 1344 6599 deça
1416 6481 1464 6599 le
1561 6481 1862 6599 Cercle,
1923 6481 2381 6599 continuant
2442 6481 2454 6599 à
2514 6481 2755 6599 volter

655 6603 704 6727 le
767 6603 941 6727 pied
1003 6603 1301 6727 gauche
1376 6603 1426 6727 en
1488 6603 1737 6727 ſuite,
1811 6603 2097 6727 ſortant
2172 6603 2284 6727 par
2346 6603 2520 6727 ainſi
2582 6603 2644 6727 de
2719 6603 2756 6727 la

663 6731 1032 6856 preſence
1128 6731 1199 6856 de
1247 6731 1521 6856 l’eſpee
1580 6731 2021 6856 contraire,
2140 6731 2140 6856 &
2200 6731 2414 6856 ayant
2485 6731 2759 6856 cepen-

1331 407 1657 578 Cercle
1937 407 2123 578 .1.

3537 1492 3864 1692 Cercle
4105 1492 4388 1692 N4.

1350 4659 1666 4824 Cercle
1982 4659 2186 4824 .13.
