5520 7640
3482 4643 3794 4859 Cercle
4218 4643 4374 4859 j8.

2931 728 3219 857 Alexandre
3291 728 3483 857 faiſant
3543 728 3783 857 derecheſ
3831 728 3867 857 en
3939 728 3975 857 la
4047 728 4215 857 meſme
4275 728 4407 857 ſorte
4467 728 4731 857 l’intrade
4815 728 4851 857 du
4923 728 5031 857 pied

3048 856 3241 988 gauche
3306 856 3383 988 ſur
3434 856 3615 988 l’eſpee
3679 856 4014 988 aſſujettie,
4092 856 4362 988 Zacharie
4414 856 4555 988 entre
4607 856 4646 988 là
4710 856 4865 988 deſſus
4929 856 5032 988 plus

3042 982 3255 1119 avant,
3314 982 3515 1119 menant
3551 982 3728 1119 l’eſpee
3787 982 3882 1119 par
3964 982 4118 1119 deſſus
4177 982 4213 1119 ſa
4272 982 4414 1119 teſte,
4473 982 4591 1119 pour
4638 982 4757 1119 tirer
4816 982 4851 1119 un
4910 982 5017 1119 coup

3043 1114 3078 1237 de
3137 1114 3289 1237 taille
3348 1114 3348 1237 à
3418 1114 3442 1237 la
3512 1114 3629 1237 teſte
3688 1114 3723 1237 de
3770 1114 3805 1237 ſa
3876 1114 4098 1237 partie;
4227 1114 4579 1237 Alexandre,
4626 1114 4779 1237 ayant
4826 1114 5025 1237 eſgard

3041 1241 3041 1365 à
3091 1241 3128 1365 la
3202 1241 3376 1365 meſure
3414 1241 3438 1365 ſi
3476 1241 3737 1365 eſtroite,
3786 1241 3973 1365 plante
4010 1241 4035 1365 le
4109 1241 4221 1365 pied
4258 1241 4420 1365 eſlevé
4507 1241 4519 1365 &
4569 1241 4594 1365 ſe
4656 1241 4854 1365 panche
4929 1241 5028 1365 deſ-

3021 1370 3125 1491 ſus,
3218 1370 3229 1491 &
3276 1370 3414 1491 ſaiſit
3472 1370 3507 1491 au
3588 1370 3750 1491 meſme
3785 1370 3958 1491 temps
4005 1370 4039 1491 en
4097 1370 4224 1491 haut
4282 1370 4329 1491 la
4375 1370 4537 1491 garde
4583 1370 4861 1491 contraire
4907 1370 5023 1491 avec

3024 1502 3059 1621 ſa
3131 1502 3238 1621 main
3309 1502 3523 1621 gauche,
3594 1502 3773 1621 dequoy
3808 1502 3844 1621 il
3880 1502 3963 1621 luy
4011 1502 4177 1621 rompt
4225 1502 4260 1621 le
4296 1502 4438 1621 coup.

649 292 835 418 peu,
872 292 996 418 luy
1071 292 1517 418 preſentant
1592 292 1703 418 par
1765 292 2187 418 courtoiſie
2237 292 2274 418 la
2336 292 2609 418 pointe
2671 292 2733 418 de

634 415 680 540 la
749 415 1013 540 ſienne
1105 415 1496 540 montante
1576 415 1737 540 tout
1829 415 2082 540 contre
2128 415 2174 540 la
2243 415 2484 540 partie
2553 415 2725 540 droi-

651 520 700 681 te
811 520 861 681 du
972 520 1269 681 viſage;
1356 520 1653 681 comme
1714 520 1751 681 il
1813 520 1888 681 eſt
1949 520 2345 681 pourtrait
2419 520 2469 681 en
2543 520 2580 681 la
2667 520 2716 681 fi-

655 701 870 790 gure.

1336 936 1644 1136 Cercle
1886 936 2172 1136 N.16.

1135 1254 1285 1401 Oicy
1385 1254 1660 1401 encore
1748 1254 1885 1401 une
1973 1254 2160 1401 ſuite
2285 1254 2335 1401 du
2485 1254 2710 1401 Cercle

1135 1394 1171 1514 N.
1230 1394 1324 1514 14.
1419 1394 1466 1514 en
1560 1394 1619 1514 un
1702 1394 1926 1514 autre
1985 1394 2186 1514 ſens.
2339 1394 2433 1514 Car
2563 1394 2717 1514 ALE-

1096 1527 1444 1653 XANDRE
1516 1527 1744 1653 ayant
1816 1527 1937 1653 fait
1997 1527 2105 1653 ſur
2153 1527 2345 1653 ledit
2429 1527 2717 1653 dernier

1066 1650 1781 1774 aſſujettiſſement
1855 1650 1917 1774 de
1979 1650 2250 1774 l’eſpee
2336 1650 2719 1774 contraire

599 1766 913 1905 intrade
986 1766 1167 1905 avec
1227 1766 1288 1905 le
1372 1766 1541 1905 pied
1638 1766 2013 1905 gauche;
2097 1766 2713 1905 preſentement

646 1890 1098 2024 ZACHARIE
1181 1890 1442 2024 pouſſe
1513 1890 1692 2024 avec
1763 1890 1810 2024 ſa
1870 1890 2072 2024 lame
2155 1890 2416 2024 contre
2535 1890 2701 2024 celle

623 2018 685 2144 de
735 2018 772 2144 ſa
834 2018 1133 2144 partie,
1195 2018 1369 2144 avec
1469 2018 1680 2144 Poids
1780 2018 1892 2144 Vif,
1954 2018 2153 2144 fort,
2216 2018 2265 2144 ou
2340 2018 2713 2144 tresfort,

617 2142 678 2279 de
739 2142 935 2279 ſorte
1021 2142 1155 2279 que
1217 2142 1682 2279 l’operation
1779 2142 1841 2279 du
1963 2142 2208 2279 Cercle
2330 2142 2367 2279 N.
2428 2142 2526 2279 15.
2624 2142 2709 2279 ne

595 2275 710 2394 s’en
791 2275 976 2394 peut
1045 2275 1426 2394 enſuivre.
1588 2275 2222 2394 ALEXANDRE
2315 2275 2488 2394 donc
2569 2275 2707 2394 tra-

601 2396 902 2537 vaillant
1027 2396 1203 2537 ſelon
1316 2396 1755 2537 l’exigence
1880 2396 1943 2537 de
2043 2396 2319 2537 ceſdits
2444 2396 2708 2537 Poids,

583 2523 869 2653 avance
941 2523 988 2653 le
1072 2523 1262 2653 coſté
1334 2523 1525 2653 droit
1608 2523 1870 2653 devers
1930 2523 2204 2653 l’eſpee
2275 2523 2704 2653 aſſujettie,

594 2646 640 2771 en
745 2646 1046 2771 entrant
1092 2646 1266 2771 avec
1324 2646 1381 2771 le
1474 2646 1729 2771 meſme
1787 2646 1972 2771 pied
2030 2646 2146 2771 par
2215 2646 2354 2771 delà
2424 2646 2470 2771 le
2563 2646 2702 2771 Dia-

617 2768 825 2897 metre
924 2768 1022 2897 ſur
1108 2768 1157 2897 la
1255 2768 1488 2897 lettre
1611 2768 1697 2897 Q,
1795 2768 2188 2897 enſemble
2287 2768 2569 2897 tourne
2643 2768 2692 2897 le

574 2891 742 3022 bras
821 2891 1112 3022 courbé
1168 2891 1235 3022 un
1313 2891 1437 3022 peu
1526 2891 1683 3022 vers
1750 2891 1806 3022 le
1873 2891 2063 3022 haut
2131 2891 2310 3022 avec
2366 2891 2411 3022 la
2478 2891 2702 3022 bran-

587 3018 704 3151 che
786 3018 1232 3151 exterieure
1326 3018 1384 3151 de
1455 3018 1502 3151 ſa
1596 3018 1807 3151 garde
1912 3018 2241 3151 tournée
2334 3018 2686 3151 pareille-

601 3143 785 3274 ment
866 3143 912 3274 en
992 3143 1177 3274 haut
1257 3143 1718 3274 diagonale,
1845 3143 1856 3274 &
1914 3143 1971 3274 au
2098 3143 2351 3274 meſme
2421 3143 2685 3274 temps

565 3264 938 3397 abaiſſant
1010 3264 1071 3397 un
1179 3264 1300 3397 peu
1384 3264 1432 3397 la
1504 3264 1781 3397 pointe
1866 3264 1926 3397 de
2010 3264 2058 3397 ſa
2143 3264 2420 3397 lame,
2504 3264 2540 3397 il
2625 3264 2673 3397 en

556 3387 932 3516 aſſemble
1014 3387 1061 3516 le
1190 3387 1448 3516 Centre
1531 3387 1578 3516 en
1671 3387 2059 3516 gradnanr
2129 3387 2188 3516 au
2364 3387 2693 3516 Nombre

563 3503 621 3623 où
703 3503 738 3623 il
819 3503 1063 3623 tenoit
1144 3503 1191 3623 la
1272 3503 1656 3623 contraire
1726 3503 2156 3623 aſſujettie,
2225 3503 2679 3623 entrainant

567 3624 1223 3764 circulairement
1260 3624 1311 3764 le
1361 3624 1538 3764 pied
1601 3624 1903 3764 gauche
1966 3624 2307 3764 derriere
2370 3624 2496 3764 ſoy
2571 3624 2685 3764 par

572 3751 707 3887 delà
760 3751 814 3887 le
908 3751 1298 3887 Diametre
1366 3751 1473 3887 ſur
1527 3751 1581 3887 la
1648 3751 1850 3887 ligne
1930 3751 1930 3887 I
2065 3751 2119 3887 N,
2280 3751 2280 3887 &
2347 3751 2684 3887 bleſſant

565 3890 683 4007 par
730 3890 907 4007 ainſi
966 3890 1013 4007 le
1084 3890 1473 4007 contraire
1532 3890 1756 4007 (avec
1827 3890 1874 4007 le
1945 3890 2169 4007 corps
2240 3890 2546 4007 panché
2605 3890 2653 4007 en

582 4012 897 4134 devant)
958 4012 1091 4134 d’un
1188 4012 1382 4134 coup
1455 4012 1903 4134 d’eſtocade
1963 4012 2085 4134 tiré
2133 4012 2194 4134 au
2266 4012 2448 4134 long
2521 4012 2581 4134 de
2630 4012 2666 4134 ſa

554 4133 743 4265 lame
803 4133 850 4265 en
909 4133 957 4265 la
1016 4133 1253 4265 partie
1312 4133 1774 4265 ſuperieure
1846 4133 1917 4265 de
1964 4133 2011 4265 la
2071 4133 2438 4265 poitrine;
2485 4133 2687 4265 com-

597 4258 671 4388 me
721 4258 832 4388 les
881 4258 1177 4388 figures
1239 4258 1831 4388 demonſtrent.

730 4384 791 4517 De
876 4384 1059 4517 ceſte
1145 4384 1401 4517 meſme
1486 4384 1888 4517 operation
1998 4384 2047 4517 du
2156 4384 2400 4517 Cercle
2510 4384 2547 4517 N.
2583 4384 2681 4517 14.

567 4509 680 4641 s’en
759 4509 1098 4641 enſuivra
1154 4509 1301 4641 une
1369 4509 1572 4641 autre
1629 4509 2238 4641 pareillement,
2283 4509 2340 4641 au
2419 4509 2679 4641 temps

578 4641 1368 4759 qu’ALEXANDRE
1465 4641 1586 4759 fait
1647 4641 1999 4759 l’intrade
2072 4641 2255 4759 avec
2352 4641 2413 4759 le
2510 4641 2680 4759 pied

571 4768 913 4887 gauche,
988 4768 1014 4887 ſi
1077 4768 1570 4887 l’adverſaire
1620 4768 1747 4887 luy
1810 4768 2265 4887 tranſporte
2303 4768 2581 4887 l’eſpee
2657 4768 2669 4887 à

585 4894 724 5017 main
817 4894 1062 5017 droite
1132 4894 1306 5017 avec
1376 4894 1655 5017 grande
1725 4894 2004 5017 force,
2121 4894 2295 5017 qu’A
2353 4894 2679 5017 LEXAN-

576 5010 771 5129 DRE,
863 5010 1001 5129 fera
1092 5010 1425 5129 cavation
1506 5010 1678 5129 avec
1747 5010 1793 5129 ſa
1862 5010 2057 5129 lame
2126 5010 2126 5129 ,
2240 5010 2286 5129 en
2367 5010 2665 5129 laiſſant

564 5135 993 5277 eſchapper
1100 5135 1100 5277 &
1160 5135 1648 5277 tresbucher
1696 5135 1732 5277 la
1803 5135 2185 5277 contraire
2244 5135 2363 5277 par
2411 5135 2447 5277 la
2518 5135 2661 5277 vio-

547 5264 775 5398 lence
859 5264 907 5398 du
1015 5264 1279 5398 Poids,
1327 5264 1591 5398 poſant
1651 5264 2300 5398 enſemblement
2372 5264 2372 5398 à
2468 5264 2660 5398 terre

549 5396 598 5517 le
673 5396 859 5517 pied
933 5396 1231 5517 gauche
1305 5396 1528 5517 encor
1615 5396 1838 5517 eſlevé
1913 5396 2037 5517 par
2123 5396 2285 5517 deça
2359 5396 2409 5517 le
2533 5396 2657 5517 Dia-

585 5522 808 5642 metre
907 5522 1068 5642 pres
1154 5522 1216 5642 de
1278 5522 1328 5642 la
1390 5522 1625 5642 lettre
1761 5522 1811 5642 M,
1922 5522 2182 5642 faiſant
2257 5522 2492 5642 prinſe
2591 5522 2653 5642 de

541 5649 589 5770 la
660 5649 874 5770 garde
970 5649 1351 5770 contraire
1422 5649 1601 5770 avec
1672 5649 1708 5770 ſa
1803 5649 1946 5770 main
2065 5649 2386 5770 gauche,
2517 5649 2517 5770 &
2589 5649 2636 5770 en

546 5774 935 5896 avançant
984 5774 1044 5896 le
1093 5774 1263 5896 pied
1336 5774 1543 5896 droit,
1567 5774 1628 5896 le
1676 5774 2053 5896 touchera
2138 5774 2199 5896 de
2260 5774 2308 5896 ſa
2381 5774 2661 5896 pointe

560 5895 609 6032 en
682 5895 719 6032 la
780 5895 1170 6032 poitrine,
1256 5895 1366 6032 qui
1427 5895 1512 6032 eſt
1573 5895 1610 6032 la
1708 5895 1964 6032 meſme
2074 5895 2465 6032 operation
2575 5895 2624 6032 du

563 6026 997 6150 precedent
1103 6026 1340 6150 Cercle
1472 6026 1511 6150 N.
1564 6026 1604 6150 9.

3321 1716 3464 1844 ’Eſt
3568 1716 3802 1844 encor
3880 1716 3932 1844 du
4049 1716 4322 1844 meſme
4426 1716 4686 1844 Cercle
4829 1716 4868 1844 N.
4920 1716 5012 1844 14.

3339 1862 3473 1980 que
3545 1862 3582 1980 la
3666 1862 4030 1980 preſente
4103 1862 4515 1980 operation
4587 1862 4999 1980 procede.

3365 1989 3466 2110 Car
3516 1989 3694 2110 ainſi
3769 1989 4579 2110 qu’ALEXANDRE
4655 1989 4769 2110 fait
4870 1989 5009 2110 l’in-

3329 2116 3535 2235 trade
3595 2116 3777 2235 avec
3825 2116 3873 2235 le
3934 2116 4103 2235 pied
4188 2116 4478 2235 gauche
4551 2116 4660 2235 ſur
4732 2116 4999 2235 l’eſpee

2858 2240 2958 2351 con
3028 2240 3248 2351 traire
3348 2240 3818 2351 aſſujettie,
3927 2240 3977 2351 au
4127 2240 4397 2351 meſme
4467 2240 4727 2351 temps
4936 2240 4996 2351 A-

2866 2339 3204 2488 CHARIE
3295 2339 3588 2488 marche
3655 2339 4230 2488 pareillement
4286 2339 4759 2488 alencontre
4816 2339 4996 2488 avec

2848 2466 2897 2618 le
2972 2466 3146 2618 pied
3221 2466 3482 2618 droit,
3593 2466 4066 2618 conduiſant
4153 2466 4812 2618 enſemblement
4874 2466 4986 2618 ſon

2861 2590 3072 2739 eſpee
3147 2590 3147 2739 à
3234 2590 3445 2739 l’aide
3532 2590 3582 2739 du
3681 2590 3930 2739 coude
3992 2590 4104 2739 par
4191 2590 4440 2739 deſſus
4539 2590 4576 2739 ſa
4688 2590 4875 2739 teſte
4924 2590 5011 2739 ti-

2846 2721 3006 2869 rant
3067 2721 3128 2869 un
3214 2721 3399 2869 coup
3485 2721 3534 2869 de
3608 2721 3866 2869 taille,
3915 2721 3927 2869 à
3976 2721 4013 2869 la
4087 2721 4271 2869 teſte
4369 2721 4431 2869 de
4492 2721 4541 2869 ſa
4603 2721 4848 2869 partie
4922 2721 4971 2869 en

2842 2849 3205 2990 plantant
3280 2849 3330 2990 le
3405 2849 3580 2990 pied
3655 2849 3843 2990 droit
3906 2849 3918 2990 à
3981 2849 4181 2990 terre
4244 2849 4356 2990 par
4444 2849 4607 2990 deçà
4682 2849 4744 2990 le
4857 2849 4994 2990 Dia-

2875 2976 3088 3120 metre
3160 2976 3231 3120 un
3326 2976 3445 3120 peu
3540 2976 3706 3120 plus
3766 2976 3991 3120 avant
4063 2976 4193 3120 que
4264 2976 4300 3120 la
4371 2976 4573 3120 lette
4668 2976 4728 3120 L,
4799 2976 4989 3120 pour

2840 3099 3323 3248 pourſuivre
3399 3099 3450 3248 du
3513 3099 3691 3248 pied
3754 3099 4059 3248 gauche
4110 3099 4224 3248 ſur
4262 3099 4834 3248 l’interſeion
4923 3099 4986 3248 de

2842 3226 2882 3375 la
2962 3226 3164 3375 ligne
3298 3226 3311 3375 Q
3432 3226 3486 3375 N.
3687 3226 3740 3375 Or
3821 3226 3875 3375 au
3995 3226 4250 3375 meſme
4331 3226 4586 3375 temps
4666 3226 4800 3375 que
4867 3226 4975 3375 ſon

2842 3352 3055 3501 eſpee
3114 3352 3316 3501 vient
3387 3352 3825 3501 deſcendre
3896 3352 4252 3501 d’enhaut
4323 3352 4525 3501 pour
4608 3352 4987 3501 executer

2822 3474 2870 3617 l0
2938 3474 3187 3617 coup,
3312 3474 3322 3617 A
3380 3474 3380 3617 r
3447 3474 3668 3617 LVAa
3803 3474 3860 3617 R
3937 3474 4235 3617 ava1ce
4293 3474 4341 3617 le
4428 3474 4620 3617 coſté
4687 3474 4976 3617 gauche

2855 3577 2903 3734 du
3001 3577 3256 3734 corps,
3317 3577 3365 3734 en
3438 3577 3718 3734 faiſant
3766 3577 4021 3734 prinſe
4082 3577 4264 3734 avec
4313 3577 4362 3734 ſa
4447 3577 4593 3734 main
4690 3577 4981 3734 gauche

2838 3703 2911 3858 de
2959 3703 3008 3858 la
3092 3703 3310 3858 garde
3371 3703 3770 3858 contraire
3843 3703 3891 3858 en
3976 3703 4024 3858 la
4109 3703 4532 3858 hauteur,
4629 3703 4980 3858 plantant

2826 3834 2876 3996 le
2939 3834 3114 3996 pied
3189 3834 3489 3996 gauche
3551 3834 3776 3996 encor
3839 3834 4076 3996 eſlevé
4126 3834 4226 3996 ſur
4276 3834 4326 3996 le
4439 3834 4814 3996 Diametre
4889 3834 4951 3996 un

2818 3960 2940 4114 peu
3037 3960 3316 4114 devant
3365 3960 3413 4114 la
3474 3960 3705 4114 lettre
3826 3960 3887 4114 H,
3997 3960 3997 4114 &
4082 3960 4397 4114 mettant
4446 3960 4725 4114 l’eſpee
4786 3960 4968 4114 avec

2811 4087 2869 4221 le
2916 4087 3091 4221 bras
3138 4087 3558 4221 raccourci
3663 4087 3674 4221 &
3721 4087 3768 4221 la
3826 4087 4106 4221 pointe
4188 4087 4584 4221 montante
4643 4087 4701 4221 au
4783 4087 4981 4221 coſté

2840 4212 3027 4367 droit
3102 4212 3152 4367 de
3214 4212 3314 4367 ſon
3402 4212 3676 4367 corps;
3739 4212 4051 4367 comme
4101 4212 4138 4367 il
4201 4212 4288 4367 eſt
4363 4212 4825 4367 repreſenté
4900 4212 4949 4367 en

2816 4340 2856 4464 la
2924 4340 3206 4464 figure.

4802 6582 4935 6684 Cer-

3599 415 3906 630 Cercle
4147 415 4366 630 N.17

3299 4966 3891 5118 LEXANDRE
4015 4966 4385 5118 pourſuit
4471 4966 4940 5118 l’operation

3282 5103 3978 5247 encommencée,
4037 5103 4049 5247 à
4132 5103 4474 5247 pancher
4580 5103 4627 5247 du
4733 5103 4946 5247 corps

3270 5221 3643 5359 alenvers
3755 5221 3992 5359 deſſus
4079 5221 4128 5359 le
4228 5221 4402 5359 pied
4502 5221 4788 5359 droit,
4888 5221 4937 5359 en

3268 5343 3597 5495 attirant
3703 5343 3715 5495 à
3820 5343 3938 5495 ſoy
4055 5343 4208 5495 vers
4314 5343 4361 5495 le
4467 5343 4596 5495 bas
4666 5343 4843 5495 avec
4901 5343 4937 5495 ſa

2833 5462 2979 5626 main
3089 5462 3381 5626 gauche
3454 5462 3515 5626 au
3625 5462 3893 5626 meſme
3966 5462 4173 5626 coſté
4234 5462 4282 5626 la
4392 5462 4611 5626 garde
4696 5462 4770 5626 de
4830 5462 4940 5626 l’e-

2796 5593 2968 5747 ſpee
3054 5593 3446 5747 contraire
3520 5593 3704 5747 avec
3766 5593 3802 5747 la
3888 5593 4158 5747 pointe
4244 5593 4637 5747 abaiſſée,
4760 5593 4760 5747 &
4846 5593 4956 5747 en-

2790 5716 3339 5865 ſemblement
3417 5716 3708 5865 ſerrant
3764 5716 3820 5865 le
3888 5716 4056 5865 bras
4112 5716 4538 5865 raccourci
4594 5716 4650 5865 au
4739 5716 4941 5865 coſté

2821 5842 3003 6006 droit
3076 5842 3137 6006 de
3198 5842 3295 6006 ſon
3379 5842 3634 6006 corps,
3683 5842 3731 6006 en
3804 5842 4277 6006 preſentant
4326 5842 4374 6006 ſa
4435 5842 4714 6006 pointe
4775 5842 4944 6006 tout

2813 5975 3076 6138 contre
3141 5975 3194 6138 le
3246 5975 3496 6138 viſage
3561 5975 3627 6138 de
3666 5975 4204 6138 l’adverſaire;
4270 5975 4572 6138 comme
4624 5975 4663 6138 il
4716 5975 4808 6138 eſt
4873 5975 4913 6138 en

2804 6099 2845 6224 la
2914 6099 3189 6224 figure.
