5520 7640
4722 6830 4916 6933 pour

1064 819 1222 964 Oicy
1284 819 1430 964 une
1479 819 1699 964 autre
1760 819 2176 964 pourſuite
2261 819 2310 964 du
2432 819 2677 964 Cercle

1071 954 1107 1086 N.
1180 954 1277 1086 17.
1337 954 1641 1086 ſuivant
1713 954 1992 1086 lequel
2101 954 2683 1086 ALEXANDRE

1012 1079 1253 1215 ayant
1313 1079 1458 1215 ſaiſi
1530 1079 1639 1215 par
1723 1079 2037 1215 deſſous
2097 1079 2278 1215 avec
2350 1079 2398 1215 ſa
2507 1079 2663 1215 main

1042 1207 1324 1332 gauche
1371 1207 1418 1332 la
1501 1207 1712 1332 garde
1783 1207 2160 1332 contraire
2230 1207 2466 1332 encor
2524 1207 2689 1332 eſle-

562 1332 742 1464 vée;
825 1332 1304 1464 maintenant
1352 1332 1387 1464 il
1435 1332 1471 1464 la
1543 1332 1663 1464 tire
1734 1332 1782 1464 en
1854 1332 1985 1464 bas
2033 1332 2033 1464 à
2081 1332 2189 1464 ſon
2273 1332 2464 1464 coſté
2536 1332 2691 1464 gau-

573 1452 724 1592 che,
829 1452 829 1592 &
910 1452 957 1592 en
1026 1452 1410 1592 tournant
1468 1452 1515 1592 ſa
1608 1452 1759 1592 main
1841 1452 2131 1592 gauche
2213 1452 2259 1592 en
2364 1452 2678 1592 dehors,

615 1579 627 1708 &
676 1579 1068 1708 l’attirant
1105 1579 1117 1708 à
1178 1579 1300 1708 ſoy
1349 1579 1386 1708 il
1472 1579 1827 1708 emporte
1888 1579 2169 1708 l’eſpee
2255 1579 2696 1708 contraire,

546 1699 1195 1839 raccourciſſant
1231 1699 1278 1839 la
1325 1699 1585 1839 ſienne
1644 1699 1809 1839 avec
1856 1699 1903 1839 la
1962 1699 2234 1839 pointe
2304 1699 2316 1839 b
2411 1699 2540 1839 aſſe
2623 1699 2670 1839 en

548 1825 595 1967 la
666 1825 962 1967 ſerrant
1068 1825 1328 1967 contre
1387 1825 1435 1967 le
1517 1825 1707 1967 coſté
1801 1825 2049 1967 droit,
2109 1825 2310 1967 pour
2381 1825 2629 1967 l’avoir
2688 1825 2688 1967 à

567 1951 1295 2091 commandement
1363 1951 1420 2091 en
1500 1951 1602 2091 cas
1670 1951 1829 2091 qu’il
1898 1951 2216 2091 vouluſt
2284 1951 2705 2091 executer;

559 2077 731 2210 ainſi
797 2077 969 2210 qu’il
1022 2077 1115 2210 eſt
1194 2077 1512 2210 monſtré
1565 2077 1671 2210 par
1764 2077 1803 2210 ſa
1856 2077 1989 2210 figu
2068 2077 2161 2210 re.

1272 504 1590 715 Cercle
1794 504 2089 715 N.10.

1539 2543 1658 2776 Eſt
1777 2543 1955 2776 une
2094 2543 2767 2776 obſervation
2886 2543 3084 2776 fort
3203 2543 3758 2776 generale,
3956 2543 3976 2776 &
4135 2543 4194 2776 de
4313 2543 4927 2776 tresgrande

1446 2767 2086 2908 conſequence,
2211 2767 2324 2908 que
2412 2767 2638 2908 touts
2763 2767 3328 2908 mouvements
3403 2767 3567 2908 ſont
3642 2767 3830 2908 aiſez
3905 2767 3918 2908 à
3993 2767 4458 2908 ſurmonter
4558 2767 4608 2908 en
4709 2767 4909 2908 leurs

1426 2913 1818 3054 premiers
1913 2913 2781 3054 commencements;
2900 2913 3220 3054 comme
3292 2913 3826 3054 l’experience
3933 2913 4385 3054 demonſtre
4480 2913 4528 3054 en
4646 2913 4908 3054 toutes

1455 3046 1778 3192 choſes,
1891 3046 2046 3192 qu’il
2102 3046 2229 3192 n’y
2299 3046 2299 3192 a
2369 3046 2496 3192 rien
2623 3046 2679 3192 de
2735 3046 2946 3192 fort,
3031 3046 3143 3192 qui
3213 3046 3368 3192 n’ait
3453 3046 3579 3192 eſté
3664 3046 3903 3192 foible
3945 3046 4015 3192 au
4086 3046 4494 3192 paravant.
4691 3046 4930 3192 Conſi-

1463 3186 1672 3328 derez
1737 3186 1789 3328 en
1881 3186 2077 3328 pour
2155 3186 2586 3328 exemple,
2677 3186 3069 3328 l’enfance
3147 3186 3252 3328 des
3317 3186 3617 3328 arbres,
3683 3186 3787 3328 des
3852 3186 4153 3328 beſtes,
4244 3186 4257 3328 &
4336 3186 4440 3328 des
4505 3186 4910 3328 hommes;

1427 3324 1469 3470 la
1554 3324 1978 3470 fondation
2105 3324 2190 3470 des
2317 3324 2599 3470 Villes,
2712 3324 2811 3470 des
2910 3324 3277 3470 Peuples,
3418 3324 3432 3470 &
3545 3324 4068 3470 Royaumes;
4209 3324 4223 3470 &
4308 3324 4915 3470 generalement

563 3464 748 3611 tous
814 3464 906 3611 les
972 3464 1354 3611 periodes
1446 3464 1552 3611 des
1644 3464 1947 3611 choſes,
2039 3464 2145 3611 qui
2184 3464 2751 3611 augmentent
2804 3464 2922 3611 par
3014 3464 3278 3611 degrez
3344 3464 3542 3611 pour
3607 3464 4016 3611 atteindre
4069 3464 4121 3611 le
4227 3464 4530 3611 comble
4648 3464 4701 3611 de
4767 3464 4925 3611 leur

557 3597 956 3744 premiere
1036 3597 1475 3744 naiſſance;
1622 3597 1635 3744 &
1688 3597 2061 3744 combien
2141 3597 2380 3744 ſeroit
2434 3597 2474 3744 il
2527 3597 2753 3744 facile
2846 3597 2900 3744 de
2966 3597 3059 3744 les
3126 3597 3139 3744 y
3246 3597 3632 3744 maiſtriſer
3698 3597 3884 3744 tout
3964 3597 3964 3744 à
4031 3597 4417 3744 ſouhait,
4483 3597 4643 3744 ſans
4710 3597 4909 3744 nulle

555 3732 835 3885 peine?
1016 3732 1086 3885 Et
1156 3732 1686 3885 cependant,
1784 3732 1826 3885 ſi
1882 3732 1938 3885 on
2021 3732 2105 3885 les
2175 3732 2398 3885 laiſſe,
2454 3732 2524 3885 ils
2594 3732 2650 3885 ſe
2720 3732 3194 3885 renforcent
3278 3732 3655 3885 quelques
3725 3732 3851 3885 uns
3920 3732 3948 3885 ſi
4018 3732 4297 3885 avant,
4353 3732 4521 3885 qu’il
4563 3732 4660 3885 n’y
4730 3732 4912 3885 reſte

559 3875 735 4024 plus
829 3875 884 4024 de
992 3875 1249 4024 moyen
1357 3875 1411 4024 de
1492 3875 1587 4024 les
1668 3875 1952 4024 retenir
2060 3875 2492 4024 davantage
2574 3875 2628 4024 en
2736 3875 3006 4024 bride.
3155 3875 3290 4024 Soit
3371 3875 3506 4024 une
3601 3875 3831 4024 Pierre
3912 3875 3980 4024 de
4115 3875 4439 4024 Moulin,
4547 3875 4764 4024 giſant
4831 3875 4899 4024 au

560 4015 928 4155 ſommet
1020 4015 1230 4155 d’une
1349 4015 1835 4155 montagne,
1953 4015 1966 4155 &
2045 4015 2294 4155 qu’elle
2373 4015 2873 4155 commence
2938 4015 2938 4155 à
3017 4015 3070 4155 ſe
3162 4015 3556 4155 deſtacher
3635 4015 3819 4155 pour
3884 4015 4147 4155 rouler
4226 4015 4292 4155 de
4357 4015 4541 4155 haut
4620 4015 4673 4155 en
4765 4015 4922 4155 bas;

555 4152 581 4301 il
669 4152 681 4301 y
757 4152 757 4301 a
870 4152 1122 4301 moyen
1210 4152 1273 4301 au
1361 4152 1701 4301 premier
1789 4152 2545 4301 commencement
2608 4152 2670 4301 de
2733 4152 3111 4301 l’arreſter
3174 4152 3350 4301 avec
3401 4152 3438 4301 la
3552 4152 3703 4301 main
3778 4152 4018 4301 ſeule,
4093 4152 4294 4301 voire
4357 4152 4697 4301 ſouvent
4748 4152 4911 4301 avec

558 4294 624 4443 un
756 4294 954 4443 doigt
1033 4294 1191 4443 ſans
1257 4294 1481 4443 plus:
1547 4294 1587 4443 ſi
1666 4294 1784 4443 elle
1877 4294 2364 4443 commence
2443 4294 2443 4443 à
2536 4294 2958 4443 pancher,
3050 4294 3327 4443 encore
3406 4294 3445 4443 la
3524 4294 3709 4443 peut
3801 4294 3854 4443 on
3946 4294 4236 4443 retenir
4302 4294 4474 4443 avec
4539 4294 4592 4443 le
4671 4294 4922 4443 corps:

597 4429 756 4584 mais
796 4429 836 4584 ſi
889 4429 1009 4584 elle
1075 4429 1088 4584 a
1155 4429 1367 4584 prins
1434 4429 1474 4584 ſa
1567 4429 1899 4584 courſe,
2018 4429 2018 4584 &
2098 4429 2364 4584 qu’elle
2430 4429 2510 4584 ait
2603 4429 2763 4584 deſia
2869 4429 3121 4584 donné
3201 4429 3267 4584 un
3360 4429 3533 4584 tour
3613 4429 3679 4584 de
3746 4429 3932 4584 haut
3998 4429 3998 4584 à
4078 4429 4277 4584 bas,
4370 4429 4623 4584 qu’elle
4716 4429 4915 4584 force

585 4561 1001 4743 d’homme
1087 4561 1101 4743 y
1173 4561 1173 4743 a
1244 4561 1330 4743 il,
1431 4561 1545 4743 qui
1602 4561 1645 4743 la
1731 4561 1961 4743 puiſſe
2061 4561 2619 4743 empeſcher,
2734 4561 3149 4743 moderer,
3235 4561 3293 4743 ou
3422 4561 3794 4743 divertir,
3894 4561 4152 4743 qu’elle
4224 4561 4467 4743 n’aille
4539 4561 4639 4743 ſon
4739 4561 4897 4743 train

562 4704 747 4850 tout
814 4704 827 4850 à
907 4704 1013 4850 vau
1119 4704 1172 4850 de
1238 4704 1477 4850 route
1543 4704 1543 4850 ?
1716 4704 1782 4850 Le
1888 4704 2153 4850 meſme
2233 4704 2286 4850 en
2379 4704 2458 4850 eſt
2525 4704 2564 4850 il
2657 4704 2710 4850 de
2803 4704 2896 4850 ces
2975 4704 3214 4850 coups
3307 4704 3360 4850 de
3440 4704 3692 4850 taille,
3784 4704 4103 4850 comme
4182 4704 4209 4850 il
4288 4704 4381 4850 eſt
4448 4704 4912 4850 repreſenté

559 4844 624 4979 au
767 4844 1014 4979 Cercle
1144 4844 1183 4979 N.
1248 4844 1287 4979 3.
1443 4844 1482 4979 Si
1559 4844 1741 4979 vous
1806 4844 2196 4979 attendez
2261 4844 2469 4979 tant,
2547 4844 2676 4979 que
2728 4844 2780 4979 le
2884 4844 3404 4979 mouvement
3482 4844 3612 4979 ſoit
3702 4844 3871 4979 venu
3949 4844 3962 4979 à
4053 4844 4521 4979 deſcendre,
4599 4844 4767 4979 tout
4858 4844 4910 4979 ce

592 4980 704 5140 que
802 4980 984 5140 vous
1082 4980 1277 5140 ferez
1375 4980 1571 5140 pour
1641 4980 2088 5140 l’aſſujettir
2186 4980 2312 5140 ſera
2424 4980 2648 5140 peine
2732 4980 3081 5140 perdue.
3263 4980 3333 5140 La
3417 4980 3626 5140 force
3710 4980 3766 5140 en
3864 4980 3948 5140 eſt
4018 4980 4186 5140 trop
4269 4980 4591 5140 grande.
4801 4980 4927 5140 Mais

564 5121 604 5277 ſi
670 5121 842 5277 vous
922 5121 1200 5277 prenez
1253 5121 1306 5277 le
1373 5121 2129 5277 commencement
2222 5121 2275 5277 du
2354 5121 2699 5277 temps,
2778 5121 2951 5277 tout
3017 5121 3150 5277 ſera
3216 5121 3468 5277 facile.
3654 5121 3720 5277 De
3786 5121 4078 5277 façon,
4171 5121 4343 5277 qu’il
4410 5121 4516 5277 n’y
4582 5121 4595 5277 a
4662 5121 4794 5277 rien
4900 5121 4914 5277 à

563 5260 812 5408 faire,
903 5260 1100 5408 ſinon
1217 5260 1479 5408 dreſſer
1545 5260 1545 5408 à
1623 5260 1885 5408 temps
1937 5260 2186 5408 voſtre
2252 5260 2592 5408 pointe,
2657 5260 2972 5408 comme
3037 5260 3076 5408 il
3129 5260 3364 5408 faut,
3456 5260 3639 5408 pour
3705 5260 3914 5408 avoir
3966 5260 4071 5408 les
4124 5260 4372 5408 lames
4438 5260 4909 5408 accouplées

567 5398 760 5550 tout
829 5398 829 5550 à
898 5398 1256 5550 l’inſtant
1353 5398 1518 5550 qu’il
1587 5398 1945 5550 debande
2014 5398 2055 5550 la
2138 5398 2441 5550 ſienne.
2662 5398 2772 5550 Non
2882 5398 3006 5550 pas
3089 5398 3240 5550 di-je
3337 5398 3461 5550 que
3530 5398 3709 5550 vous
3777 5398 3984 5550 alliez
4053 5398 4287 5550 taſter
4370 5398 4645 5550 apres,
4769 5398 4907 5550 mais

597 5537 762 5697 qu’il
844 5537 967 5697 ſoit
1090 5537 1487 5697 contraint
1556 5537 1679 5697 luy
1788 5537 2103 5697 meſme,
2186 5537 2240 5697 de
2309 5537 2624 5697 frapper
2678 5537 2747 5697 au
2829 5537 3021 5697 long
3103 5537 3158 5697 de
3226 5537 3267 5697 la
3349 5537 3664 5697 voſtre;
3815 5537 3815 5697 &
3911 5537 4034 5697 que
4116 5537 4362 5697 voſtre
4445 5537 4691 5697 aion
4773 5537 4910 5697 ſoit

571 5671 891 5825 fondée
946 5671 1057 5825 ſur
1155 5671 1391 5825 moins
1474 5671 1530 5825 de
1613 5671 1891 5825 force,
2030 5671 2030 5825 &
2100 5671 2253 5825 plus
2364 5671 2781 5825 d’adreſſe:
2976 5671 3017 5825 Or
3101 5671 3281 5825 pour
3379 5671 3434 5825 ce
3518 5671 3698 5825 faire
3796 5671 4060 5825 dreſſez
4199 5671 4199 5825 &
4282 5671 4727 5825 accouplez
4810 5671 4922 5825 vo-

572 5811 710 5979 ſtre
779 5811 1055 5979 pointe
1137 5811 1316 5979 tout
1371 5811 1743 5979 joignant
1812 5811 1867 5979 le
1936 5811 2198 5979 centre
2294 5811 2349 5979 de
2418 5811 2460 5979 ſa
2529 5811 2776 5979 lame;
2873 5811 2983 5979 qui
3066 5811 3162 5979 eſt
3245 5811 3286 5979 le
3355 5811 3713 5979 principe
3851 5811 3851 5979 &
3920 5811 3975 5979 la
4044 5811 4306 5979 ſource
4416 5811 4471 5979 de
4567 5811 4788 5979 toute
4870 5811 4912 5979 ſa

572 5952 830 6109 force.
987 5952 1431 6109 Tellement
1517 5952 1846 6109 qu’avoir
1947 5952 2176 6109 gagné
2247 5952 2290 6109 le
2419 5952 2734 6109 Centre,
2806 5952 2963 6109 c’eſt
3020 5952 3135 6109 luy
3207 5952 3407 6109 avoir
3493 5952 3722 6109 gagne
3794 5952 4023 6109 toute
4080 5952 4395 6109 l’eſpee,
4466 5952 4538 6109 ne
4610 5952 4767 6109 plus
4839 5952 4910 6109 ne

608 6090 833 6255 moins
926 6090 1124 6255 qu’on
1217 6090 1270 6255 ſe
1349 6090 1733 6255 contente
1839 6090 2024 6255 pour
2103 6090 2156 6255 le
2236 6090 2394 6255 plus
2474 6090 2752 6255 court,
2871 6090 2924 6255 de
3016 6090 3175 6255 tirer
3241 6090 3281 6255 la
3400 6090 3876 6255 chandelle,
3982 6090 4233 6255 quand
4300 6090 4366 6255 on
4472 6090 4644 6255 veut
4723 6090 4908 6255 oſter

566 6232 607 6396 la
689 6232 1032 6396 lumiere
1114 6232 1223 6396 qui
1292 6232 1552 6396 reluiſt
1648 6232 1922 6396 dedans
1990 6232 2127 6396 une
2209 6232 2648 6396 chambre,
2716 6232 2785 6396 ou
2894 6232 3141 6396 quand
3209 6232 3250 6396 le
3332 6232 3551 6396 Soleil
3620 6232 3634 6396 y
3702 6232 3894 6396 jette
3949 6232 4044 6396 ſes
4099 6232 4387 6396 rayons
4455 6232 4579 6396 par
4647 6232 4715 6396 un
4798 6232 4921 6396 pe-

573 6365 658 6543 tit
729 6365 1099 6543 pertuis,
1227 6365 1227 6543 &
1326 6365 1454 6543 que
1511 6365 1554 6543 la
1625 6365 1966 6543 lumiere
2037 6365 2151 6543 s’en
2251 6365 2507 6543 eſpard
2578 6365 2620 6543 ſi
2677 6365 3218 6543 largement,
3317 6365 3488 6543 qu’il
3559 6365 3786 6543 ſeroit
3843 6365 4000 6543 plus
4085 6365 4298 6543 facile
4412 6365 4469 6543 de
4540 6365 4910 6543 l’obſcur-

583 6506 662 6674 cir
728 6506 728 6674 à
807 6506 1137 6674 l’entree
1203 6506 1269 6674 du
1388 6506 1652 6674 meſme
1731 6506 2022 6674 pertuis
2088 6506 2259 6674 avec
2325 6506 2365 6674 la
2444 6506 2642 6674 ſeule
2735 6506 2972 6674 main,
3091 6506 3210 6674 que
3302 6506 3355 6674 de
3421 6506 3474 6674 le
3540 6506 3711 6674 faire
3777 6506 3830 6674 au
3909 6506 4041 6674 lieu
4147 6506 4200 6674 où
4292 6506 4332 6674 la
4411 6506 4741 6674 lumiere
4834 6506 4926 6674 eſt

587 6643 996 6823 eſpandue
1080 6643 1264 6823 avec
1348 6643 1391 6823 le
1503 6643 1715 6823 corps
1785 6643 1968 6823 tout
2039 6643 2321 6823 entier.
2476 6643 2687 6823 Auſsi
2744 6643 2857 6823 n’y
2913 6643 2927 6823 a
2983 6643 3026 6823 il
3096 6643 3308 6823 point
3406 6643 3449 6823 de
3547 6643 3801 6823 moyen
3914 6643 3970 6823 de
4026 6643 4196 6823 faire
4266 6643 4745 6823 autrement
4830 6643 4929 6823 car

2988 391 3037 536 Or
3085 391 3390 536 ſachez,
3438 391 3572 536 qu’à
3645 391 3913 536 toutes
3974 391 4083 536 les
4144 391 4278 536 fois
4363 391 4485 536 que
4546 391 4729 536 vous
4802 391 4923 536 au-

2822 525 2928 660 tez
2975 525 3105 660 fait
3152 525 3400 660 prinſe
3495 525 3554 660 de
3601 525 3648 660 la
3742 525 3955 660 garde
4038 525 4427 660 contraire
4522 525 4569 660 en
4652 525 4699 660 la
4805 525 4923 660 ma-

2807 649 3021 766 niere
3089 649 3673 766 dernierament
3729 649 3932 766 dite,
4044 649 4089 766 en
4190 649 4573 766 tournent
4618 649 4663 766 la
4753 649 4888 766 main

2836 774 2897 913 de
2994 774 3189 913 ceſte
3274 774 3567 913 façon,
3640 774 3823 913 vous
3884 774 4018 913 luy
4103 774 4444 913 pourrez
4518 774 4920 913 touſiours

2841 901 3023 1020 oſter
3075 901 3387 1020 l’eſpee.
