<PcGts xmlns="http://schema.primaresearch.org/PAGE/gts/pagecontent/2019-07-15" xmlns:xsi="http://www.w3.org/2001/XMLSchema-instance" xsi:schemaLocation="http://schema.primaresearch.org/PAGE/gts/pagecontent/2019-07-15 http://schema.primaresearch.org/PAGE/gts/pagecontent/2019-07-15/pagecontent.xsd">
  <Metadata>
    <Creator/>
    <Created>2025-03-06T18:10:44</Created>
    <LastChange>2025-03-06T18:10:44</LastChange>
    <Comments/>
  </Metadata>
  <Page imageFilename="0220.png" imageHeight="7640" imageWidth="5520" orientation="0.0">
    <ReadingOrder>
      <OrderedGroup id="g1">
        <RegionRefIndexed index="0" regionRef="r2"/>
      </OrderedGroup>
    </ReadingOrder>
    <ImageRegion id="r1">
      <Coords points="544,1241 4975,1241 4975,3791 544,3791"/>
    </ImageRegion>
    <TextRegion id="r2" orientation="0.25" type="paragraph">
      <Coords points="4316,233 4311,238 4307,238 4307,272 4302,276 4154,276 4149,272 4149,243 4144,238 4039,238 4030,248 4030,253 4025,257 4025,267 4020,272 4020,276 4015,281 3891,281 3886,286 3848,286 3843,281 3843,248 3839,248 3834,243 3834,238 3514,238 3509,243 3375,243 3375,253 3380,253 3385,257 3490,257 3495,253 3514,253 3519,257 3509,267 3509,272 3504,276 3504,286 3495,296 3361,296 3356,300 2979,300 2974,296 2974,262 2979,257 3309,257 3313,253 3313,243 3041,243 3036,248 2688,248 2688,257 2683,262 2602,262 2597,267 2564,267 2559,262 2559,257 2506,257 2502,253 2334,253 2334,262 2330,267 2325,267 2320,272 2311,272 2311,305 2306,310 2220,310 2215,305 2124,305 2120,310 2067,310 2062,305 1938,305 1933,300 1933,267 1938,262 2091,262 2091,257 1804,257 1804,262 1824,262 1828,267 1828,300 1824,305 1465,305 1461,310 1432,310 1427,305 1427,281 1418,272 1303,272 1298,267 1208,267 1193,281 1193,305 1184,315 997,315 993,319 935,319 931,315 931,276 926,272 926,267 835,267 830,272 826,272 821,276 821,310 816,315 510,315 506,319 501,319 501,358 496,362 496,434 501,439 501,477 506,482 506,553 510,558 510,563 520,573 520,596 515,601 510,601 506,606 506,620 501,625 501,697 515,711 539,711 544,716 1064,716 1069,711 1212,711 1217,706 1298,706 1303,711 1303,716 1298,721 1222,721 1217,725 1188,725 1174,740 1174,749 1169,754 1169,759 1165,764 1141,764 1136,759 1136,730 1122,730 1117,725 1026,725 1017,735 515,735 510,740 501,740 496,744 496,849 501,854 639,854 644,859 644,869 639,873 615,873 611,869 515,869 506,878 506,945 510,950 510,993 692,993 697,997 697,1036 792,1036 797,1031 816,1031 816,997 821,993 888,993 892,988 907,988 907,912 883,912 878,907 878,873 754,873 749,869 749,859 754,854 1021,854 1026,849 1079,849 1083,854 1083,859 1184,859 1193,849 1193,845 1198,840 1203,845 1203,883 1317,883 1317,849 1322,845 1528,845 1532,849 1666,849 1671,854 1671,888 1676,892 1785,892 1785,854 1790,849 1981,849 1986,854 2354,854 2358,859 2358,897 2449,897 2454,892 2502,892 2502,854 2506,849 2650,849 2654,845 3132,845 3137,849 3232,849 3237,845 3361,845 3366,840 3371,840 3375,845 3466,845 3471,840 3528,840 3533,835 3691,835 3695,840 3695,873 3796,873 3796,835 3800,830 3877,830 3882,826 4187,826 4192,830 4278,830 4283,835 4283,864 4373,864 4373,830 4378,826 4416,826 4421,821 4512,821 4517,826 4517,830 4607,830 4612,826 4617,826 4622,821 4727,821 4732,826 4846,826 4851,830 4942,830 4946,826 5018,826 5018,744 5013,740 5013,716 5008,711 5004,711 4999,706 4951,706 4946,701 4946,692 4951,687 5008,687 5013,682 5018,682 5023,678 5023,606 5018,601 5018,577 5013,573 5013,568 4951,568 4946,563 4817,563 4813,558 4803,558 4798,553 4798,544 4803,539 4808,544 5018,544 5018,472 5013,467 5013,386 5018,382 5018,310 4994,310 4989,305 4989,238 4899,238 4894,243 4837,243 4822,257 4822,272 4817,276 4794,276 4789,272 4789,233 4689,233 4684,238 4684,272 4679,276 4669,276 4665,281 4660,281 4655,286 4655,291 4650,296 4650,310 4646,315 4641,310 4641,243 4550,243 4550,267 4545,272 4464,272 4459,276 4416,276 4412,272 4412,238 4407,233"/>
      <TextLine id="r2_l001">
        <Coords points="4307,272 4302,276 4154,276 4149,272 4149,270 4092,271 4091,272 4086,272 4085,273 4084,273 4082,275 4081,275 4080,276 4078,278 4078,279 4077,280 4015,280 4015,281 3891,281 3886,286 3848,286 3843,281 3843,280 3799,281 3797,283 3796,283 3795,284 3795,285 3794,285 3793,286 3785,287 3784,288 3501,289 3495,296 3361,296 3356,300 2979,300 2974,296 2974,291 2516,293 2516,292 2514,291 2514,290 2512,287 2511,287 2510,288 2509,288 2507,290 2507,291 2507,292 2507,293 2505,294 2311,294 2311,305 2306,310 2220,310 2215,305 2124,305 2120,310 2067,310 2062,305 1938,305 1933,300 1933,296 1828,296 1828,300 1824,305 1465,305 1461,310 1432,310 1427,305 1427,298 1193,299 1193,305 1184,315 997,315 993,319 935,319 931,315 931,300 878,301 878,302 878,303 877,304 877,306 876,306 870,306 868,308 867,308 866,309 865,309 864,311 864,345 863,345 556,347 555,348 554,348 552,350 551,350 550,351 549,351 548,352 547,352 546,353 544,353 542,355 542,394 540,396 539,396 539,397 540,398 540,403 542,405 542,444 544,446 545,446 546,447 554,447 555,448 559,448 560,447 563,447 564,446 569,446 570,445 571,445 571,444 571,410 596,409 1663,405 1664,405 1664,429 1667,432 1672,432 1673,433 2648,428 2648,429 2648,434 2649,434 2650,434 2651,435 2652,435 2653,436 2654,436 2655,437 2658,437 2659,438 2663,438 2664,437 2665,437 2666,436 2668,436 2669,435 2670,435 2673,432 3388,429 3389,428 3412,428 3414,426 3414,413 3415,412 4306,408 4307,407 4307,392 4307,391 4924,389 4927,386 4927,376 4935,376 4936,374 4937,374 4939,373 4939,372 4941,370 4941,369 4942,368 4942,355 4942,354 4969,354 4972,352 4972,351 4975,348 4975,346 4974,345 4971,345 4969,343 4945,343 4944,272 4944,271 4822,271 4822,272 4817,276 4794,276 4789,272 4789,271 4751,272 4750,272 4750,271 4750,270 4746,270 4744,268 4684,268 4684,272 4679,276 4669,276 4665,281 4660,281 4655,286 4655,291 4650,296 4650,310 4646,315 4641,310 4641,268 4547,269 4545,272 4464,272 4459,276 4416,276 4412,272 4412,269 4366,270 4364,268 4360,268 4359,269 4357,269 4356,270 4307,270 4307,272"/>
        <Word id="w53638">
          <Coords points="593,268 791,268 791,448 593,448"/>
          <Glyph id="w53638g0">
            <Coords points="593,268 621,268 621,448 593,448"/>
            <TextEquiv index="1" conf="1.0">
              <Unicode>p</Unicode>
            </TextEquiv>
          </Glyph>
          <Glyph id="w53638g1">
            <Coords points="664,268 678,268 678,448 664,448"/>
            <TextEquiv index="1" conf="0.9999992847442627">
              <Unicode>o</Unicode>
            </TextEquiv>
          </Glyph>
          <Glyph id="w53638g2">
            <Coords points="720,268 734,268 734,448 720,448"/>
            <TextEquiv index="1" conf="0.9999992251396179">
              <Unicode>u</Unicode>
            </TextEquiv>
          </Glyph>
          <Glyph id="w53638g3">
            <Coords points="791,268 791,268 791,448 791,448"/>
            <TextEquiv index="1" conf="0.9999989867210388">
              <Unicode>r</Unicode>
            </TextEquiv>
          </Glyph>
          <TextEquiv index="1" conf="0.9999974966069836">
            <Unicode>pour</Unicode>
          </TextEquiv>
        </Word>
        <Word id="w53639">
          <Coords points="904,268 1201,268 1201,448 904,448"/>
          <Glyph id="w53639g0">
            <Coords points="904,268 918,268 918,448 904,448"/>
            <TextEquiv index="1" conf="0.9999996423721313">
              <Unicode>d</Unicode>
            </TextEquiv>
          </Glyph>
          <Glyph id="w53639g1">
            <Coords points="961,268 975,268 975,448 961,448"/>
            <TextEquiv index="1" conf="0.9996423125267029">
              <Unicode>o</Unicode>
            </TextEquiv>
          </Glyph>
          <Glyph id="w53639g2">
            <Coords points="1017,268 1017,268 1017,448 1017,448"/>
            <TextEquiv index="1" conf="0.9999991059303284">
              <Unicode>n</Unicode>
            </TextEquiv>
          </Glyph>
          <Glyph id="w53639g3">
            <Coords points="1088,268 1088,268 1088,448 1088,448"/>
            <TextEquiv index="1" conf="0.999997615814209">
              <Unicode>n</Unicode>
            </TextEquiv>
          </Glyph>
          <Glyph id="w53639g4">
            <Coords points="1158,268 1158,268 1158,448 1158,448"/>
            <TextEquiv index="1" conf="0.999995619058609">
              <Unicode>e</Unicode>
            </TextEquiv>
          </Glyph>
          <Glyph id="w53639g5">
            <Coords points="1201,268 1201,268 1201,448 1201,448"/>
            <TextEquiv index="1" conf="0.9999983906745911">
              <Unicode>r</Unicode>
            </TextEquiv>
          </Glyph>
          <TextEquiv index="1" conf="0.9996326898518477">
            <Unicode>donner</Unicode>
          </TextEquiv>
        </Word>
        <Word id="w53640">
          <Coords points="1285,268 1837,268 1837,448 1285,448"/>
          <Glyph id="w53640g0">
            <Coords points="1285,268 1285,268 1285,448 1285,448"/>
            <TextEquiv index="1" conf="0.9999184161424637">
              <Unicode>l</Unicode>
            </TextEquiv>
          </Glyph>
          <Glyph id="w53640g1">
            <Coords points="1300,268 1300,268 1300,448 1300,448"/>
            <TextEquiv index="1" conf="0.9997390806674957">
              <Unicode>’</Unicode>
            </TextEquiv>
          </Glyph>
          <Glyph id="w53640g2">
            <Coords points="1342,268 1342,268 1342,448 1342,448"/>
            <TextEquiv index="1" conf="0.999999463558197">
              <Unicode>e</Unicode>
            </TextEquiv>
          </Glyph>
          <Glyph id="w53640g3">
            <Coords points="1384,268 1384,268 1384,448 1384,448"/>
            <TextEquiv index="1" conf="0.9999876916408539">
              <Unicode>ſ</Unicode>
            </TextEquiv>
          </Glyph>
          <Glyph id="w53640g4">
            <Coords points="1427,268 1427,268 1427,448 1427,448"/>
            <TextEquiv index="1" conf="0.9999336004257202">
              <Unicode>t</Unicode>
            </TextEquiv>
          </Glyph>
          <Glyph id="w53640g5">
            <Coords points="1455,268 1469,268 1469,448 1455,448"/>
            <TextEquiv index="1" conf="0.9999995529651642">
              <Unicode>r</Unicode>
            </TextEquiv>
          </Glyph>
          <Glyph id="w53640g6">
            <Coords points="1512,268 1512,268 1512,448 1512,448"/>
            <TextEquiv index="1" conf="0.9999999403953552">
              <Unicode>a</Unicode>
            </TextEquiv>
          </Glyph>
          <Glyph id="w53640g7">
            <Coords points="1582,268 1596,268 1596,448 1582,448"/>
            <TextEquiv index="1" conf="0.9999999403953552">
              <Unicode>m</Unicode>
            </TextEquiv>
          </Glyph>
          <Glyph id="w53640g8">
            <Coords points="1653,268 1667,268 1667,448 1653,448"/>
            <TextEquiv index="1" conf="0.9999999701976776">
              <Unicode>a</Unicode>
            </TextEquiv>
          </Glyph>
          <Glyph id="w53640g9">
            <Coords points="1724,268 1724,268 1724,448 1724,448"/>
            <TextEquiv index="1" conf="0.9999994933605194">
              <Unicode>ç</Unicode>
            </TextEquiv>
          </Glyph>
          <Glyph id="w53640g10">
            <Coords points="1766,268 1780,268 1780,448 1766,448"/>
            <TextEquiv index="1" conf="0.9999967217445374">
              <Unicode>o</Unicode>
            </TextEquiv>
          </Glyph>
          <Glyph id="w53640g11">
            <Coords points="1822,268 1837,268 1837,448 1822,448"/>
            <TextEquiv index="1" conf="0.9999951422214508">
              <Unicode>n</Unicode>
            </TextEquiv>
          </Glyph>
          <TextEquiv index="1" conf="0.9995690669217715">
            <Unicode>l’eſtramaçon</Unicode>
          </TextEquiv>
        </Word>
        <Word id="w53641">
          <Coords points="1921,268 1964,268 1964,448 1921,448"/>
          <Glyph id="w53641g0">
            <Coords points="1921,268 1921,268 1921,448 1921,448"/>
            <TextEquiv index="1" conf="0.9999939203262329">
              <Unicode>l</Unicode>
            </TextEquiv>
          </Glyph>
          <Glyph id="w53641g1">
            <Coords points="1964,268 1964,268 1964,448 1964,448"/>
            <TextEquiv index="1" conf="0.9999991953372955">
              <Unicode>e</Unicode>
            </TextEquiv>
          </Glyph>
          <TextEquiv index="1" conf="0.9999931156684205">
            <Unicode>le</Unicode>
          </TextEquiv>
        </Word>
        <Word id="w53642">
          <Coords points="2048,268 2303,268 2303,448 2048,448"/>
          <Glyph id="w53642g0">
            <Coords points="2048,268 2048,268 2048,448 2048,448"/>
            <TextEquiv index="1" conf="0.9999915361404419">
              <Unicode>c</Unicode>
            </TextEquiv>
          </Glyph>
          <Glyph id="w53642g1">
            <Coords points="2105,268 2105,268 2105,448 2105,448"/>
            <TextEquiv index="1" conf="0.9999998211860657">
              <Unicode>e</Unicode>
            </TextEquiv>
          </Glyph>
          <Glyph id="w53642g2">
            <Coords points="2147,268 2147,268 2147,448 2147,448"/>
            <TextEquiv index="1" conf="0.9999998807907104">
              <Unicode>n</Unicode>
            </TextEquiv>
          </Glyph>
          <Glyph id="w53642g3">
            <Coords points="2218,268 2218,268 2218,448 2218,448"/>
            <TextEquiv index="1" conf="0.999999076128006">
              <Unicode>t</Unicode>
            </TextEquiv>
          </Glyph>
          <Glyph id="w53642g4">
            <Coords points="2260,268 2260,268 2260,448 2260,448"/>
            <TextEquiv index="1" conf="0.9999997615814209">
              <Unicode>r</Unicode>
            </TextEquiv>
          </Glyph>
          <Glyph id="w53642g5">
            <Coords points="2303,268 2303,268 2303,448 2303,448"/>
            <TextEquiv index="1" conf="0.9999984800815582">
              <Unicode>e</Unicode>
            </TextEquiv>
          </Glyph>
          <TextEquiv index="1" conf="0.9999885559362349">
            <Unicode>centre</Unicode>
          </TextEquiv>
        </Word>
        <Word id="w53643">
          <Coords points="2402,268 2458,268 2458,448 2402,448"/>
          <Glyph id="w53643g0">
            <Coords points="2402,268 2416,268 2416,448 2402,448"/>
            <TextEquiv index="1" conf="1.0">
              <Unicode>d</Unicode>
            </TextEquiv>
          </Glyph>
          <Glyph id="w53643g1">
            <Coords points="2458,268 2458,268 2458,448 2458,448"/>
            <TextEquiv index="1" conf="0.9999979436397552">
              <Unicode>e</Unicode>
            </TextEquiv>
          </Glyph>
          <TextEquiv index="1" conf="0.9999979436397552">
            <Unicode>de</Unicode>
          </TextEquiv>
        </Word>
        <Word id="w53644">
          <Coords points="2529,268 2826,268 2826,448 2529,448"/>
          <Glyph id="w53644g0">
            <Coords points="2529,268 2529,268 2529,448 2529,448"/>
            <TextEquiv index="1" conf="0.9997148215770721">
              <Unicode>l</Unicode>
            </TextEquiv>
          </Glyph>
          <Glyph id="w53644g1">
            <Coords points="2543,268 2543,268 2543,448 2543,448"/>
            <TextEquiv index="1" conf="0.8573207259178162">
              <Unicode>’</Unicode>
            </TextEquiv>
          </Glyph>
          <Glyph id="w53644g2">
            <Coords points="2614,268 2614,268 2614,448 2614,448"/>
            <TextEquiv index="1" conf="0.9999997317790985">
              <Unicode>E</Unicode>
            </TextEquiv>
          </Glyph>
          <Glyph id="w53644g3">
            <Coords points="2670,268 2670,268 2670,448 2670,448"/>
            <TextEquiv index="1" conf="0.9999857246875763">
              <Unicode>ſ</Unicode>
            </TextEquiv>
          </Glyph>
          <Glyph id="w53644g4">
            <Coords points="2698,268 2713,268 2713,448 2698,448"/>
            <TextEquiv index="1" conf="1.0">
              <Unicode>p</Unicode>
            </TextEquiv>
          </Glyph>
          <Glyph id="w53644g5">
            <Coords points="2769,268 2783,268 2783,448 2769,448"/>
            <TextEquiv index="1" conf="0.9999393224716187">
              <Unicode>e</Unicode>
            </TextEquiv>
          </Glyph>
          <Glyph id="w53644g6">
            <Coords points="2826,268 2826,268 2826,448 2826,448"/>
            <TextEquiv index="1" conf="0.9999967217445374">
              <Unicode>e</Unicode>
            </TextEquiv>
          </Glyph>
          <TextEquiv index="1" conf="0.857008957616894">
            <Unicode>l’Eſpee</Unicode>
          </TextEquiv>
        </Word>
        <Word id="w53645">
          <Coords points="2953,268 3320,268 3320,448 2953,448"/>
          <Glyph id="w53645g0">
            <Coords points="2953,268 2967,268 2967,448 2953,448"/>
            <TextEquiv index="1" conf="0.9999993145465851">
              <Unicode>d</Unicode>
            </TextEquiv>
          </Glyph>
          <Glyph id="w53645g1">
            <Coords points="3009,268 3009,268 3009,448 3009,448"/>
            <TextEquiv index="1" conf="0.9999999105930328">
              <Unicode>e</Unicode>
            </TextEquiv>
          </Glyph>
          <Glyph id="w53645g2">
            <Coords points="3080,268 3094,268 3094,448 3080,448"/>
            <TextEquiv index="1" conf="0.9999997615814209">
              <Unicode>m</Unicode>
            </TextEquiv>
          </Glyph>
          <Glyph id="w53645g3">
            <Coords points="3165,268 3165,268 3165,448 3165,448"/>
            <TextEquiv index="1" conf="0.9999931454658508">
              <Unicode>e</Unicode>
            </TextEquiv>
          </Glyph>
          <Glyph id="w53645g4">
            <Coords points="3207,268 3207,268 3207,448 3207,448"/>
            <TextEquiv index="1" conf="0.9999995827674866">
              <Unicode>u</Unicode>
            </TextEquiv>
          </Glyph>
          <Glyph id="w53645g5">
            <Coords points="3264,268 3278,268 3278,448 3264,448"/>
            <TextEquiv index="1" conf="0.9999937117099762">
              <Unicode>r</Unicode>
            </TextEquiv>
          </Glyph>
          <Glyph id="w53645g6">
            <Coords points="3320,268 3320,268 3320,448 3320,448"/>
            <TextEquiv index="1" conf="0.9999991953372955">
              <Unicode>e</Unicode>
            </TextEquiv>
          </Glyph>
          <TextEquiv index="1" conf="0.9999846220759475">
            <Unicode>demeure</Unicode>
          </TextEquiv>
        </Word>
        <Word id="w53646">
          <Coords points="3419,268 3617,268 3617,448 3419,448"/>
          <Glyph id="w53646g0">
            <Coords points="3419,268 3447,268 3447,448 3419,448"/>
            <TextEquiv index="1" conf="1.0">
              <Unicode>q</Unicode>
            </TextEquiv>
          </Glyph>
          <Glyph id="w53646g1">
            <Coords points="3476,268 3490,268 3490,448 3476,448"/>
            <TextEquiv index="1" conf="1.0">
              <Unicode>u</Unicode>
            </TextEquiv>
          </Glyph>
          <Glyph id="w53646g2">
            <Coords points="3532,268 3546,268 3546,448 3532,448"/>
            <TextEquiv index="1" conf="1.0">
              <Unicode>a</Unicode>
            </TextEquiv>
          </Glyph>
          <Glyph id="w53646g3">
            <Coords points="3589,268 3589,268 3589,448 3589,448"/>
            <TextEquiv index="1" conf="0.9999851286411285">
              <Unicode>ſ</Unicode>
            </TextEquiv>
          </Glyph>
          <Glyph id="w53646g4">
            <Coords points="3617,268 3617,268 3617,448 3617,448"/>
            <TextEquiv index="1" conf="0.999789297580719">
              <Unicode>i</Unicode>
            </TextEquiv>
          </Glyph>
          <TextEquiv index="1" conf="0.9997744293552788">
            <Unicode>quaſi</Unicode>
          </TextEquiv>
        </Word>
        <Word id="w53647">
          <Coords points="3688,268 3744,268 3744,448 3688,448"/>
          <Glyph id="w53647g0">
            <Coords points="3688,268 3702,268 3702,448 3688,448"/>
            <TextEquiv index="1" conf="0.9999973177909851">
              <Unicode>e</Unicode>
            </TextEquiv>
          </Glyph>
          <Glyph id="w53647g1">
            <Coords points="3730,268 3744,268 3744,448 3730,448"/>
            <TextEquiv index="1" conf="0.9999967813491821">
              <Unicode>n</Unicode>
            </TextEquiv>
          </Glyph>
          <TextEquiv index="1" conf="0.9999940991488003">
            <Unicode>en</Unicode>
          </TextEquiv>
        </Word>
        <Word id="w53648">
          <Coords points="3829,268 3871,268 3871,448 3829,448"/>
          <Glyph id="w53648g0">
            <Coords points="3829,268 3829,268 3829,448 3829,448"/>
            <TextEquiv index="1" conf="0.9999988675117493">
              <Unicode>l</Unicode>
            </TextEquiv>
          </Glyph>
          <Glyph id="w53648g1">
            <Coords points="3871,268 3871,268 3871,448 3871,448"/>
            <TextEquiv index="1" conf="0.9999999105930328">
              <Unicode>a</Unicode>
            </TextEquiv>
          </Glyph>
          <TextEquiv index="1" conf="0.9999987781048834">
            <Unicode>la</Unicode>
          </TextEquiv>
        </Word>
        <Word id="w53649">
          <Coords points="3984,268 4267,268 4267,448 3984,448"/>
          <Glyph id="w53649g0">
            <Coords points="3984,268 3998,268 3998,448 3984,448"/>
            <TextEquiv index="1" conf="0.9999964535236359">
              <Unicode>m</Unicode>
            </TextEquiv>
          </Glyph>
          <Glyph id="w53649g1">
            <Coords points="4069,268 4069,268 4069,448 4069,448"/>
            <TextEquiv index="1" conf="0.9999997317790985">
              <Unicode>e</Unicode>
            </TextEquiv>
          </Glyph>
          <Glyph id="w53649g2">
            <Coords points="4111,268 4111,268 4111,448 4111,448"/>
            <TextEquiv index="1" conf="0.9999971687793732">
              <Unicode>ſ</Unicode>
            </TextEquiv>
          </Glyph>
          <Glyph id="w53649g3">
            <Coords points="4182,268 4182,268 4182,448 4182,448"/>
            <TextEquiv index="1" conf="0.9999999701976776">
              <Unicode>m</Unicode>
            </TextEquiv>
          </Glyph>
          <Glyph id="w53649g4">
            <Coords points="4253,268 4267,268 4267,448 4253,448"/>
            <TextEquiv index="1" conf="0.9999970495700836">
              <Unicode>e</Unicode>
            </TextEquiv>
          </Glyph>
          <TextEquiv index="1" conf="0.9999903738815146">
            <Unicode>meſme</Unicode>
          </TextEquiv>
        </Word>
        <Word id="w53650">
          <Coords points="4337,268 4634,268 4634,448 4337,448"/>
          <Glyph id="w53650g0">
            <Coords points="4337,268 4352,268 4352,448 4337,448"/>
            <TextEquiv index="1" conf="1.0">
              <Unicode>p</Unicode>
            </TextEquiv>
          </Glyph>
          <Glyph id="w53650g1">
            <Coords points="4394,268 4394,268 4394,448 4394,448"/>
            <TextEquiv index="1" conf="0.9999984502792358">
              <Unicode>l</Unicode>
            </TextEquiv>
          </Glyph>
          <Glyph id="w53650g2">
            <Coords points="4436,268 4436,268 4436,448 4436,448"/>
            <TextEquiv index="1" conf="1.0">
              <Unicode>a</Unicode>
            </TextEquiv>
          </Glyph>
          <Glyph id="w53650g3">
            <Coords points="4493,268 4493,268 4493,448 4493,448"/>
            <TextEquiv index="1" conf="0.999998152256012">
              <Unicode>c</Unicode>
            </TextEquiv>
          </Glyph>
          <Glyph id="w53650g4">
            <Coords points="4549,268 4549,268 4549,448 4549,448"/>
            <TextEquiv index="1" conf="0.9999999403953552">
              <Unicode>e</Unicode>
            </TextEquiv>
          </Glyph>
          <Glyph id="w53650g5">
            <Coords points="4634,268 4634,268 4634,448 4634,448"/>
            <TextEquiv index="1" conf="0.9991582781076431">
              <Unicode>,</Unicode>
            </TextEquiv>
          </Glyph>
          <TextEquiv index="1" conf="0.9991548239512006">
            <Unicode>place,</Unicode>
          </TextEquiv>
        </Word>
        <Word id="w53651">
          <Coords points="4775,268 4832,268 4832,448 4775,448"/>
          <Glyph id="w53651g0">
            <Coords points="4775,268 4775,268 4775,448 4775,448"/>
            <TextEquiv index="1" conf="1.0">
              <Unicode>d</Unicode>
            </TextEquiv>
          </Glyph>
          <Glyph id="w53651g1">
            <Coords points="4818,268 4832,268 4832,448 4818,448"/>
            <TextEquiv index="1" conf="0.999769538640976">
              <Unicode>e</Unicode>
            </TextEquiv>
          </Glyph>
          <TextEquiv index="1" conf="0.999769538640976">
            <Unicode>de</Unicode>
          </TextEquiv>
        </Word>
        <Word id="w53652">
          <Coords points="4917,268 5002,268 5002,448 4917,448"/>
          <Glyph id="w53652g0">
            <Coords points="4917,268 4917,268 4917,448 4917,448"/>
            <TextEquiv index="1" conf="0.9999998509883881">
              <Unicode>f</Unicode>
            </TextEquiv>
          </Glyph>
          <Glyph id="w53652g1">
            <Coords points="4945,268 4959,268 4959,448 4945,448"/>
            <TextEquiv index="1" conf="0.9999808669090271">
              <Unicode>a</Unicode>
            </TextEquiv>
          </Glyph>
          <Glyph id="w53652g2">
            <Coords points="5002,268 5002,268 5002,448 5002,448"/>
            <TextEquiv index="1" conf="0.9999038130044937">
              <Unicode>-</Unicode>
            </TextEquiv>
          </Glyph>
          <TextEquiv index="1" conf="0.9998845327594472">
            <Unicode>fa-</Unicode>
          </TextEquiv>
        </Word>
        <TextEquiv index="1" conf="0.9982680802836138">
          <Unicode>pour donner l’eſtramaçon le centre de l’Eſpee demeure quaſi en la meſme place, de fa-</Unicode>
        </TextEquiv>
      </TextLine>
      <TextLine id="r2_l002">
        <Coords points="828,587 829,586 830,586 831,586 831,585 832,584 832,583 833,582 833,548 833,547 881,547 882,546 1112,545 1113,546 1117,546 1118,545 1124,545 1125,544 1126,544 1127,543 1183,543 1184,542 1199,542 1200,541 1304,540 1305,541 1305,553 1306,553 1307,553 1307,541 1307,540 1392,540 1393,541 1394,541 1397,538 1584,537 1585,538 1585,575 1586,576 1703,576 1704,575 1704,534 1815,533 1816,534 1909,534 1910,535 1951,535 1952,536 1953,536 1954,537 1955,537 1956,538 2015,537 2016,538 2017,538 2018,539 2084,539 2085,540 2130,540 2131,541 2132,541 2133,542 2199,541 2200,542 2202,542 2203,543 2241,543 2242,544 2242,546 2243,546 2244,546 2244,544 2244,543 2289,543 2290,544 2292,544 2293,545 2296,545 2297,544 2384,544 2385,543 2509,542 2511,541 2511,540 2511,539 2567,539 2568,538 2569,538 2570,537 2688,536 2689,537 2693,537 2694,536 2695,536 2696,535 2697,535 2698,534 2742,534 2743,533 2746,533 2747,532 2748,532 2749,531 2860,531 2861,531 2861,568 2863,571 2865,571 2866,572 2871,572 2872,573 2877,572 2878,571 2885,571 2887,570 2887,532 2887,531 3075,531 3076,532 3127,531 3128,532 3128,533 3216,533 3217,534 3260,534 3261,534 3261,544 3261,545 3360,544 3361,545 3361,567 3364,567 3365,568 3378,568 3379,569 3387,569 3390,567 3390,528 3390,527 3484,527 3485,526 3488,526 3489,525 3491,525 3492,524 3493,524 3494,523 3648,522 3649,523 3649,562 3650,563 3657,563 3658,564 3662,564 3663,563 3674,563 3675,562 3677,562 3678,561 3678,521 3747,521 3748,520 3753,520 3754,519 3756,519 3757,518 3867,517 3868,518 3868,532 3869,533 3871,533 3872,533 3871,516 3872,515 3971,515 3972,524 3973,526 4073,525 4074,526 4074,541 4075,542 4075,544 4076,545 4076,546 4079,549 4095,549 4096,548 4100,548 4101,547 4103,547 4105,546 4104,511 4105,510 4247,510 4248,511 4282,510 4284,508 4285,508 4286,507 4670,506 4671,507 4694,507 4695,531 4696,532 4696,537 4697,538 4697,539 4704,547 4705,547 4706,547 4706,548 4706,549 4708,548 4709,549 4719,549 4720,550 4725,550 4726,549 4730,549 4731,548 4732,548 4733,547 4736,547 4737,546 4739,546 4740,545 4741,545 4751,536 4751,533 4752,532 4752,529 4753,528 4752,514 4753,513 4904,513 4905,514 4934,514 4935,515 4939,514 4940,515 4955,515 4957,517 4960,517 4961,516 4965,516 4966,515 4968,515 4969,514 4970,514 4971,513 4973,513 4975,511 4976,511 4977,510 4977,507 4975,504 4972,504 4970,503 4970,500 4969,499 4969,445 4968,444 4968,422 4967,421 4967,420 4965,417 4956,417 4955,418 4954,418 4953,419 4952,419 4951,420 4950,420 4949,421 4948,421 4947,422 4947,456 4828,457 4827,456 4822,456 4821,455 4793,455 4790,452 4724,452 4723,451 4670,452 4669,451 4669,420 4663,414 4662,414 4661,413 4660,413 4659,412 4647,412 4646,413 4642,413 4641,414 4640,414 4631,422 4631,423 4630,424 4630,425 4628,427 4628,428 4627,429 4627,432 4626,433 4626,436 4625,437 4625,441 4623,443 4623,447 4622,448 4622,449 4622,450 4487,450 4485,448 4444,449 4443,448 4384,448 4383,447 4383,446 4382,445 4382,442 4352,442 4351,442 4351,421 4348,417 4329,417 4328,417 4328,414 4328,413 4284,413 4282,412 4282,411 4282,410 4279,410 4278,409 4273,409 4272,410 4270,410 4269,411 4267,411 4266,412 4265,412 4259,418 4189,419 4185,422 4185,424 4184,425 4184,453 4184,454 4077,454 4076,455 4070,455 4069,456 3895,457 3894,457 3894,452 3893,450 3892,450 3889,453 3889,454 3888,455 3888,456 3887,457 3799,457 3798,457 3798,432 3796,429 3795,429 3794,428 3791,428 3789,431 3788,431 3787,431 3787,432 3786,433 3786,464 3786,465 3560,466 3559,465 3559,430 3557,428 3554,428 3553,429 3552,429 3551,430 3550,430 3549,431 3547,431 3546,432 3545,432 3544,433 3542,433 3540,434 3540,468 3540,469 3381,469 3378,472 3352,472 3351,473 3350,473 3348,475 3228,476 3227,475 3224,475 3223,474 3186,474 3185,473 3141,473 3140,473 3140,436 3139,435 3139,434 3138,432 3134,432 3133,433 3127,433 3126,434 3122,434 3121,435 3120,435 3119,436 3119,474 3003,475 3002,474 2961,474 2960,474 2960,473 2959,471 2956,471 2955,472 2807,473 2806,472 2806,463 2805,462 2805,461 2804,460 2804,457 2803,456 2803,455 2802,454 2802,452 2800,450 2800,447 2799,446 2799,442 2798,441 2798,440 2793,440 2792,441 2791,441 2790,441 2790,442 2789,443 2789,456 2789,457 2692,457 2691,458 2689,458 2688,459 2687,459 2686,460 2685,460 2682,463 2681,463 2678,466 2677,466 2675,468 2675,469 2673,471 2673,472 2672,473 2672,476 2619,477 2618,478 2601,478 2600,479 2599,479 2597,481 2559,481 2558,482 2557,482 2555,484 2529,484 2528,485 2523,485 2522,486 2351,487 2349,485 2331,485 2330,484 2292,484 2291,484 2291,482 2290,481 2290,480 2290,479 2215,479 2214,479 2214,472 2212,470 2212,469 2211,468 2211,467 2210,466 2210,462 2209,461 2209,459 2207,457 2207,456 2204,452 2102,453 2101,452 2101,445 2100,445 2099,444 2091,444 2090,445 2089,445 2088,445 2088,446 2087,447 2087,449 2087,450 1958,450 1957,450 1957,445 1956,444 1956,442 1955,441 1955,440 1954,439 1953,439 1952,438 1952,437 1951,436 1949,436 1948,435 1942,435 1940,437 1939,437 1938,438 1933,438 1927,444 1926,444 1925,444 1925,445 1920,450 1920,451 1919,452 1919,453 1918,454 1918,457 1917,458 1917,463 1916,464 1916,467 1915,468 1915,474 1914,475 1914,477 1914,478 1764,478 1763,478 1763,440 1762,438 1758,438 1757,439 1755,439 1754,440 1751,440 1750,441 1749,441 1748,442 1747,442 1744,445 1744,477 1599,478 1598,479 1597,479 1596,480 1562,480 1561,481 1486,482 1485,483 1428,483 1427,484 1192,485 1191,484 1191,445 1189,445 1188,444 1181,444 1179,446 1178,446 1177,447 1176,447 1174,449 1091,449 1089,451 1088,451 1085,454 967,455 966,454 966,452 965,451 963,451 962,452 960,452 959,453 958,453 957,454 954,454 950,457 950,458 950,459 930,459 929,460 928,460 926,461 926,462 926,463 905,463 904,464 903,464 902,465 901,465 899,467 899,491 825,491 824,491 824,490 823,488 799,489 798,490 590,490 589,489 585,489 584,488 581,489 580,488 575,488 574,489 572,489 571,490 570,490 569,491 568,491 566,493 565,493 564,494 563,494 558,498 558,499 557,500 557,501 554,504 554,505 553,506 553,508 552,509 552,510 551,511 551,513 550,514 550,516 549,517 550,525 551,526 551,527 552,528 552,529 553,530 553,532 561,540 561,578 564,582 572,582 573,581 574,581 575,580 576,580 578,578 579,578 580,577 581,577 582,576 582,575 584,573 584,572 585,571 585,548 585,547 801,547 802,547 802,585 802,586 809,586 810,587 825,586 826,587 828,587"/>
        <Word id="w53653">
          <Coords points="617,409 729,409 729,587 617,587"/>
          <Glyph id="w53653g0">
            <Coords points="617,409 617,409 617,587 617,587"/>
            <TextEquiv index="1" conf="0.9999983310699463">
              <Unicode>ç</Unicode>
            </TextEquiv>
          </Glyph>
          <Glyph id="w53653g1">
            <Coords points="673,409 687,409 687,587 673,587"/>
            <TextEquiv index="1" conf="0.9999886155128479">
              <Unicode>o</Unicode>
            </TextEquiv>
          </Glyph>
          <Glyph id="w53653g2">
            <Coords points="729,409 729,409 729,587 729,587"/>
            <TextEquiv index="1" conf="0.9999998509883881">
              <Unicode>n</Unicode>
            </TextEquiv>
          </Glyph>
          <TextEquiv index="1" conf="0.9999867975921273">
            <Unicode>çon</Unicode>
          </TextEquiv>
        </Word>
        <Word id="w53654">
          <Coords points="841,409 995,409 995,587 841,587"/>
          <Glyph id="w53654g0">
            <Coords points="841,409 855,409 855,587 841,587"/>
            <TextEquiv index="1" conf="1.0">
              <Unicode>q</Unicode>
            </TextEquiv>
          </Glyph>
          <Glyph id="w53654g1">
            <Coords points="883,409 897,409 897,587 883,587"/>
            <TextEquiv index="1" conf="1.0">
              <Unicode>u</Unicode>
            </TextEquiv>
          </Glyph>
          <Glyph id="w53654g2">
            <Coords points="939,409 939,409 939,587 939,587"/>
            <TextEquiv index="1" conf="0.9984743446111679">
              <Unicode>’</Unicode>
            </TextEquiv>
          </Glyph>
          <Glyph id="w53654g3">
            <Coords points="967,409 967,409 967,587 967,587"/>
            <TextEquiv index="1" conf="0.999999612569809">
              <Unicode>i</Unicode>
            </TextEquiv>
          </Glyph>
          <Glyph id="w53654g4">
            <Coords points="995,409 995,409 995,587 995,587"/>
            <TextEquiv index="1" conf="0.9999980926513672">
              <Unicode>l</Unicode>
            </TextEquiv>
          </Glyph>
          <TextEquiv index="1" conf="0.9984720533341236">
            <Unicode>qu’il</Unicode>
          </TextEquiv>
        </Word>
        <Word id="w53655">
          <Coords points="1065,409 1149,409 1149,587 1065,587"/>
          <Glyph id="w53655g0">
            <Coords points="1065,409 1079,409 1079,587 1065,587"/>
            <TextEquiv index="1" conf="0.9999954104423523">
              <Unicode>e</Unicode>
            </TextEquiv>
          </Glyph>
          <Glyph id="w53655g1">
            <Coords points="1107,409 1107,409 1107,587 1107,587"/>
            <TextEquiv index="1" conf="0.9999948143959045">
              <Unicode>ſ</Unicode>
            </TextEquiv>
          </Glyph>
          <Glyph id="w53655g2">
            <Coords points="1149,409 1149,409 1149,587 1149,587"/>
            <TextEquiv index="1" conf="0.9999564588069916">
              <Unicode>t</Unicode>
            </TextEquiv>
          </Glyph>
          <TextEquiv index="1" conf="0.9999466840946692">
            <Unicode>eſt</Unicode>
          </TextEquiv>
        </Word>
        <Word id="w53656">
          <Coords points="1219,409 1654,409 1654,587 1219,587"/>
          <Glyph id="w53656g0">
            <Coords points="1219,409 1247,409 1247,587 1219,587"/>
            <TextEquiv index="1" conf="0.9999999403953552">
              <Unicode>b</Unicode>
            </TextEquiv>
          </Glyph>
          <Glyph id="w53656g1">
            <Coords points="1303,409 1303,409 1303,587 1303,587"/>
            <TextEquiv index="1" conf="0.9998963326215744">
              <Unicode>e</Unicode>
            </TextEquiv>
          </Glyph>
          <Glyph id="w53656g2">
            <Coords points="1345,409 1345,409 1345,587 1345,587"/>
            <TextEquiv index="1" conf="1.0">
              <Unicode>a</Unicode>
            </TextEquiv>
          </Glyph>
          <Glyph id="w53656g3">
            <Coords points="1387,409 1401,409 1401,587 1387,587"/>
            <TextEquiv index="1" conf="0.9999999105930328">
              <Unicode>u</Unicode>
            </TextEquiv>
          </Glyph>
          <Glyph id="w53656g4">
            <Coords points="1471,409 1471,409 1471,587 1471,587"/>
            <TextEquiv index="1" conf="0.9999999403953552">
              <Unicode>c</Unicode>
            </TextEquiv>
          </Glyph>
          <Glyph id="w53656g5">
            <Coords points="1513,409 1527,409 1527,587 1513,587"/>
            <TextEquiv index="1" conf="0.9999975860118866">
              <Unicode>o</Unicode>
            </TextEquiv>
          </Glyph>
          <Glyph id="w53656g6">
            <Coords points="1569,409 1584,409 1584,587 1569,587"/>
            <TextEquiv index="1" conf="0.9999993145465851">
              <Unicode>u</Unicode>
            </TextEquiv>
          </Glyph>
          <Glyph id="w53656g7">
            <Coords points="1640,409 1654,409 1654,587 1640,587"/>
            <TextEquiv index="1" conf="0.9999738335609436">
              <Unicode>p</Unicode>
            </TextEquiv>
          </Glyph>
          <TextEquiv index="1" conf="0.9998668612691431">
            <Unicode>beaucoup</Unicode>
          </TextEquiv>
        </Word>
        <Word id="w53657">
          <Coords points="1724,409 1892,409 1892,587 1724,587"/>
          <Glyph id="w53657g0">
            <Coords points="1724,409 1752,409 1752,587 1724,587"/>
            <TextEquiv index="1" conf="1.0">
              <Unicode>p</Unicode>
            </TextEquiv>
          </Glyph>
          <Glyph id="w53657g1">
            <Coords points="1794,409 1794,409 1794,587 1794,587"/>
            <TextEquiv index="1" conf="0.9999960064888">
              <Unicode>l</Unicode>
            </TextEquiv>
          </Glyph>
          <Glyph id="w53657g2">
            <Coords points="1822,409 1836,409 1836,587 1822,587"/>
            <TextEquiv index="1" conf="0.9999253898859024">
              <Unicode>u</Unicode>
            </TextEquiv>
          </Glyph>
          <Glyph id="w53657g3">
            <Coords points="1892,409 1892,409 1892,587 1892,587"/>
            <TextEquiv index="1" conf="1.0">
              <Unicode>s</Unicode>
            </TextEquiv>
          </Glyph>
          <TextEquiv index="1" conf="0.9999213966726588">
            <Unicode>plus</Unicode>
          </TextEquiv>
        </Word>
        <Word id="w53658">
          <Coords points="1962,409 2172,409 2172,587 1962,587"/>
          <Glyph id="w53658g0">
            <Coords points="1962,409 1962,409 1962,587 1962,587"/>
            <TextEquiv index="1" conf="0.9999993145465851">
              <Unicode>f</Unicode>
            </TextEquiv>
          </Glyph>
          <Glyph id="w53658g1">
            <Coords points="1990,409 2004,409 2004,587 1990,587"/>
            <TextEquiv index="1" conf="0.9999997019767761">
              <Unicode>a</Unicode>
            </TextEquiv>
          </Glyph>
          <Glyph id="w53658g2">
            <Coords points="2060,409 2060,409 2060,587 2060,587"/>
            <TextEquiv index="1" conf="0.9999997913837433">
              <Unicode>c</Unicode>
            </TextEquiv>
          </Glyph>
          <Glyph id="w53658g3">
            <Coords points="2088,409 2102,409 2102,587 2088,587"/>
            <TextEquiv index="1" conf="0.9999962747097015">
              <Unicode>i</Unicode>
            </TextEquiv>
          </Glyph>
          <Glyph id="w53658g4">
            <Coords points="2130,409 2130,409 2130,587 2130,587"/>
            <TextEquiv index="1" conf="0.9999980926513672">
              <Unicode>l</Unicode>
            </TextEquiv>
          </Glyph>
          <Glyph id="w53658g5">
            <Coords points="2172,409 2172,409 2172,587 2172,587"/>
            <TextEquiv index="1" conf="0.9999986588954926">
              <Unicode>e</Unicode>
            </TextEquiv>
          </Glyph>
          <TextEquiv index="1" conf="0.999991834187048">
            <Unicode>facile</Unicode>
          </TextEquiv>
        </Word>
        <Word id="w53659">
          <Coords points="2242,409 2242,409 2242,587 2242,587"/>
          <Glyph id="w53659g0">
            <Coords points="2242,409 2242,409 2242,587 2242,587"/>
            <TextEquiv index="1" conf="0.9999978542327881">
              <Unicode>à</Unicode>
            </TextEquiv>
          </Glyph>
          <TextEquiv index="1" conf="0.9999978542327881">
            <Unicode>à</Unicode>
          </TextEquiv>
        </Word>
        <Word id="w53660">
          <Coords points="2326,409 2649,409 2649,587 2326,587"/>
          <Glyph id="w53660g0">
            <Coords points="2326,409 2326,409 2326,587 2326,587"/>
            <TextEquiv index="1" conf="0.9999952614307404">
              <Unicode>t</Unicode>
            </TextEquiv>
          </Glyph>
          <Glyph id="w53660g1">
            <Coords points="2368,409 2368,409 2368,587 2368,587"/>
            <TextEquiv index="1" conf="0.9999997913837433">
              <Unicode>r</Unicode>
            </TextEquiv>
          </Glyph>
          <Glyph id="w53660g2">
            <Coords points="2410,409 2424,409 2424,587 2410,587"/>
            <TextEquiv index="1" conf="0.9999935626983643">
              <Unicode>o</Unicode>
            </TextEquiv>
          </Glyph>
          <Glyph id="w53660g3">
            <Coords points="2466,409 2480,409 2480,587 2466,587"/>
            <TextEquiv index="1" conf="0.9999994337558746">
              <Unicode>u</Unicode>
            </TextEquiv>
          </Glyph>
          <Glyph id="w53660g4">
            <Coords points="2536,409 2550,409 2550,587 2536,587"/>
            <TextEquiv index="1" conf="0.9999959766864777">
              <Unicode>v</Unicode>
            </TextEquiv>
          </Glyph>
          <Glyph id="w53660g5">
            <Coords points="2592,409 2606,409 2606,587 2592,587"/>
            <TextEquiv index="1" conf="0.999999463558197">
              <Unicode>e</Unicode>
            </TextEquiv>
          </Glyph>
          <Glyph id="w53660g6">
            <Coords points="2635,409 2649,409 2649,587 2635,587"/>
            <TextEquiv index="1" conf="0.9999851882457733">
              <Unicode>r</Unicode>
            </TextEquiv>
          </Glyph>
          <TextEquiv index="1" conf="0.9999686780996504">
            <Unicode>trouver</Unicode>
          </TextEquiv>
        </Word>
        <Word id="w53661">
          <Coords points="2761,409 2775,409 2775,587 2761,587"/>
          <Glyph id="w53661g0">
            <Coords points="2761,409 2775,409 2775,587 2761,587"/>
            <TextEquiv index="1" conf="0.9999997019767761">
              <Unicode>&amp;</Unicode>
            </TextEquiv>
          </Glyph>
          <TextEquiv index="1" conf="0.9999997019767761">
            <Unicode>&amp;</Unicode>
          </TextEquiv>
        </Word>
        <Word id="w53662">
          <Coords points="2831,409 2831,409 2831,587 2831,587"/>
          <Glyph id="w53662g0">
            <Coords points="2831,409 2831,409 2831,587 2831,587"/>
            <TextEquiv index="1" conf="0.9999853074550629">
              <Unicode>à</Unicode>
            </TextEquiv>
          </Glyph>
          <TextEquiv index="1" conf="0.9999853074550629">
            <Unicode>à</Unicode>
          </TextEquiv>
        </Word>
        <Word id="w53663">
          <Coords points="2915,409 3307,409 3307,587 2915,587"/>
          <Glyph id="w53663g0">
            <Coords points="2915,409 2929,409 2929,587 2915,587"/>
            <TextEquiv index="1" conf="1.0">
              <Unicode>p</Unicode>
            </TextEquiv>
          </Glyph>
          <Glyph id="w53663g1">
            <Coords points="2971,409 2971,409 2971,587 2971,587"/>
            <TextEquiv index="1" conf="0.9999998807907104">
              <Unicode>r</Unicode>
            </TextEquiv>
          </Glyph>
          <Glyph id="w53663g2">
            <Coords points="3027,409 3027,409 3027,587 3027,587"/>
            <TextEquiv index="1" conf="0.9999999701976776">
              <Unicode>e</Unicode>
            </TextEquiv>
          </Glyph>
          <Glyph id="w53663g3">
            <Coords points="3069,409 3069,409 3069,587 3069,587"/>
            <TextEquiv index="1" conf="0.9999999105930328">
              <Unicode>n</Unicode>
            </TextEquiv>
          </Glyph>
          <Glyph id="w53663g4">
            <Coords points="3153,409 3167,409 3167,587 3153,587"/>
            <TextEquiv index="1" conf="0.9999819993972778">
              <Unicode>d</Unicode>
            </TextEquiv>
          </Glyph>
          <Glyph id="w53663g5">
            <Coords points="3195,409 3209,409 3209,587 3195,587"/>
            <TextEquiv index="1" conf="0.9999852776527405">
              <Unicode>r</Unicode>
            </TextEquiv>
          </Glyph>
          <Glyph id="w53663g6">
            <Coords points="3251,409 3251,409 3251,587 3251,587"/>
            <TextEquiv index="1" conf="0.9999976456165314">
              <Unicode>e</Unicode>
            </TextEquiv>
          </Glyph>
          <Glyph id="w53663g7">
            <Coords points="3307,409 3307,409 3307,587 3307,587"/>
            <TextEquiv index="1" conf="0.9999293684959412">
              <Unicode>,</Unicode>
            </TextEquiv>
          </Glyph>
          <TextEquiv index="1" conf="0.9998940555887244">
            <Unicode>prendre,</Unicode>
          </TextEquiv>
        </Word>
        <Word id="w53664">
          <Coords points="3391,409 3517,409 3517,587 3391,587"/>
          <Glyph id="w53664g0">
            <Coords points="3391,409 3405,409 3405,587 3391,587"/>
            <TextEquiv index="1" conf="1.0">
              <Unicode>q</Unicode>
            </TextEquiv>
          </Glyph>
          <Glyph id="w53664g1">
            <Coords points="3447,409 3447,409 3447,587 3447,587"/>
            <TextEquiv index="1" conf="1.0">
              <Unicode>u</Unicode>
            </TextEquiv>
          </Glyph>
          <Glyph id="w53664g2">
            <Coords points="3517,409 3517,409 3517,587 3517,587"/>
            <TextEquiv index="1" conf="0.9999999105930328">
              <Unicode>e</Unicode>
            </TextEquiv>
          </Glyph>
          <TextEquiv index="1" conf="0.9999999105930328">
            <Unicode>que</Unicode>
          </TextEquiv>
        </Word>
        <Word id="w53665">
          <Coords points="3573,409 3629,409 3629,587 3573,587"/>
          <Glyph id="w53665g0">
            <Coords points="3573,409 3587,409 3587,587 3573,587"/>
            <TextEquiv index="1" conf="0.9996055662631989">
              <Unicode>l</Unicode>
            </TextEquiv>
          </Glyph>
          <Glyph id="w53665g1">
            <Coords points="3615,409 3629,409 3629,587 3615,587"/>
            <TextEquiv index="1" conf="0.9999999403953552">
              <Unicode>a</Unicode>
            </TextEquiv>
          </Glyph>
          <TextEquiv index="1" conf="0.9996055066820642">
            <Unicode>la</Unicode>
          </TextEquiv>
        </Word>
        <Word id="w53666">
          <Coords points="3700,409 4022,409 4022,587 3700,587"/>
          <Glyph id="w53666g0">
            <Coords points="3700,409 3714,409 3714,587 3700,587"/>
            <TextEquiv index="1" conf="0.9999999701976776">
              <Unicode>p</Unicode>
            </TextEquiv>
          </Glyph>
          <Glyph id="w53666g1">
            <Coords points="3770,409 3784,409 3784,587 3770,587"/>
            <TextEquiv index="1" conf="0.9999953806400299">
              <Unicode>o</Unicode>
            </TextEquiv>
          </Glyph>
          <Glyph id="w53666g2">
            <Coords points="3812,409 3826,409 3826,587 3812,587"/>
            <TextEquiv index="1" conf="0.9999997913837433">
              <Unicode>i</Unicode>
            </TextEquiv>
          </Glyph>
          <Glyph id="w53666g3">
            <Coords points="3854,409 3868,409 3868,587 3854,587"/>
            <TextEquiv index="1" conf="0.9999997317790985">
              <Unicode>n</Unicode>
            </TextEquiv>
          </Glyph>
          <Glyph id="w53666g4">
            <Coords points="3924,409 3924,409 3924,587 3924,587"/>
            <TextEquiv index="1" conf="0.9999973177909851">
              <Unicode>t</Unicode>
            </TextEquiv>
          </Glyph>
          <Glyph id="w53666g5">
            <Coords points="3980,409 3980,409 3980,587 3980,587"/>
            <TextEquiv index="1" conf="0.9999994337558746">
              <Unicode>e</Unicode>
            </TextEquiv>
          </Glyph>
          <Glyph id="w53666g6">
            <Coords points="4008,409 4022,409 4022,587 4008,587"/>
            <TextEquiv index="1" conf="0.999291867017746">
              <Unicode>,</Unicode>
            </TextEquiv>
          </Glyph>
          <TextEquiv index="1" conf="0.9992834985159474">
            <Unicode>pointe,</Unicode>
          </TextEquiv>
        </Word>
        <Word id="w53667">
          <Coords points="4106,409 4218,409 4218,587 4106,587"/>
          <Glyph id="w53667g0">
            <Coords points="4106,409 4120,409 4120,587 4106,587"/>
            <TextEquiv index="1" conf="1.0">
              <Unicode>q</Unicode>
            </TextEquiv>
          </Glyph>
          <Glyph id="w53667g1">
            <Coords points="4162,409 4162,409 4162,587 4162,587"/>
            <TextEquiv index="1" conf="1.0">
              <Unicode>u</Unicode>
            </TextEquiv>
          </Glyph>
          <Glyph id="w53667g2">
            <Coords points="4218,409 4218,409 4218,587 4218,587"/>
            <TextEquiv index="1" conf="0.9999992549419403">
              <Unicode>i</Unicode>
            </TextEquiv>
          </Glyph>
          <TextEquiv index="1" conf="0.9999992549419403">
            <Unicode>qui</Unicode>
          </TextEquiv>
        </Word>
        <Word id="w53668">
          <Coords points="4288,409 4414,409 4414,587 4288,587"/>
          <Glyph id="w53668g0">
            <Coords points="4288,409 4288,409 4288,587 4288,587"/>
            <TextEquiv index="1" conf="0.9999874830245972">
              <Unicode>f</Unicode>
            </TextEquiv>
          </Glyph>
          <Glyph id="w53668g1">
            <Coords points="4330,409 4330,409 4330,587 4330,587"/>
            <TextEquiv index="1" conf="1.0">
              <Unicode>a</Unicode>
            </TextEquiv>
          </Glyph>
          <Glyph id="w53668g2">
            <Coords points="4372,409 4372,409 4372,587 4372,587"/>
            <TextEquiv index="1" conf="0.9999917149543762">
              <Unicode>i</Unicode>
            </TextEquiv>
          </Glyph>
          <Glyph id="w53668g3">
            <Coords points="4414,409 4414,409 4414,587 4414,587"/>
            <TextEquiv index="1" conf="0.9999699890613556">
              <Unicode>t</Unicode>
            </TextEquiv>
          </Glyph>
          <TextEquiv index="1" conf="0.9999491877683178">
            <Unicode>fait</Unicode>
          </TextEquiv>
        </Word>
        <Word id="w53669">
          <Coords points="4484,409 4554,409 4554,587 4484,587"/>
          <Glyph id="w53669g0">
            <Coords points="4484,409 4498,409 4498,587 4484,587"/>
            <TextEquiv index="1" conf="0.9999999403953552">
              <Unicode>u</Unicode>
            </TextEquiv>
          </Glyph>
          <Glyph id="w53669g1">
            <Coords points="4554,409 4554,409 4554,587 4554,587"/>
            <TextEquiv index="1" conf="0.9999999105930328">
              <Unicode>n</Unicode>
            </TextEquiv>
          </Glyph>
          <TextEquiv index="1" conf="0.9999998509883934">
            <Unicode>un</Unicode>
          </TextEquiv>
        </Word>
        <Word id="w53670">
          <Coords points="4652,409 4695,409 4695,587 4652,587"/>
          <Glyph id="w53670g0">
            <Coords points="4652,409 4666,409 4666,587 4652,587"/>
            <TextEquiv index="1" conf="0.9999864995479584">
              <Unicode>ſ</Unicode>
            </TextEquiv>
          </Glyph>
          <Glyph id="w53670g1">
            <Coords points="4695,409 4695,409 4695,587 4695,587"/>
            <TextEquiv index="1" conf="0.9999108761548996">
              <Unicode>i</Unicode>
            </TextEquiv>
          </Glyph>
          <TextEquiv index="1" conf="0.9998973769060702">
            <Unicode>ſi</Unicode>
          </TextEquiv>
        </Word>
        <Word id="w53671">
          <Coords points="4751,409 4989,409 4989,587 4751,587"/>
          <Glyph id="w53671g0">
            <Coords points="4751,409 4765,409 4765,587 4751,587"/>
            <TextEquiv index="1" conf="1.0">
              <Unicode>g</Unicode>
            </TextEquiv>
          </Glyph>
          <Glyph id="w53671g1">
            <Coords points="4807,409 4807,409 4807,587 4807,587"/>
            <TextEquiv index="1" conf="0.999996691942215">
              <Unicode>r</Unicode>
            </TextEquiv>
          </Glyph>
          <Glyph id="w53671g2">
            <Coords points="4835,409 4849,409 4849,587 4835,587"/>
            <TextEquiv index="1" conf="0.9999999403953552">
              <Unicode>a</Unicode>
            </TextEquiv>
          </Glyph>
          <Glyph id="w53671g3">
            <Coords points="4891,409 4905,409 4905,587 4891,587"/>
            <TextEquiv index="1" conf="0.9999998211860657">
              <Unicode>n</Unicode>
            </TextEquiv>
          </Glyph>
          <Glyph id="w53671g4">
            <Coords points="4975,409 4989,409 4989,587 4975,587"/>
            <TextEquiv index="1" conf="0.9999946057796478">
              <Unicode>d</Unicode>
            </TextEquiv>
          </Glyph>
          <TextEquiv index="1" conf="0.9999910593232135">
            <Unicode>grand</Unicode>
          </TextEquiv>
        </Word>
        <TextEquiv index="1" conf="0.9999104694974038">
          <Unicode>çon qu’il eſt beaucoup plus facile à trouver &amp; à prendre, que la pointe, qui fait un ſi grand</Unicode>
        </TextEquiv>
      </TextLine>
      <TextLine id="r2_l003">
        <Coords points="2072,724 2073,723 2084,723 2085,721 2085,684 2086,684 2207,683 2208,684 2268,684 2269,683 2414,683 2415,684 2417,683 2418,682 2422,682 2423,681 2424,681 2426,679 2520,679 2521,678 2572,678 2573,677 2574,677 2575,676 2690,675 2691,674 2752,674 2753,673 2845,673 2846,672 3009,671 3010,672 3041,672 3042,673 3096,673 3097,674 3101,674 3102,675 3106,674 3107,673 3108,673 3110,671 3255,671 3256,672 3256,673 3257,674 3257,675 3259,677 3260,677 3261,678 3264,678 3264,677 3264,672 3266,671 3291,671 3292,670 3450,669 3450,705 3451,706 3452,706 3453,707 3455,707 3456,706 3464,706 3465,705 3478,705 3479,703 3479,664 3480,664 3606,663 3606,664 3606,698 3607,699 3607,700 3608,700 3609,700 3610,701 3612,701 3613,702 3620,702 3626,696 3626,695 3628,693 3628,692 3630,690 3630,689 3631,688 3631,687 3632,686 3632,684 3633,683 3633,682 3635,680 3635,679 3636,678 3636,677 3637,676 3717,676 3717,675 3717,659 3718,659 3719,659 3720,658 3858,657 3858,658 3858,693 3861,695 3863,695 3864,696 3943,696 3944,695 3947,695 3948,693 3948,653 3949,653 4107,652 4108,651 4199,651 4234,651 4235,652 4335,651 4336,650 4343,650 4344,649 4507,648 4508,649 4577,649 4577,650 4577,660 4579,661 4580,661 4581,662 4583,662 4584,661 4586,661 4587,660 4588,660 4590,658 4591,658 4592,657 4593,657 4598,651 4598,650 4599,650 4732,649 4733,650 4777,650 4778,651 4782,651 4783,652 4816,652 4817,653 4832,653 4833,654 4907,654 4908,655 4942,654 4944,656 4948,656 4949,657 4950,657 4951,658 4957,658 4958,659 4965,659 4967,657 4967,656 4968,655 4969,655 4971,653 4973,653 4974,652 4974,651 4979,646 4979,645 4981,643 4981,642 4976,636 4975,636 4974,636 4974,614 4973,613 4973,612 4972,611 4972,609 4971,608 4971,607 4967,603 4965,603 4964,602 4960,602 4959,601 4951,601 4950,600 4908,601 4906,599 4905,599 4904,598 4900,598 4899,597 4898,597 4897,596 4805,596 4804,595 4803,595 4802,594 4769,594 4768,593 4647,594 4646,593 4645,593 4644,592 4588,592 4588,554 4585,551 4583,551 4582,550 4581,550 4580,549 4578,549 4577,548 4570,548 4569,549 4567,549 4566,550 4564,550 4563,551 4561,551 4560,552 4558,552 4557,553 4556,553 4555,554 4434,555 4431,552 4429,552 4428,553 4427,553 4426,554 4425,554 4424,555 4422,555 4421,556 4419,556 4418,557 4418,591 4417,592 4301,592 4300,591 4299,591 4298,590 4200,591 4200,590 4200,553 4199,552 4199,551 4196,549 4192,549 4191,550 4186,550 4185,551 4181,551 4180,552 4179,552 4179,553 4178,554 4178,585 4177,586 4097,586 4096,588 4096,589 4092,592 4051,592 4050,593 4010,594 4009,595 4007,595 4006,596 3952,596 3951,597 3934,597 3933,598 3762,599 3762,598 3762,567 3758,564 3752,564 3751,565 3749,565 3748,566 3747,566 3746,567 3745,567 3745,568 3744,569 3744,570 3743,571 3721,571 3720,572 3719,572 3719,573 3718,574 3718,604 3717,605 3664,605 3663,606 3470,607 3469,606 3354,606 3354,604 3352,602 3352,601 3349,598 3349,594 3346,591 3344,591 3343,590 3342,590 3342,589 3339,586 3338,586 3337,585 3336,585 3335,584 3334,584 3332,582 3331,583 3331,582 3331,581 3330,581 3329,581 3328,580 3327,580 3326,579 3325,579 3324,578 3321,578 3319,576 3316,576 3315,575 3285,575 3284,576 3258,576 3256,578 3256,580 3257,582 3265,582 3267,583 3267,609 3268,610 3268,611 3269,612 3269,661 3269,662 3268,662 3267,663 3146,663 3144,662 3144,661 3140,656 3123,656 3122,656 3122,654 3121,653 3121,628 3120,627 3120,626 3115,621 3114,621 3112,619 3111,619 3110,618 3109,618 3108,617 3107,617 3106,616 3101,617 3100,616 3088,616 3088,615 3088,596 3086,594 3086,592 3085,591 3085,590 3082,588 3022,588 3022,587 3022,576 3021,575 3021,574 3018,572 3008,572 3007,573 3005,573 3004,574 3003,574 3001,576 3001,583 3000,584 2884,584 2883,583 2881,583 2880,584 2879,584 2877,587 2877,605 2876,605 2788,606 2787,607 2675,607 2675,582 2674,581 2674,580 2672,578 2672,577 2671,576 2670,576 2669,575 2668,575 2666,577 2665,577 2663,579 2638,580 2637,581 2517,581 2516,582 2511,582 2510,583 2509,583 2508,585 2508,595 2507,595 2503,595 2502,596 2501,596 2501,597 2501,598 2500,599 2500,600 2499,600 2379,601 2379,600 2379,588 2377,587 2310,587 2310,586 2310,584 2309,584 2221,584 2220,585 2218,585 2217,586 2216,586 2215,587 2214,587 2212,589 2211,589 2205,596 2205,597 2203,599 2203,600 2202,601 2202,602 2201,603 2201,605 2200,606 2200,610 2198,612 2198,613 2197,614 2197,615 2196,616 2196,622 2195,622 2037,623 2036,622 2033,622 2032,621 2001,621 2000,620 1948,621 1948,620 1948,590 1944,587 1856,587 1855,586 1850,586 1848,588 1848,589 1847,590 1847,591 1846,592 1846,616 1845,617 1697,618 1697,617 1697,583 1696,582 1696,581 1693,579 1686,579 1685,578 1682,578 1681,577 1676,577 1674,579 1673,579 1671,581 1613,581 1612,582 1611,582 1610,583 1608,583 1607,584 1606,584 1604,586 1603,586 1602,587 1582,587 1581,588 1580,588 1579,590 1579,591 1578,591 1556,591 1555,592 1554,592 1554,593 1554,618 1553,618 1476,619 1476,618 1476,616 1474,615 1472,615 1470,617 1449,617 1448,618 1446,618 1445,619 1441,619 1440,620 1283,620 1283,602 1282,601 1282,596 1281,595 1281,593 1280,592 1280,591 1279,590 1279,589 1278,588 1278,587 1277,586 1276,586 1274,584 1268,585 1267,584 1260,584 1259,585 1257,585 1256,586 1255,586 1254,587 1253,587 1250,590 1097,590 1096,589 1095,589 1094,588 1088,588 1087,589 1086,589 1085,590 1081,590 1080,591 1079,591 1078,592 1077,592 1076,593 1075,593 1074,594 1073,594 1071,596 1070,596 1068,599 1068,600 1066,602 1066,603 1065,604 1065,606 1064,607 1064,608 1062,609 967,610 966,611 964,611 963,612 962,612 957,617 957,618 956,619 956,620 955,621 955,622 954,623 954,624 953,625 953,627 952,628 883,628 882,629 880,629 879,630 718,631 718,630 718,613 717,612 717,605 716,604 716,601 715,600 715,598 711,595 710,595 709,594 708,594 707,593 706,593 705,592 702,592 701,591 598,591 598,589 596,587 590,587 589,588 584,588 583,589 582,589 581,591 581,627 580,628 572,628 571,629 567,629 566,630 563,630 562,631 561,631 559,633 558,633 557,634 556,634 553,637 552,637 549,640 549,641 548,642 548,643 547,644 547,648 546,649 546,657 545,658 545,664 544,665 544,666 547,669 547,670 551,674 552,674 558,680 559,680 561,682 562,682 563,683 565,683 566,684 587,683 587,684 587,686 589,687 718,687 719,688 722,688 723,689 726,689 727,688 775,688 776,687 961,686 962,687 974,687 975,686 978,686 979,685 1023,685 1024,684 1058,683 1059,682 1070,682 1071,681 1171,681 1171,680 1171,679 1172,679 1347,678 1347,679 1347,718 1348,718 1349,718 1349,679 1350,678 1373,678 1373,679 1373,687 1375,688 1453,688 1453,712 1454,713 1455,713 1456,714 1457,714 1458,715 1460,715 1461,714 1462,714 1463,713 1464,713 1465,712 1475,712 1476,711 1478,711 1478,710 1478,675 1479,675 1598,674 1600,676 1611,676 1612,677 1742,676 1743,677 1961,676 1961,677 1961,679 1962,679 1997,679 1998,680 2065,680 2065,681 2065,721 2069,724 2072,724"/>
        <Word id="w53672">
          <Coords points="627,548 925,548 925,724 627,724"/>
          <Glyph id="w53672g0">
            <Coords points="627,548 627,548 627,724 627,724"/>
            <TextEquiv index="1" conf="1.0">
              <Unicode>d</Unicode>
            </TextEquiv>
          </Glyph>
          <Glyph id="w53672g1">
            <Coords points="669,548 683,548 683,724 669,724"/>
            <TextEquiv index="1" conf="0.9999893605709076">
              <Unicode>e</Unicode>
            </TextEquiv>
          </Glyph>
          <Glyph id="w53672g2">
            <Coords points="712,548 726,548 726,724 712,724"/>
            <TextEquiv index="1" conf="0.999691367149353">
              <Unicode>ſ</Unicode>
            </TextEquiv>
          </Glyph>
          <Glyph id="w53672g3">
            <Coords points="754,548 754,548 754,724 754,724"/>
            <TextEquiv index="1" conf="0.9998227655887604">
              <Unicode>t</Unicode>
            </TextEquiv>
          </Glyph>
          <Glyph id="w53672g4">
            <Coords points="811,548 825,548 825,724 811,724"/>
            <TextEquiv index="1" conf="0.9999997615814209">
              <Unicode>o</Unicode>
            </TextEquiv>
          </Glyph>
          <Glyph id="w53672g5">
            <Coords points="868,548 868,548 868,724 868,724"/>
            <TextEquiv index="1" conf="1.0">
              <Unicode>u</Unicode>
            </TextEquiv>
          </Glyph>
          <Glyph id="w53672g6">
            <Coords points="925,548 925,548 925,724 925,724"/>
            <TextEquiv index="1" conf="0.9999857842922211">
              <Unicode>r</Unicode>
            </TextEquiv>
          </Glyph>
          <TextEquiv index="1" conf="0.9994891062308855">
            <Unicode>deſtour</Unicode>
          </TextEquiv>
        </Word>
        <Word id="w53673">
          <Coords points="1052,548 1052,548 1052,724 1052,724"/>
          <Glyph id="w53673g0">
            <Coords points="1052,548 1052,548 1052,724 1052,724"/>
            <TextEquiv index="1" conf="0.9999997615814209">
              <Unicode>&amp;</Unicode>
            </TextEquiv>
          </Glyph>
          <TextEquiv index="1" conf="0.9999997615814209">
            <Unicode>&amp;</Unicode>
          </TextEquiv>
        </Word>
        <Word id="w53674">
          <Coords points="1095,548 1137,548 1137,724 1095,724"/>
          <Glyph id="w53674g0">
            <Coords points="1095,548 1109,548 1109,724 1095,724"/>
            <TextEquiv index="1" conf="0.9992609322071075">
              <Unicode>ſ</Unicode>
            </TextEquiv>
          </Glyph>
          <Glyph id="w53674g1">
            <Coords points="1137,548 1137,548 1137,724 1137,724"/>
            <TextEquiv index="1" conf="0.9991194605827332">
              <Unicode>i</Unicode>
            </TextEquiv>
          </Glyph>
          <TextEquiv index="1" conf="0.9983810435681644">
            <Unicode>ſi</Unicode>
          </TextEquiv>
        </Word>
        <Word id="w53675">
          <Coords points="1208,548 1421,548 1421,724 1208,724"/>
          <Glyph id="w53675g0">
            <Coords points="1208,548 1222,548 1222,724 1208,724"/>
            <TextEquiv index="1" conf="0.9999999105930328">
              <Unicode>v</Unicode>
            </TextEquiv>
          </Glyph>
          <Glyph id="w53675g1">
            <Coords points="1251,548 1251,548 1251,724 1251,724"/>
            <TextEquiv index="1" conf="0.9999997317790985">
              <Unicode>i</Unicode>
            </TextEquiv>
          </Glyph>
          <Glyph id="w53675g2">
            <Coords points="1279,548 1279,548 1279,724 1279,724"/>
            <TextEquiv index="1" conf="0.9999941885471344">
              <Unicode>ſ</Unicode>
            </TextEquiv>
          </Glyph>
          <Glyph id="w53675g3">
            <Coords points="1322,548 1322,548 1322,724 1322,724"/>
            <TextEquiv index="1" conf="0.9998219907283783">
              <Unicode>t</Unicode>
            </TextEquiv>
          </Glyph>
          <Glyph id="w53675g4">
            <Coords points="1364,548 1378,548 1378,724 1364,724"/>
            <TextEquiv index="1" conf="0.9999366700649261">
              <Unicode>e</Unicode>
            </TextEquiv>
          </Glyph>
          <Glyph id="w53675g5">
            <Coords points="1421,548 1421,548 1421,724 1421,724"/>
            <TextEquiv index="1" conf="0.9999929666519165">
              <Unicode>,</Unicode>
            </TextEquiv>
          </Glyph>
          <TextEquiv index="1" conf="0.9997454728693977">
            <Unicode>viſte,</Unicode>
          </TextEquiv>
        </Word>
        <Word id="w53676">
          <Coords points="1492,548 1648,548 1648,724 1492,724"/>
          <Glyph id="w53676g0">
            <Coords points="1492,548 1506,548 1506,724 1492,724"/>
            <TextEquiv index="1" conf="1.0">
              <Unicode>q</Unicode>
            </TextEquiv>
          </Glyph>
          <Glyph id="w53676g1">
            <Coords points="1534,548 1548,548 1548,724 1534,724"/>
            <TextEquiv index="1" conf="1.0">
              <Unicode>u</Unicode>
            </TextEquiv>
          </Glyph>
          <Glyph id="w53676g2">
            <Coords points="1591,548 1591,548 1591,724 1591,724"/>
            <TextEquiv index="1" conf="0.9995402246713638">
              <Unicode>’</Unicode>
            </TextEquiv>
          </Glyph>
          <Glyph id="w53676g3">
            <Coords points="1619,548 1619,548 1619,724 1619,724"/>
            <TextEquiv index="1" conf="0.9999977052211761">
              <Unicode>i</Unicode>
            </TextEquiv>
          </Glyph>
          <Glyph id="w53676g4">
            <Coords points="1648,548 1648,548 1648,724 1648,724"/>
            <TextEquiv index="1" conf="0.9999376386404037">
              <Unicode>l</Unicode>
            </TextEquiv>
          </Glyph>
          <TextEquiv index="1" conf="0.9994755984032807">
            <Unicode>qu’il</Unicode>
          </TextEquiv>
        </Word>
        <Word id="w53677">
          <Coords points="1704,548 1931,548 1931,724 1704,724"/>
          <Glyph id="w53677g0">
            <Coords points="1704,548 1704,548 1704,724 1704,724"/>
            <TextEquiv index="1" conf="0.9999917447566986">
              <Unicode>ſ</Unicode>
            </TextEquiv>
          </Glyph>
          <Glyph id="w53677g1">
            <Coords points="1747,548 1747,548 1747,724 1747,724"/>
            <TextEquiv index="1" conf="0.9999944865703583">
              <Unicode>e</Unicode>
            </TextEquiv>
          </Glyph>
          <Glyph id="w53677g2">
            <Coords points="1790,548 1790,548 1790,724 1790,724"/>
            <TextEquiv index="1" conf="0.9999998807907104">
              <Unicode>r</Unicode>
            </TextEquiv>
          </Glyph>
          <Glyph id="w53677g3">
            <Coords points="1832,548 1846,548 1846,724 1832,724"/>
            <TextEquiv index="1" conf="0.9999935328960419">
              <Unicode>o</Unicode>
            </TextEquiv>
          </Glyph>
          <Glyph id="w53677g4">
            <Coords points="1889,548 1889,548 1889,724 1889,724"/>
            <TextEquiv index="1" conf="0.9999954104423523">
              <Unicode>i</Unicode>
            </TextEquiv>
          </Glyph>
          <Glyph id="w53677g5">
            <Coords points="1931,548 1931,548 1931,724 1931,724"/>
            <TextEquiv index="1" conf="0.999996542930603">
              <Unicode>t</Unicode>
            </TextEquiv>
          </Glyph>
          <TextEquiv index="1" conf="0.9999715987033886">
            <Unicode>ſeroit</Unicode>
          </TextEquiv>
        </Word>
        <Word id="w53678">
          <Coords points="1974,548 2456,548 2456,724 1974,724"/>
          <Glyph id="w53678g0">
            <Coords points="1974,548 1974,548 1974,724 1974,724"/>
            <TextEquiv index="1" conf="0.9999972283840179">
              <Unicode>i</Unicode>
            </TextEquiv>
          </Glyph>
          <Glyph id="w53678g1">
            <Coords points="2045,548 2059,548 2059,724 2045,724"/>
            <TextEquiv index="1" conf="0.9999999701976776">
              <Unicode>m</Unicode>
            </TextEquiv>
          </Glyph>
          <Glyph id="w53678g2">
            <Coords points="2116,548 2130,548 2130,724 2116,724"/>
            <TextEquiv index="1" conf="1.0">
              <Unicode>p</Unicode>
            </TextEquiv>
          </Glyph>
          <Glyph id="w53678g3">
            <Coords points="2187,548 2201,548 2201,724 2187,724"/>
            <TextEquiv index="1" conf="0.9999970495700836">
              <Unicode>o</Unicode>
            </TextEquiv>
          </Glyph>
          <Glyph id="w53678g4">
            <Coords points="2243,548 2243,548 2243,724 2243,724"/>
            <TextEquiv index="1" conf="0.9999739527702332">
              <Unicode>ſ</Unicode>
            </TextEquiv>
          </Glyph>
          <Glyph id="w53678g5">
            <Coords points="2272,548 2272,548 2272,724 2272,724"/>
            <TextEquiv index="1" conf="0.9978588670492172">
              <Unicode>s</Unicode>
            </TextEquiv>
          </Glyph>
          <Glyph id="w53678g6">
            <Coords points="2300,548 2314,548 2314,724 2300,724"/>
            <TextEquiv index="1" conf="0.9999866187572479">
              <Unicode>i</Unicode>
            </TextEquiv>
          </Glyph>
          <Glyph id="w53678g7">
            <Coords points="2343,548 2357,548 2357,724 2343,724"/>
            <TextEquiv index="1" conf="0.9999998211860657">
              <Unicode>b</Unicode>
            </TextEquiv>
          </Glyph>
          <Glyph id="w53678g8">
            <Coords points="2399,548 2413,548 2413,724 2399,724"/>
            <TextEquiv index="1" conf="0.9999976456165314">
              <Unicode>l</Unicode>
            </TextEquiv>
          </Glyph>
          <Glyph id="w53678g9">
            <Coords points="2442,548 2456,548 2456,724 2442,724"/>
            <TextEquiv index="1" conf="0.9999666512012482">
              <Unicode>e</Unicode>
            </TextEquiv>
          </Glyph>
          <TextEquiv index="1" conf="0.9977779805823299">
            <Unicode>impoſsible</Unicode>
          </TextEquiv>
        </Word>
        <Word id="w53679">
          <Coords points="2555,548 2598,548 2598,724 2555,724"/>
          <Glyph id="w53679g0">
            <Coords points="2555,548 2555,548 2555,724 2555,724"/>
            <TextEquiv index="1" conf="0.9999991357326508">
              <Unicode>d</Unicode>
            </TextEquiv>
          </Glyph>
          <Glyph id="w53679g1">
            <Coords points="2598,548 2598,548 2598,724 2598,724"/>
            <TextEquiv index="1" conf="0.9999987781047821">
              <Unicode>e</Unicode>
            </TextEquiv>
          </Glyph>
          <TextEquiv index="1" conf="0.9999979138384889">
            <Unicode>de</Unicode>
          </TextEquiv>
        </Word>
        <Word id="w53680">
          <Coords points="2683,548 3179,548 3179,724 2683,724"/>
          <Glyph id="w53680g0">
            <Coords points="2683,548 2683,548 2683,724 2683,724"/>
            <TextEquiv index="1" conf="0.9999766647815704">
              <Unicode>l</Unicode>
            </TextEquiv>
          </Glyph>
          <Glyph id="w53680g1">
            <Coords points="2697,548 2697,548 2697,724 2697,724"/>
            <TextEquiv index="1" conf="0.999871090054512">
              <Unicode>’</Unicode>
            </TextEquiv>
          </Glyph>
          <Glyph id="w53680g2">
            <Coords points="2725,548 2740,548 2740,724 2725,724"/>
            <TextEquiv index="1" conf="0.9999997913837433">
              <Unicode>a</Unicode>
            </TextEquiv>
          </Glyph>
          <Glyph id="w53680g3">
            <Coords points="2782,548 2782,548 2782,724 2782,724"/>
            <TextEquiv index="1" conf="0.999997079372406">
              <Unicode>t</Unicode>
            </TextEquiv>
          </Glyph>
          <Glyph id="w53680g4">
            <Coords points="2825,548 2825,548 2825,724 2825,724"/>
            <TextEquiv index="1" conf="0.9999972283840179">
              <Unicode>t</Unicode>
            </TextEquiv>
          </Glyph>
          <Glyph id="w53680g5">
            <Coords points="2881,548 2881,548 2881,724 2881,724"/>
            <TextEquiv index="1" conf="0.9999956786632538">
              <Unicode>e</Unicode>
            </TextEquiv>
          </Glyph>
          <Glyph id="w53680g6">
            <Coords points="2910,548 2924,548 2924,724 2910,724"/>
            <TextEquiv index="1" conf="0.9999669790267944">
              <Unicode>i</Unicode>
            </TextEquiv>
          </Glyph>
          <Glyph id="w53680g7">
            <Coords points="2952,548 2952,548 2952,724 2952,724"/>
            <TextEquiv index="1" conf="0.9999999701976776">
              <Unicode>n</Unicode>
            </TextEquiv>
          </Glyph>
          <Glyph id="w53680g8">
            <Coords points="3037,548 3052,548 3052,724 3037,724"/>
            <TextEquiv index="1" conf="0.999734416604042">
              <Unicode>d</Unicode>
            </TextEquiv>
          </Glyph>
          <Glyph id="w53680g9">
            <Coords points="3080,548 3080,548 3080,724 3080,724"/>
            <TextEquiv index="1" conf="0.9999853670597076">
              <Unicode>r</Unicode>
            </TextEquiv>
          </Glyph>
          <Glyph id="w53680g10">
            <Coords points="3137,548 3137,548 3137,724 3137,724"/>
            <TextEquiv index="1" conf="0.9998513907194138">
              <Unicode>e</Unicode>
            </TextEquiv>
          </Glyph>
          <Glyph id="w53680g11">
            <Coords points="3165,548 3179,548 3179,724 3165,724"/>
            <TextEquiv index="1" conf="0.9999688565731049">
              <Unicode>.</Unicode>
            </TextEquiv>
          </Glyph>
          <TextEquiv index="1" conf="0.9993446715882258">
            <Unicode>l’atteindre.</Unicode>
          </TextEquiv>
        </Word>
        <Word id="w53681">
          <Coords points="3364,548 3690,548 3690,724 3364,724"/>
          <Glyph id="w53681g0">
            <Coords points="3364,548 3378,548 3378,724 3364,724"/>
            <TextEquiv index="1" conf="1.0">
              <Unicode>D</Unicode>
            </TextEquiv>
          </Glyph>
          <Glyph id="w53681g1">
            <Coords points="3420,548 3420,548 3420,724 3420,724"/>
            <TextEquiv index="1" conf="0.9999988973140717">
              <Unicode>e</Unicode>
            </TextEquiv>
          </Glyph>
          <Glyph id="w53681g2">
            <Coords points="3477,548 3505,548 3505,724 3477,724"/>
            <TextEquiv index="1" conf="1.0">
              <Unicode>q</Unicode>
            </TextEquiv>
          </Glyph>
          <Glyph id="w53681g3">
            <Coords points="3534,548 3534,548 3534,724 3534,724"/>
            <TextEquiv index="1" conf="1.0">
              <Unicode>u</Unicode>
            </TextEquiv>
          </Glyph>
          <Glyph id="w53681g4">
            <Coords points="3605,548 3619,548 3619,724 3605,724"/>
            <TextEquiv index="1" conf="0.999985545873642">
              <Unicode>o</Unicode>
            </TextEquiv>
          </Glyph>
          <Glyph id="w53681g5">
            <Coords points="3676,548 3690,548 3690,724 3676,724"/>
            <TextEquiv index="1" conf="0.9999953806400299">
              <Unicode>y</Unicode>
            </TextEquiv>
          </Glyph>
          <TextEquiv index="1" conf="0.9999798239155443">
            <Unicode>Dequoy</Unicode>
          </TextEquiv>
        </Word>
        <Word id="w53682">
          <Coords points="3746,548 3789,548 3789,724 3746,724"/>
          <Glyph id="w53682g0">
            <Coords points="3746,548 3761,548 3761,724 3746,724"/>
            <TextEquiv index="1" conf="0.9999910891056061">
              <Unicode>i</Unicode>
            </TextEquiv>
          </Glyph>
          <Glyph id="w53682g1">
            <Coords points="3789,548 3789,548 3789,724 3789,724"/>
            <TextEquiv index="1" conf="0.9999763071537018">
              <Unicode>l</Unicode>
            </TextEquiv>
          </Glyph>
          <TextEquiv index="1" conf="0.9999673964704323">
            <Unicode>il</Unicode>
          </TextEquiv>
        </Word>
        <Word id="w53683">
          <Coords points="3846,548 4143,548 4143,724 3846,724"/>
          <Glyph id="w53683g0">
            <Coords points="3846,548 3860,548 3860,724 3846,724"/>
            <TextEquiv index="1" conf="0.9999999403953552">
              <Unicode>a</Unicode>
            </TextEquiv>
          </Glyph>
          <Glyph id="w53683g1">
            <Coords points="3902,548 3931,548 3931,724 3902,724"/>
            <TextEquiv index="1" conf="1.0">
              <Unicode>p</Unicode>
            </TextEquiv>
          </Glyph>
          <Glyph id="w53683g2">
            <Coords points="3973,548 3988,548 3988,724 3973,724"/>
            <TextEquiv index="1" conf="1.0">
              <Unicode>p</Unicode>
            </TextEquiv>
          </Glyph>
          <Glyph id="w53683g3">
            <Coords points="4044,548 4044,548 4044,724 4044,724"/>
            <TextEquiv index="1" conf="1.0">
              <Unicode>e</Unicode>
            </TextEquiv>
          </Glyph>
          <Glyph id="w53683g4">
            <Coords points="4087,548 4087,548 4087,724 4087,724"/>
            <TextEquiv index="1" conf="0.9999995529651642">
              <Unicode>r</Unicode>
            </TextEquiv>
          </Glyph>
          <Glyph id="w53683g5">
            <Coords points="4129,548 4143,548 4143,724 4129,724"/>
            <TextEquiv index="1" conf="0.999991774559021">
              <Unicode>t</Unicode>
            </TextEquiv>
          </Glyph>
          <TextEquiv index="1" conf="0.9999912679237344">
            <Unicode>appert</Unicode>
          </TextEquiv>
        </Word>
        <Word id="w53684">
          <Coords points="4214,548 4611,548 4611,724 4214,724"/>
          <Glyph id="w53684g0">
            <Coords points="4214,548 4229,548 4229,724 4214,724"/>
            <TextEquiv index="1" conf="0.9999994039535522">
              <Unicode>d</Unicode>
            </TextEquiv>
          </Glyph>
          <Glyph id="w53684g1">
            <Coords points="4271,548 4271,548 4271,724 4271,724"/>
            <TextEquiv index="1" conf="0.999993085861206">
              <Unicode>e</Unicode>
            </TextEquiv>
          </Glyph>
          <Glyph id="w53684g2">
            <Coords points="4314,548 4314,548 4314,724 4314,724"/>
            <TextEquiv index="1" conf="0.9999998807907104">
              <Unicode>r</Unicode>
            </TextEquiv>
          </Glyph>
          <Glyph id="w53684g3">
            <Coords points="4370,548 4370,548 4370,724 4370,724"/>
            <TextEquiv index="1" conf="0.9997982680797577">
              <Unicode>e</Unicode>
            </TextEquiv>
          </Glyph>
          <Glyph id="w53684g4">
            <Coords points="4427,548 4427,548 4427,724 4427,724"/>
            <TextEquiv index="1" conf="0.9999984204769135">
              <Unicode>c</Unicode>
            </TextEquiv>
          </Glyph>
          <Glyph id="w53684g5">
            <Coords points="4455,548 4470,548 4470,724 4455,724"/>
            <TextEquiv index="1" conf="0.9999994337558746">
              <Unicode>h</Unicode>
            </TextEquiv>
          </Glyph>
          <Glyph id="w53684g6">
            <Coords points="4541,548 4541,548 4541,724 4541,724"/>
            <TextEquiv index="1" conf="0.9999969899654388">
              <Unicode>e</Unicode>
            </TextEquiv>
          </Glyph>
          <Glyph id="w53684g7">
            <Coords points="4583,548 4583,548 4583,724 4583,724"/>
            <TextEquiv index="1" conf="0.9999655485153198">
              <Unicode>f</Unicode>
            </TextEquiv>
          </Glyph>
          <Glyph id="w53684g8">
            <Coords points="4611,548 4611,548 4611,724 4611,724"/>
            <TextEquiv index="1" conf="0.999583825469017">
              <Unicode>,</Unicode>
            </TextEquiv>
          </Glyph>
          <TextEquiv index="1" conf="0.99933497049923">
            <Unicode>derechef,</Unicode>
          </TextEquiv>
        </Word>
        <Word id="w53685">
          <Coords points="4668,548 4994,548 4994,724 4668,724"/>
          <Glyph id="w53685g0">
            <Coords points="4668,548 4668,548 4668,724 4668,724"/>
            <TextEquiv index="1" conf="0.999999612569809">
              <Unicode>c</Unicode>
            </TextEquiv>
          </Glyph>
          <Glyph id="w53685g1">
            <Coords points="4711,548 4725,548 4725,724 4711,724"/>
            <TextEquiv index="1" conf="0.9999995827674866">
              <Unicode>o</Unicode>
            </TextEquiv>
          </Glyph>
          <Glyph id="w53685g2">
            <Coords points="4810,548 4810,548 4810,724 4810,724"/>
            <TextEquiv index="1" conf="1.0">
              <Unicode>m</Unicode>
            </TextEquiv>
          </Glyph>
          <Glyph id="w53685g3">
            <Coords points="4909,548 4909,548 4909,724 4909,724"/>
            <TextEquiv index="1" conf="1.0">
              <Unicode>m</Unicode>
            </TextEquiv>
          </Glyph>
          <Glyph id="w53685g4">
            <Coords points="4980,548 4994,548 4994,724 4980,724"/>
            <TextEquiv index="1" conf="0.9999541342258453">
              <Unicode>e</Unicode>
            </TextEquiv>
          </Glyph>
          <TextEquiv index="1" conf="0.999953329600209">
            <Unicode>comme</Unicode>
          </TextEquiv>
        </Word>
        <TextEquiv index="1" conf="0.9998623887481897">
          <Unicode>deſtour &amp; ſi viſte, qu’il ſeroit impoſsible de l’atteindre. Dequoy il appert derechef, comme</Unicode>
        </TextEquiv>
      </TextLine>
      <TextLine id="r2_l004">
        <Coords points="2405,866 2407,863 2456,862 2458,861 2458,822 2458,821 2495,821 2497,819 2602,819 2603,818 3137,815 3138,816 3178,816 3180,818 3190,818 3191,817 3313,817 3314,816 3421,815 3425,811 3426,811 3427,810 3469,810 3470,809 3483,809 3484,808 3648,807 3649,806 3651,806 3652,805 3716,805 3718,803 3718,802 3719,801 3735,801 3736,801 3736,844 3736,845 3739,845 3740,844 3749,844 3750,843 3750,801 3826,800 3827,799 3832,799 3833,798 3835,798 3836,797 4021,796 4022,797 4131,797 4132,798 4132,807 4134,807 4135,806 4135,800 4236,800 4237,799 4306,798 4307,797 4308,797 4309,796 4325,796 4326,797 4326,834 4329,834 4330,833 4331,833 4332,833 4332,797 4332,796 4369,796 4370,795 4556,794 4557,795 4557,798 4558,799 4558,800 4564,800 4565,801 4565,804 4566,804 4566,796 4566,795 4572,795 4573,794 4722,793 4723,794 4775,794 4776,795 4807,795 4808,796 4813,796 4814,797 4891,797 4892,797 4892,798 4893,800 4894,800 4895,799 4961,798 4962,797 4967,797 4968,796 4971,796 4972,795 4973,795 4976,793 4976,791 4975,790 4975,783 4974,782 4974,781 4971,778 4971,777 4970,776 4970,754 4969,753 4969,748 4967,746 4967,745 4964,742 4955,742 4954,741 4933,742 4932,741 4931,741 4930,740 4929,740 4928,739 4906,739 4905,738 4905,700 4904,699 4903,699 4902,698 4901,698 4900,697 4893,697 4892,698 4891,698 4890,699 4887,699 4886,700 4885,700 4884,700 4884,728 4884,729 4745,729 4744,729 4744,717 4744,716 4743,717 4743,731 4606,732 4605,733 4538,733 4537,734 4411,735 4409,733 4408,733 4407,734 4212,735 4211,734 4211,701 4210,700 4210,696 4209,696 4208,696 4208,732 4208,733 4147,733 4145,735 4100,735 4099,736 3909,737 3908,736 3908,702 3907,701 3907,699 3906,698 3903,698 3902,699 3901,699 3900,700 3897,700 3896,701 3895,701 3894,702 3893,702 3892,703 3891,703 3890,704 3890,738 3775,739 3774,740 3769,740 3768,741 3765,741 3764,742 3735,742 3734,743 3729,743 3728,744 3659,744 3658,745 3581,745 3580,746 3529,747 3528,748 3410,748 3409,719 3408,718 3408,715 3406,712 3405,712 3404,711 3403,711 3402,710 3393,710 3392,711 3390,711 3389,712 3384,712 3383,713 3382,713 3381,714 3380,714 3379,715 3149,716 3147,714 3146,714 3145,713 3142,713 3141,714 3140,714 3139,715 3137,715 3136,716 3135,716 3134,717 3132,717 3131,718 3130,718 3128,720 3128,747 3034,748 3032,750 3031,750 3030,751 3029,751 3029,752 3027,754 2873,755 2872,754 2871,754 2870,753 2868,753 2867,752 2864,752 2863,753 2836,753 2835,754 2834,754 2833,755 2810,755 2809,756 2766,756 2765,757 2639,758 2638,759 2637,759 2636,760 2487,760 2486,761 2441,761 2440,762 2407,763 2406,764 2386,764 2384,766 2290,766 2289,767 2168,768 2168,767 2167,733 2166,732 2166,731 2164,729 2162,729 2161,730 2156,730 2155,731 2153,731 2151,733 2150,733 2149,733 2150,763 2149,764 1997,764 1996,725 1995,723 1994,723 1993,722 1983,722 1982,723 1979,723 1978,724 1977,724 1975,726 1976,760 1975,760 1816,761 1815,760 1796,760 1795,759 1794,759 1793,760 1791,760 1790,761 1666,762 1664,760 1662,760 1661,759 1647,759 1647,758 1647,751 1645,750 1644,750 1642,752 1640,752 1639,753 1638,753 1638,754 1636,756 1523,756 1522,723 1520,721 1520,720 1520,719 1519,719 1518,718 1517,718 1516,717 1513,717 1512,716 1504,716 1503,717 1348,718 1347,719 1347,733 1346,733 1345,734 1346,754 1345,754 1265,755 1263,757 1241,757 1240,758 1238,758 1237,759 1236,759 1235,760 1233,760 1232,761 1231,761 1229,763 1228,763 1227,764 1226,764 1218,772 1218,774 1217,775 1217,777 1216,778 1216,779 1215,780 1215,785 1214,786 1214,796 1213,797 1093,797 1093,765 1090,762 1074,762 1074,758 1073,757 1070,757 1064,764 1064,765 1063,765 1026,766 1025,767 1005,767 1004,768 959,768 958,769 829,769 827,767 808,768 807,769 806,769 805,770 629,770 628,769 557,770 556,771 549,771 544,776 543,776 541,778 539,778 539,780 538,781 538,818 543,824 544,824 545,825 546,825 547,826 551,826 552,825 684,824 685,825 685,864 686,865 689,865 690,866 705,866 708,863 708,825 869,824 870,825 909,825 910,826 911,826 913,825 913,824 913,823 977,823 978,822 1125,821 1126,822 1126,829 1127,830 1128,830 1129,831 1131,831 1132,830 1243,830 1244,830 1244,852 1245,854 1256,854 1257,855 1271,854 1272,853 1273,853 1275,852 1275,850 1276,849 1276,817 1276,816 1495,816 1496,817 1497,817 1498,818 1575,817 1576,818 1713,818 1714,818 1714,857 1715,859 1716,859 1718,861 1719,861 1720,862 1725,862 1727,864 1737,863 1738,862 1740,862 1741,861 1742,861 1744,860 1744,822 1744,821 1981,820 1982,821 1982,822 2025,822 2026,823 2027,823 2028,824 2071,824 2072,825 2083,825 2084,826 2275,825 2276,826 2277,826 2278,827 2291,827 2292,827 2292,825 2292,824 2377,824 2378,823 2399,823 2400,823 2400,864 2402,866 2405,866"/>
        <Word id="w53686">
          <Coords points="587,696 653,696 653,866 587,866"/>
          <Glyph id="w53686g0">
            <Coords points="587,696 601,696 601,866 587,866"/>
            <TextEquiv index="1" conf="0.99986132979393">
              <Unicode>a</Unicode>
            </TextEquiv>
          </Glyph>
          <Glyph id="w53686g1">
            <Coords points="640,696 653,696 653,866 640,866"/>
            <TextEquiv index="1" conf="0.9997964203357697">
              <Unicode>u</Unicode>
            </TextEquiv>
          </Glyph>
          <TextEquiv index="1" conf="0.9996577783601337">
            <Unicode>au</Unicode>
          </TextEquiv>
        </Word>
        <Word id="w53687">
          <Coords points="732,696 1180,696 1180,866 732,866"/>
          <Glyph id="w53687g0">
            <Coords points="732,696 759,696 759,866 732,866"/>
            <TextEquiv index="1" conf="1.0">
              <Unicode>p</Unicode>
            </TextEquiv>
          </Glyph>
          <Glyph id="w53687g1">
            <Coords points="798,696 798,696 798,866 798,866"/>
            <TextEquiv index="1" conf="1.0">
              <Unicode>a</Unicode>
            </TextEquiv>
          </Glyph>
          <Glyph id="w53687g2">
            <Coords points="851,696 851,696 851,866 851,866"/>
            <TextEquiv index="1" conf="0.9999999701976776">
              <Unicode>r</Unicode>
            </TextEquiv>
          </Glyph>
          <Glyph id="w53687g3">
            <Coords points="890,696 890,696 890,866 890,866"/>
            <TextEquiv index="1" conf="1.0">
              <Unicode>a</Unicode>
            </TextEquiv>
          </Glyph>
          <Glyph id="w53687g4">
            <Coords points="943,696 956,696 956,866 943,866"/>
            <TextEquiv index="1" conf="0.999992161989212">
              <Unicode>v</Unicode>
            </TextEquiv>
          </Glyph>
          <Glyph id="w53687g5">
            <Coords points="996,696 996,696 996,866 996,866"/>
            <TextEquiv index="1" conf="1.0">
              <Unicode>a</Unicode>
            </TextEquiv>
          </Glyph>
          <Glyph id="w53687g6">
            <Coords points="1048,696 1048,696 1048,866 1048,866"/>
            <TextEquiv index="1" conf="0.9999999701976776">
              <Unicode>n</Unicode>
            </TextEquiv>
          </Glyph>
          <Glyph id="w53687g7">
            <Coords points="1114,696 1114,696 1114,866 1114,866"/>
            <TextEquiv index="1" conf="0.9999755918979645">
              <Unicode>t</Unicode>
            </TextEquiv>
          </Glyph>
          <Glyph id="w53687g8">
            <Coords points="1167,696 1180,696 1180,866 1167,866"/>
            <TextEquiv index="1" conf="0.9989681094884872">
              <Unicode>,</Unicode>
            </TextEquiv>
          </Glyph>
          <TextEquiv index="1" conf="0.9989358373000168">
            <Unicode>paravant,</Unicode>
          </TextEquiv>
        </Word>
        <Word id="w53688">
          <Coords points="1286,696 1444,696 1444,866 1286,866"/>
          <Glyph id="w53688g0">
            <Coords points="1286,696 1299,696 1299,866 1286,866"/>
            <TextEquiv index="1" conf="1.0">
              <Unicode>q</Unicode>
            </TextEquiv>
          </Glyph>
          <Glyph id="w53688g1">
            <Coords points="1325,696 1338,696 1338,866 1325,866"/>
            <TextEquiv index="1" conf="0.9999998509883881">
              <Unicode>u</Unicode>
            </TextEquiv>
          </Glyph>
          <Glyph id="w53688g2">
            <Coords points="1378,696 1378,696 1378,866 1378,866"/>
            <TextEquiv index="1" conf="0.9963689595460892">
              <Unicode>’</Unicode>
            </TextEquiv>
          </Glyph>
          <Glyph id="w53688g3">
            <Coords points="1404,696 1404,696 1404,866 1404,866"/>
            <TextEquiv index="1" conf="0.9999991357326508">
              <Unicode>i</Unicode>
            </TextEquiv>
          </Glyph>
          <Glyph id="w53688g4">
            <Coords points="1431,696 1444,696 1444,866 1431,866"/>
            <TextEquiv index="1" conf="0.9990838021039963">
              <Unicode>l</Unicode>
            </TextEquiv>
          </Glyph>
          <TextEquiv index="1" conf="0.9954550797271267">
            <Unicode>qu’il</Unicode>
          </TextEquiv>
        </Word>
        <Word id="w53689">
          <Coords points="1523,696 1681,696 1681,866 1523,866"/>
          <Glyph id="w53689g0">
            <Coords points="1523,696 1523,696 1523,866 1523,866"/>
            <TextEquiv index="1" conf="0.9999881982803345">
              <Unicode>f</Unicode>
            </TextEquiv>
          </Glyph>
          <Glyph id="w53689g1">
            <Coords points="1562,696 1562,696 1562,866 1562,866"/>
            <TextEquiv index="1" conf="1.0">
              <Unicode>a</Unicode>
            </TextEquiv>
          </Glyph>
          <Glyph id="w53689g2">
            <Coords points="1615,696 1615,696 1615,866 1615,866"/>
            <TextEquiv index="1" conf="0.9999999403953552">
              <Unicode>u</Unicode>
            </TextEquiv>
          </Glyph>
          <Glyph id="w53689g3">
            <Coords points="1681,696 1681,696 1681,866 1681,866"/>
            <TextEquiv index="1" conf="0.9999906420707703">
              <Unicode>t</Unicode>
            </TextEquiv>
          </Glyph>
          <TextEquiv index="1" conf="0.9999787808581608">
            <Unicode>faut</Unicode>
          </TextEquiv>
        </Word>
        <Word id="w53690">
          <Coords points="1773,696 2116,696 2116,866 1773,866"/>
          <Glyph id="w53690g0">
            <Coords points="1773,696 1786,696 1786,866 1773,866"/>
            <TextEquiv index="1" conf="1.0">
              <Unicode>p</Unicode>
            </TextEquiv>
          </Glyph>
          <Glyph id="w53690g1">
            <Coords points="1826,696 1839,696 1839,866 1826,866"/>
            <TextEquiv index="1" conf="0.9999998211860657">
              <Unicode>r</Unicode>
            </TextEquiv>
          </Glyph>
          <Glyph id="w53690g2">
            <Coords points="1878,696 1892,696 1892,866 1878,866"/>
            <TextEquiv index="1" conf="0.9999998211860657">
              <Unicode>e</Unicode>
            </TextEquiv>
          </Glyph>
          <Glyph id="w53690g3">
            <Coords points="1931,696 1931,696 1931,866 1931,866"/>
            <TextEquiv index="1" conf="0.9999998807907104">
              <Unicode>n</Unicode>
            </TextEquiv>
          </Glyph>
          <Glyph id="w53690g4">
            <Coords points="2010,696 2023,696 2023,866 2010,866"/>
            <TextEquiv index="1" conf="0.9999622702598572">
              <Unicode>d</Unicode>
            </TextEquiv>
          </Glyph>
          <Glyph id="w53690g5">
            <Coords points="2050,696 2063,696 2063,866 2050,866"/>
            <TextEquiv index="1" conf="0.9999989569187164">
              <Unicode>r</Unicode>
            </TextEquiv>
          </Glyph>
          <Glyph id="w53690g6">
            <Coords points="2102,696 2116,696 2116,866 2102,866"/>
            <TextEquiv index="1" conf="0.9999271482229233">
              <Unicode>e</Unicode>
            </TextEquiv>
          </Glyph>
          <TextEquiv index="1" conf="0.99988790148166">
            <Unicode>prendre</Unicode>
          </TextEquiv>
        </Word>
        <Word id="w53691">
          <Coords points="2195,696 2234,696 2234,866 2195,866"/>
          <Glyph id="w53691g0">
            <Coords points="2195,696 2195,696 2195,866 2195,866"/>
            <TextEquiv index="1" conf="0.9999931156635284">
              <Unicode>l</Unicode>
            </TextEquiv>
          </Glyph>
          <Glyph id="w53691g1">
            <Coords points="2234,696 2234,696 2234,866 2234,866"/>
            <TextEquiv index="1" conf="0.9999997317790985">
              <Unicode>e</Unicode>
            </TextEquiv>
          </Glyph>
          <TextEquiv index="1" conf="0.9999928474444735">
            <Unicode>le</Unicode>
          </TextEquiv>
        </Word>
        <Word id="w53692">
          <Coords points="2313,696 3064,696 3064,866 2313,866"/>
          <Glyph id="w53692g0">
            <Coords points="2313,696 2313,696 2313,866 2313,866"/>
            <TextEquiv index="1" conf="0.9999960660934448">
              <Unicode>c</Unicode>
            </TextEquiv>
          </Glyph>
          <Glyph id="w53692g1">
            <Coords points="2366,696 2379,696 2379,866 2366,866"/>
            <TextEquiv index="1" conf="0.9999952912330627">
              <Unicode>o</Unicode>
            </TextEquiv>
          </Glyph>
          <Glyph id="w53692g2">
            <Coords points="2458,696 2458,696 2458,866 2458,866"/>
            <TextEquiv index="1" conf="1.0">
              <Unicode>m</Unicode>
            </TextEquiv>
          </Glyph>
          <Glyph id="w53692g3">
            <Coords points="2550,696 2564,696 2564,866 2550,866"/>
            <TextEquiv index="1" conf="0.9999998509883881">
              <Unicode>m</Unicode>
            </TextEquiv>
          </Glyph>
          <Glyph id="w53692g4">
            <Coords points="2629,696 2629,696 2629,866 2629,866"/>
            <TextEquiv index="1" conf="1.0">
              <Unicode>e</Unicode>
            </TextEquiv>
          </Glyph>
          <Glyph id="w53692g5">
            <Coords points="2669,696 2682,696 2682,866 2669,866"/>
            <TextEquiv index="1" conf="0.9999968409538269">
              <Unicode>n</Unicode>
            </TextEquiv>
          </Glyph>
          <Glyph id="w53692g6">
            <Coords points="2748,696 2748,696 2748,866 2748,866"/>
            <TextEquiv index="1" conf="0.9999993145465851">
              <Unicode>c</Unicode>
            </TextEquiv>
          </Glyph>
          <Glyph id="w53692g7">
            <Coords points="2801,696 2801,696 2801,866 2801,866"/>
            <TextEquiv index="1" conf="0.9999998807907104">
              <Unicode>e</Unicode>
            </TextEquiv>
          </Glyph>
          <Glyph id="w53692g8">
            <Coords points="2880,696 2893,696 2893,866 2880,866"/>
            <TextEquiv index="1" conf="1.0">
              <Unicode>m</Unicode>
            </TextEquiv>
          </Glyph>
          <Glyph id="w53692g9">
            <Coords points="2959,696 2959,696 2959,866 2959,866"/>
            <TextEquiv index="1" conf="0.9999999403953552">
              <Unicode>e</Unicode>
            </TextEquiv>
          </Glyph>
          <Glyph id="w53692g10">
            <Coords points="2998,696 3011,696 3011,866 2998,866"/>
            <TextEquiv index="1" conf="1.0">
              <Unicode>n</Unicode>
            </TextEquiv>
          </Glyph>
          <Glyph id="w53692g11">
            <Coords points="3064,696 3064,696 3064,866 3064,866"/>
            <TextEquiv index="1" conf="0.9999945759773254">
              <Unicode>t</Unicode>
            </TextEquiv>
          </Glyph>
          <TextEquiv index="1" conf="0.9999817611062505">
            <Unicode>commencement</Unicode>
          </TextEquiv>
        </Word>
        <Word id="w53693">
          <Coords points="3156,696 3222,696 3222,866 3156,866"/>
          <Glyph id="w53693g0">
            <Coords points="3156,696 3170,696 3170,866 3156,866"/>
            <TextEquiv index="1" conf="0.9999999105930328">
              <Unicode>d</Unicode>
            </TextEquiv>
          </Glyph>
          <Glyph id="w53693g1">
            <Coords points="3222,696 3222,696 3222,866 3222,866"/>
            <TextEquiv index="1" conf="0.9999962747097015">
              <Unicode>e</Unicode>
            </TextEquiv>
          </Glyph>
          <TextEquiv index="1" conf="0.9999961853030674">
            <Unicode>de</Unicode>
          </TextEquiv>
        </Word>
        <Word id="w53694">
          <Coords points="3288,696 3328,696 3328,866 3288,866"/>
          <Glyph id="w53694g0">
            <Coords points="3288,696 3288,696 3288,866 3288,866"/>
            <TextEquiv index="1" conf="0.9999984800815582">
              <Unicode>l</Unicode>
            </TextEquiv>
          </Glyph>
          <Glyph id="w53694g1">
            <Coords points="3328,696 3328,696 3328,866 3328,866"/>
            <TextEquiv index="1" conf="0.9999997615814209">
              <Unicode>a</Unicode>
            </TextEquiv>
          </Glyph>
          <TextEquiv index="1" conf="0.9999982416633415">
            <Unicode>la</Unicode>
          </TextEquiv>
        </Word>
        <Word id="w53695">
          <Coords points="3407,696 3617,696 3617,866 3407,866"/>
          <Glyph id="w53695g0">
            <Coords points="3407,696 3407,696 3407,866 3407,866"/>
            <TextEquiv index="1" conf="0.9999928176403046">
              <Unicode>f</Unicode>
            </TextEquiv>
          </Glyph>
          <Glyph id="w53695g1">
            <Coords points="3446,696 3459,696 3459,866 3446,866"/>
            <TextEquiv index="1" conf="0.9999402165412903">
              <Unicode>o</Unicode>
            </TextEquiv>
          </Glyph>
          <Glyph id="w53695g2">
            <Coords points="3512,696 3512,696 3512,866 3512,866"/>
            <TextEquiv index="1" conf="0.9999997913837433">
              <Unicode>r</Unicode>
            </TextEquiv>
          </Glyph>
          <Glyph id="w53695g3">
            <Coords points="3565,696 3565,696 3565,866 3565,866"/>
            <TextEquiv index="1" conf="0.9999994039535522">
              <Unicode>c</Unicode>
            </TextEquiv>
          </Glyph>
          <Glyph id="w53695g4">
            <Coords points="3617,696 3617,696 3617,866 3617,866"/>
            <TextEquiv index="1" conf="0.9999985098838806">
              <Unicode>e</Unicode>
            </TextEquiv>
          </Glyph>
          <TextEquiv index="1" conf="0.9999307399871514">
            <Unicode>force</Unicode>
          </TextEquiv>
        </Word>
        <Word id="w53696">
          <Coords points="3683,696 3868,696 3868,866 3683,866"/>
          <Glyph id="w53696g0">
            <Coords points="3683,696 3696,696 3696,866 3683,866"/>
            <TextEquiv index="1" conf="0.9999963343143463">
              <Unicode>a</Unicode>
            </TextEquiv>
          </Glyph>
          <Glyph id="w53696g1">
            <Coords points="3736,696 3749,696 3749,866 3736,866"/>
            <TextEquiv index="1" conf="0.9999712407588959">
              <Unicode>v</Unicode>
            </TextEquiv>
          </Glyph>
          <Glyph id="w53696g2">
            <Coords points="3802,696 3802,696 3802,866 3802,866"/>
            <TextEquiv index="1" conf="0.9999561011791229">
              <Unicode>e</Unicode>
            </TextEquiv>
          </Glyph>
          <Glyph id="w53696g3">
            <Coords points="3855,696 3868,696 3868,866 3855,866"/>
            <TextEquiv index="1" conf="0.9982357323169708">
              <Unicode>c</Unicode>
            </TextEquiv>
          </Glyph>
          <TextEquiv index="1" conf="0.9981595447509938">
            <Unicode>avec</Unicode>
          </TextEquiv>
        </Word>
        <Word id="w53697">
          <Coords points="3920,696 3973,696 3973,866 3920,866"/>
          <Glyph id="w53697g0">
            <Coords points="3920,696 3934,696 3934,866 3920,866"/>
            <TextEquiv index="1" conf="0.9999796152114868">
              <Unicode>l</Unicode>
            </TextEquiv>
          </Glyph>
          <Glyph id="w53697g1">
            <Coords points="3973,696 3973,696 3973,866 3973,866"/>
            <TextEquiv index="1" conf="0.9999998807907104">
              <Unicode>e</Unicode>
            </TextEquiv>
          </Glyph>
          <TextEquiv index="1" conf="0.9999794960046273">
            <Unicode>le</Unicode>
          </TextEquiv>
        </Word>
        <Word id="w53698">
          <Coords points="4065,696 4843,696 4843,866 4065,866"/>
          <Glyph id="w53698g0">
            <Coords points="4065,696 4079,696 4079,866 4065,866"/>
            <TextEquiv index="1" conf="0.9999629855155945">
              <Unicode>c</Unicode>
            </TextEquiv>
          </Glyph>
          <Glyph id="w53698g1">
            <Coords points="4118,696 4131,696 4131,866 4118,866"/>
            <TextEquiv index="1" conf="0.9999822974205017">
              <Unicode>o</Unicode>
            </TextEquiv>
          </Glyph>
          <Glyph id="w53698g2">
            <Coords points="4210,696 4223,696 4223,866 4210,866"/>
            <TextEquiv index="1" conf="0.9999965131282806">
              <Unicode>m</Unicode>
            </TextEquiv>
          </Glyph>
          <Glyph id="w53698g3">
            <Coords points="4316,696 4316,696 4316,866 4316,866"/>
            <TextEquiv index="1" conf="1.0">
              <Unicode>m</Unicode>
            </TextEquiv>
          </Glyph>
          <Glyph id="w53698g4">
            <Coords points="4395,696 4395,696 4395,866 4395,866"/>
            <TextEquiv index="1" conf="0.9999998509883881">
              <Unicode>e</Unicode>
            </TextEquiv>
          </Glyph>
          <Glyph id="w53698g5">
            <Coords points="4434,696 4447,696 4447,866 4434,866"/>
            <TextEquiv index="1" conf="0.9999980926513672">
              <Unicode>n</Unicode>
            </TextEquiv>
          </Glyph>
          <Glyph id="w53698g6">
            <Coords points="4513,696 4513,696 4513,866 4513,866"/>
            <TextEquiv index="1" conf="0.999995082616806">
              <Unicode>c</Unicode>
            </TextEquiv>
          </Glyph>
          <Glyph id="w53698g7">
            <Coords points="4566,696 4566,696 4566,866 4566,866"/>
            <TextEquiv index="1" conf="0.9999996423721313">
              <Unicode>e</Unicode>
            </TextEquiv>
          </Glyph>
          <Glyph id="w53698g8">
            <Coords points="4645,696 4658,696 4658,866 4645,866"/>
            <TextEquiv index="1" conf="0.9999999105930328">
              <Unicode>m</Unicode>
            </TextEquiv>
          </Glyph>
          <Glyph id="w53698g9">
            <Coords points="4724,696 4724,696 4724,866 4724,866"/>
            <TextEquiv index="1" conf="0.9999998509883881">
              <Unicode>e</Unicode>
            </TextEquiv>
          </Glyph>
          <Glyph id="w53698g10">
            <Coords points="4764,696 4777,696 4777,866 4764,866"/>
            <TextEquiv index="1" conf="0.9999995827674866">
              <Unicode>n</Unicode>
            </TextEquiv>
          </Glyph>
          <Glyph id="w53698g11">
            <Coords points="4829,696 4843,696 4843,866 4829,866"/>
            <TextEquiv index="1" conf="0.9999980032444">
              <Unicode>t</Unicode>
            </TextEquiv>
          </Glyph>
          <TextEquiv index="1" conf="0.9999318137472604">
            <Unicode>commencement</Unicode>
          </TextEquiv>
        </Word>
        <Word id="w53699">
          <Coords points="4909,696 4961,696 4961,866 4909,866"/>
          <Glyph id="w53699g0">
            <Coords points="4909,696 4922,696 4922,866 4909,866"/>
            <TextEquiv index="1" conf="1.0">
              <Unicode>d</Unicode>
            </TextEquiv>
          </Glyph>
          <Glyph id="w53699g1">
            <Coords points="4961,696 4961,696 4961,866 4961,866"/>
            <TextEquiv index="1" conf="0.9999995827674866">
              <Unicode>u</Unicode>
            </TextEquiv>
          </Glyph>
          <TextEquiv index="1" conf="0.9999995827674866">
            <Unicode>du</Unicode>
          </TextEquiv>
        </Word>
        <TextEquiv index="1" conf="0.9998872438109064">
          <Unicode>au paravant, qu’il faut prendre le commencement de la force avec le commencement du</Unicode>
        </TextEquiv>
      </TextLine>
      <TextLine id="r2_l005">
        <Coords points="692,993 697,997 697,1006 816,1006 816,997 821,993 866,993 866,898 549,899 549,993 692,993"/>
        <Word id="w53700">
          <Coords points="597,898 891,898 891,1006 597,1006"/>
          <Glyph id="w53700g0">
            <Coords points="597,898 597,898 597,1006 597,1006"/>
            <TextEquiv index="1" conf="0.999995231628418">
              <Unicode>t</Unicode>
            </TextEquiv>
          </Glyph>
          <Glyph id="w53700g1">
            <Coords points="648,898 661,898 661,1006 648,1006"/>
            <TextEquiv index="1" conf="1.0">
              <Unicode>e</Unicode>
            </TextEquiv>
          </Glyph>
          <Glyph id="w53700g2">
            <Coords points="725,898 737,898 737,1006 725,1006"/>
            <TextEquiv index="1" conf="0.99958735704422">
              <Unicode>m</Unicode>
            </TextEquiv>
          </Glyph>
          <Glyph id="w53700g3">
            <Coords points="789,898 814,898 814,1006 789,1006"/>
            <TextEquiv index="1" conf="0.9999822080135345">
              <Unicode>p</Unicode>
            </TextEquiv>
          </Glyph>
          <Glyph id="w53700g4">
            <Coords points="853,898 853,898 853,1006 853,1006"/>
            <TextEquiv index="1" conf="0.999897837638855">
              <Unicode>s</Unicode>
            </TextEquiv>
          </Glyph>
          <Glyph id="w53700g5">
            <Coords points="891,898 891,898 891,1006 891,1006"/>
            <TextEquiv index="1" conf="0.8200785368680954">
              <Unicode>.</Unicode>
            </TextEquiv>
          </Glyph>
          <TextEquiv index="1" conf="0.8196378989766148">
            <Unicode>temps.</Unicode>
          </TextEquiv>
        </Word>
        <TextEquiv index="1" conf="0.9699235285321871">
          <Unicode>temps.</Unicode>
        </TextEquiv>
      </TextLine>
    </TextRegion>
  </Page>
</PcGts>
