5520 7640
1540 1637 2358 1876 Rdnairement
2442 1637 2505 1876 il
2589 1637 2735 1876 n’y
2840 1637 2840 1876 a
2945 1637 3113 1876 rien
3260 1637 3469 1876 plus
3553 1637 4119 1876 aggreable
4224 1637 4287 1876 en
4392 1637 4476 1876 un
4602 1637 4895 1876 Iardin

1458 1846 1529 1999 de
1572 1846 2014 1999 plaiſance,
2085 1846 2370 1999 qu’une
2456 1846 2741 1999 grande
2841 1846 3211 1999 diverſité,
3283 1846 3653 1999 d’herbes,
3725 1846 3782 1999 de
3853 1846 4110 1999 fleurs,
4195 1846 4195 1999 &
4266 1846 4323 1999 de
4380 1846 4780 1999 parterres,
4837 1846 4894 1999 ou

1472 1990 1529 2138 de
1586 1990 2073 2138 ſemblables
2144 1990 2516 2138 artifices.
2645 1990 2745 2138 Car
2831 1990 2988 2138 c’eſt
3045 1990 3260 2138 choſe
3331 1990 3646 2138 cognuë
3689 1990 3703 2138 à
3761 1990 3932 2138 tout
3975 1990 4032 2138 le
4176 1990 4462 2138 Monde,
4533 1990 4648 2138 que
4719 1990 4905 2138 chaſ-

1454 2132 1563 2277 cun
1631 2132 1984 2277 homme
2038 2132 2038 2277 à
2093 2132 2201 2277 ſon
2296 2132 2527 2277 plaiſir
2582 2132 3112 2277 particulier;
3193 2132 3465 2277 autant
3547 2132 3601 2277 de
3655 2132 3927 2277 teſtes,
4009 2132 4294 2277 autant
4375 2132 4430 2277 de
4498 2132 4905 2277 fantaſies;

1444 2267 1560 2414 l’un
1631 2267 1689 2414 ſe
1747 2267 1934 2414 plait
1991 2267 1991 2414 à
2063 2267 2279 2414 cecy,
2336 2267 2610 2414 l’autre
2667 2267 2682 2414 à
2768 2267 2970 2414 cela;
3013 2267 3142 2414 l’un
3214 2267 3603 2414 s’adonne
3675 2267 3675 2414 à
3746 2267 3790 2414 la
3876 2267 4178 2414 chaſſe,
4221 2267 4495 2414 l’autre
4567 2267 4567 2414 à
4638 2267 4912 2414 tracaſ-

1439 2408 1525 2554 ſer
1654 2408 2111 2554 Royaumes
2226 2408 2226 2554 &
2326 2408 2784 2554 Provinces;
2870 2408 3013 2554 l’un
3099 2408 3099 2554 à
3170 2408 3213 2554 la
3299 2408 3628 2554 guerre,
3714 2408 3971 2554 l’autre
4057 2408 4186 2554 aux
4300 2408 4658 2554 Eſtudes.
4858 2408 4915 2554 Et

1438 2549 1567 2692 non
1681 2549 2138 2692 ſeulement
2209 2549 2267 2692 le
2352 2549 2595 2692 plaiſir
2681 2549 2781 2692 eſt
2881 2549 3310 2692 different,
3424 2549 3610 2692 ſelon
3724 2549 3852 2692 que
3910 2549 4010 2692 les
4095 2549 4367 2692 choſes
4452 2549 4624 2692 ſont
4724 2549 4924 2692 diffe-

557 2682 861 2831 rentes,
941 2682 1100 2831 mais
1166 2682 1351 2831 auſſi
1417 2682 1470 2831 en
1590 2682 1801 2831 celles
1881 2682 1987 2831 qui
2053 2682 2225 2831 ſont
2331 2682 2530 2831 d’une
2636 2682 2900 2831 meſme
2967 2682 3311 2831 nature;
3404 2682 3496 2831 car
3563 2682 3841 2831 l’eſprit
3933 2682 3986 2831 de
4066 2682 4463 2831 l’homme
4542 2682 4556 2831 y
4635 2682 4913 2831 trouve

555 2825 963 2969 touſiours
1059 2825 1113 2969 de
1181 2825 1222 2969 ſi
1277 2825 1617 2969 grandes
1685 2825 2326 2969 diſſimilitudes,
2394 2825 2516 2969 que
2584 2825 2652 2969 de
2707 2825 2966 2969 toutes
3034 2825 3129 2969 les
3197 2825 3483 2969 parties
3592 2825 3606 2969 &
3674 2825 4274 2969 particularitez
4369 2825 4423 2969 de
4532 2825 4914 2969 chaſcune

556 2961 1035 3105 profeſſion,
1090 2961 1214 3105 l’un
1309 2961 1351 3105 ſe
1433 2961 1720 3105 delee
1775 2961 1940 3105 plus
1994 2961 2049 3105 en
2131 2961 2296 3105 celle
2378 2961 2501 3105 cy,
2611 2961 2611 3105 &
2652 2961 2926 3105 l’autre
2995 2961 3049 3105 en
3145 2961 3323 3105 celle
3378 2961 3460 3105 là.
3611 2961 4118 3105 Finalement
4186 2961 4447 3105 quand
4488 2961 4529 3105 il
4570 2961 4652 3105 ne
4707 2961 4913 3105 trou-

567 3100 621 3246 ve
688 3100 850 3246 plus
917 3100 971 3246 de
1051 3100 1482 3246 difference
1549 3100 1590 3246 en
1657 3100 1697 3246 la
1778 3100 1993 3246 choſe
2087 3100 2397 3246 meſme,
2451 3100 2491 3246 il
2545 3100 2598 3246 ſe
2652 3100 2868 3246 laſſe;
2975 3100 2975 3246 &
3042 3100 3688 3246 ſouventesfois,
3755 3100 3944 3246 pour
4024 3100 4226 3246 avoir
4293 3100 4347 3246 le
4428 3100 4912 3246 contement

584 3239 639 3383 de
681 3239 722 3383 la
847 3239 1194 3383 Varieté,
1236 3239 1263 3383 il
1319 3239 1374 3383 ſe
1458 3239 1749 3383 change
1874 3239 1888 3383 &
1971 3239 2276 3383 devient
2373 3239 2914 3383 diſſemblable
2984 3239 2984 3383 à
3053 3239 3178 3383 ſoy
3289 3239 3622 3383 meſme,
3705 3239 4274 3383 approuvant,
4343 3239 4413 3383 ou
4510 3239 4801 3383 priſant
4857 3239 4912 3383 ce

582 3381 755 3519 qu’il
808 3381 1021 3519 avoit
1088 3381 1394 3519 rejetté,
1461 3381 1528 3519 ou
1608 3381 1994 3519 rejettant
2074 3381 2433 3519 derechef
2500 3381 2553 3519 ce
2633 3381 2780 3519 qu’il
2846 3381 3046 3519 avoit
3100 3381 3512 3519 approuvé
3646 3381 3646 3519 &
3712 3381 3899 3519 priſé
3965 3381 4032 3519 au
4112 3381 4525 3519 paravant.
4711 3381 4818 3519 Car
4885 3381 4925 3519 il

556 3517 917 3658 ſemble,
1011 3517 1131 3658 que
1211 3517 1425 3658 grace
1492 3517 1572 3658 ne
1639 3517 1826 3658 peut
1919 3517 2173 3658 durer,
2240 3517 2401 3658 ſans
2454 3517 2962 3658 recreation;
3096 3517 3109 3658 &
3176 3517 3617 3658 recreation
3697 3517 3777 3658 ne
3844 3517 4031 3658 peut
4111 3517 4352 3658 eſtre,
4419 3517 4499 3658 s’il
4566 3517 4673 3658 n’y
4739 3517 4753 3658 a
4846 3517 4900 3658 du

572 3654 1192 3796 changement;
1274 3654 1591 3796 comme
1646 3654 1825 3796 auſſi
1866 3654 1921 3796 le
2018 3654 2142 3796 mot
2224 3654 2279 3796 de
2376 3654 2816 3796 Recreation
2885 3654 2940 3796 le
2995 3654 3284 3796 porte,
3339 3654 3436 3796 s’il
3504 3654 3546 3796 en
3642 3654 3807 3796 faut
3862 3654 4083 3796 juger
4151 3654 4262 3796 par
4344 3654 4386 3796 la
4454 3654 4909 3796 proprieté.

609 3792 676 3934 De
770 3792 1093 3934 maniere
1160 3792 1295 3934 que
1348 3792 1375 3934 ſi
1429 3792 1644 3934 touts
1698 3792 1833 3934 nos
1886 3792 2357 3934 preceptes,
2438 3792 2559 3934 que
2613 3792 2801 3934 nous
2868 3792 3110 3934 avons
3151 3792 3420 3934 baillez
3473 3792 3756 3934 juſqu’à
3837 3792 4186 3934 preſent,
4254 3792 4697 3934 neſtoyent
4778 3792 4913 3934 que

554 3928 788 4072 roſes,
829 3928 870 4072 ſi
912 3928 994 4072 ne
1063 3928 1420 4072 faudroit
1475 3928 1503 4072 il
1558 3928 1681 4072 par
1736 3928 1984 4072 laiſſer
2039 3928 2465 4072 pourtant,
2534 3928 2602 4072 de
2644 3928 2740 4072 les
2795 3928 3180 4072 parſemer
3276 3928 3317 4072 çà
3427 3928 3441 4072 &
3496 3928 3523 4072 là
3619 3928 3674 4072 de
3743 3928 4087 4072 quelque
4155 3928 4362 4072 autre
4430 3928 4705 4072 bonne
4760 3928 4925 4072 her-

551 4067 632 4214 be
699 4067 1145 4214 odorante,
1199 4067 1266 4214 ou
1361 4067 1415 4214 de
1469 4067 1698 4214 fleurs
1766 4067 1833 4214 de
1901 4067 2022 4214 lis,
2090 4067 2157 4214 ou
2279 4067 2684 4214 d’oeillets,
2765 4067 2819 4214 ou
2940 4067 2994 4214 de
3075 4067 3467 4214 violettes.
3683 4067 3737 4214 Or
3818 4067 3980 4214 c’eſt
4047 4067 4115 4214 ce
4196 4067 4317 4214 que
4398 4067 4587 4214 nous
4654 4067 4911 4214 ferons

551 4206 1187 4356 preſentement
1267 4206 1320 4356 en
1439 4206 1492 4356 ce
1598 4206 1916 4356 Tableau
2142 4206 2367 4356 v111,
2447 4206 2500 4356 au
2593 4206 2871 4356 regard
2951 4206 3070 4356 des
3136 4206 3693 4356 eſtramaçons
3812 4206 3812 4356 &
3879 4206 4144 4356 autres
4223 4206 4462 4356 coups
4555 4206 4608 4356 de
4674 4206 4926 4356 taille;

587 4326 927 4492 deſquels
997 4326 1209 4492 nous
1266 4326 1506 4492 avons
1562 4326 2029 4492 repreſenté
2142 4326 2156 4492 &
2241 4326 2523 4492 declaré
2594 4326 2650 4492 en
2763 4326 2933 4492 deux
3046 4326 3300 4492 Tables
3371 4326 3964 4492 precedentes,
4219 4326 4219 4492 V
4360 4326 4360 4492 &
4572 4326 4685 4492 vIl
4756 4326 4911 4492 plu-

557 4480 787 4630 ſieurs
854 4480 1098 4630 ſortes
1179 4480 1706 4630 d’exemples,
1787 4480 2219 4630 pratiquez
2287 4480 2395 4630 par
2517 4480 2949 4630 Alexandre
3030 4480 3084 4630 en
3152 4480 3192 4630 la
3273 4480 3665 4630 premiere
3746 4480 4111 4630 d’icelles,
4192 4480 4233 4630 en
4328 4480 4557 4630 allant
4625 4480 4638 4630 à
4747 4480 4895 4630 main

580 4617 876 4777 gauche
930 4617 1050 4777 par
1144 4617 1359 4777 deça;
1480 4617 1480 4777 &
1547 4617 1588 4777 en
1668 4617 1708 4777 la
1816 4617 2205 4777 derniere,
2272 4617 2326 4777 en
2393 4617 2635 4777 allant
2689 4617 2742 4777 au
2850 4617 3239 4777 contraire
3306 4617 3320 4777 à
3427 4617 3575 4777 main
3682 4617 3924 4777 droite
3977 4617 4098 4777 par
4165 4617 4300 4777 delà
4340 4617 4394 4777 le
4501 4617 4917 4777 Diametre:

581 4755 759 4912 dont
827 4755 869 4912 la
924 4755 1088 4912 plus
1143 4755 1308 4912 part
1376 4755 1376 4912 a
1486 4755 1623 4912 eſté
1692 4755 1815 4912 tiré
1884 4755 1898 4912 à
1966 4755 2007 4912 la
2090 4755 2268 4912 teſte
2364 4755 2419 4912 de
2487 4755 3050 4912 l’adverſaire;
3160 4755 3160 4912 &
3269 4755 3763 4912 maintenant
3846 4755 4038 4912 pour
4134 4755 4490 4912 embellir
4559 4755 4929 4912 l’œuvre,

556 4892 766 5046 nous
864 4892 1242 5046 mettrons
1298 4892 1424 5046 icy
1494 4892 1578 5046 les
1648 4892 1929 5046 coups,
2013 4892 2167 5046 qu’il
2223 4892 2349 5046 luy
2419 4892 2615 5046 peut
2671 4892 2839 5046 tirer
2909 4892 3022 5046 ſur
3064 4892 3106 5046 le
3176 4892 3344 5046 bras
3428 4892 3652 5046 droit,
3694 4892 3834 5046 ſoit
3932 4892 4086 5046 qu’il
4184 4892 4479 5046 marche
4549 4892 4661 5046 par
4759 4892 4913 5046 deçà

558 5032 601 5186 le
729 5032 1115 5186 Diametre
1173 5032 1173 5186 à
1273 5032 1430 5186 main
1516 5032 1859 5186 gauche,
1930 5032 2245 5186 comme
2316 5032 2345 5186 il
2416 5032 2502 5186 eſt
2573 5032 3031 5186 repreſenté
3116 5032 3374 5186 depuis
3431 5032 3488 5186 le
3617 5032 3860 5186 Cercle
3988 5032 4031 5186 N.
4088 5032 4117 5186 1.
4188 5032 4532 5186 juſqu’au
4689 5032 4917 5186 Cercle

563 5171 591 5330 11
705 5171 762 5330 ou
861 5171 1018 5330 qu’il
1117 5171 1402 5330 marche
1473 5171 1487 5330 à
1601 5171 1757 5330 main
1871 5171 2156 5330 droite,
2227 5171 2540 5330 comme
2611 5171 2654 5330 il
2710 5171 2838 5330 fait
2938 5171 2995 5330 de
3052 5171 3095 5330 là
3180 5171 3223 5330 en
3322 5171 3550 5330 avant
3592 5171 3877 5330 juſquà
3934 5171 3976 5330 la
4048 5171 4119 5330 fin
4218 5171 4261 5330 du
4389 5171 4759 5330 Tableau.

1113 1249 2539 1411 DECLARATION
2763 1249 3027 1411 DES
3272 1249 4473 1411 OPERATIONS

1772 1448 1889 1535 DV
2065 1448 2693 1535 TABLEAV
2868 1448 3862 1535 DIXHVITIEME.

4802 6668 4932 6757 Cer-

1261 5444 1573 5612 Cercle
1841 5444 2041 5612 N.3.

594 5637 771 5786 Ayants
806 5637 959 5786 touts
1006 5637 1124 5786 deux
1171 5637 1265 5786 eſté
1312 5637 1524 5786 plantez
1571 5637 1606 5786 en
1677 5637 1924 5786 Premiere
1971 5637 2218 5786 Inſtance,
2265 5637 2371 5786 avec
2418 5637 2477 5786 les
2512 5637 2677 5786 eſpees

673 5784 706 5906 en
792 5784 944 5906 droite
998 5784 1204 5906 ligne,
1301 5784 1604 5906 Alexandre
1669 5784 1864 5906 marthe
1928 5784 1939 5906 à
2004 5784 2037 5906 la
2123 5784 2329 5906 Seconde
2383 5784 2426 5906 au
2491 5784 2599 5906 deça
2653 5784 2686 5906 le

710 5916 999 6039 Diametre,
1037 5916 1049 6039 y
1087 5916 1489 6039 aſſujettiſſant
1527 5916 1703 6039 l’eſpee
1753 5916 2105 6039 contraire.

1036 6052 1183 6184 Pres
1269 6052 1478 6184 qu’ils
1552 6052 1663 6184 ont
1736 6052 1958 6184 touts
2044 6052 2228 6184 deux
2302 6052 2437 6184 eſté
2499 6052 2695 6184 plan-

1011 6181 1137 6294 tez
1187 6181 1288 6294 ſur
1338 6181 1389 6294 le
1489 6181 1754 6294 Cercle,
1804 6181 2107 6294 chaſcun
2195 6181 2233 6294 en
2308 6181 2409 6294 ſon
2535 6181 2686 6294 Qua-

1033 6303 1368 6437 drangle,
1418 6303 1592 6437 avec
1642 6303 1741 6437 les
1804 6303 2052 6437 eſpees
2139 6303 2189 6437 en
2276 6303 2512 6437 droite
2562 6303 2687 6437 lig-

1007 6428 1141 6550 ne,
1227 6428 1398 6550 celle
1484 6428 2133 6550 d’ALEXANDRE
2194 6428 2549 6550 parallele
2610 6428 2671 6550 au

574 6554 880 6687 deſſous
956 6554 1032 6687 de
1096 6554 1134 6687 la
1210 6554 1655 6687 contraire;
1719 6554 1757 6687 il
1820 6554 2176 6687 pourſuit
2227 6554 2240 6687 à
2303 6554 2697 6687 travailler

566 6680 619 6821 en
724 6680 1051 6821 eſlevant
1117 6680 1169 6821 le
1261 6680 1445 6821 pied
1524 6680 1799 6821 droit,
1956 6680 1956 6821 &
2035 6680 2520 6821 accouplant
2586 6680 2678 6821 les

2821 5426 3065 5552 lames
3150 5426 3332 5552 avec
3405 5426 3454 5552 le
3551 5426 3782 5552 foible
3892 5426 3953 5552 de
4026 5426 4062 5552 la
4172 5426 4415 5552 ſienne
4500 5426 4512 5552 à
4585 5426 4743 5552 plus
4853 5426 4914 5552 de

2877 5550 3241 5659 Nombres
3321 5550 3378 5659 de
3447 5550 3481 5659 la
3572 5550 3994 5659 contraire,
4096 5550 4142 5659 en
4233 5550 4609 5659 marchant
4666 5550 4917 5659 conſe-

2835 5674 3308 5800 quemment
3356 5674 3538 5800 avec
3574 5674 3635 5800 le
3683 5674 3853 5800 pied
3925 5674 4107 5800 droit
4155 5674 4204 5800 au
4289 5674 4446 5800 deçà
4507 5674 4555 5800 le
4652 5674 4919 5800 Diame-

2830 5792 2932 5911 tre
2996 5792 2996 5911 à
3059 5792 3110 5911 la
3199 5792 3543 5911 Seconde
3632 5792 3976 5911 Inſtance
4039 5792 4268 5911 lettre
4396 5792 4446 5911 G,
4561 5792 4561 5911 &
4625 5792 4676 5911 le
4739 5792 4917 5911 pied

2839 5922 3127 6050 gauche
3187 5922 3691 6050 pourſuivant
3763 5922 3943 6050 pour
4003 5922 4196 6050 venir
4244 5922 4352 6050 ſur
4400 5922 4448 6050 le
4544 5922 4916 6050 Diametre

2847 6042 3098 6173 oblicq
3161 6042 3349 6173 entre
3399 6042 3499 6173 les
3587 6042 3776 6173 deux
3826 6042 4089 6173 points
4177 6042 4177 6173 F
4303 6042 4303 6173 &
4416 6042 4491 6173 D,
4541 6042 4930 6173 ſujettant

2842 6168 2889 6296 en
2971 6168 3029 6296 ce
3112 6168 3369 6296 meſme
3416 6168 3674 6296 temps
3733 6168 4003 6296 l’eſpee
4073 6168 4495 6296 contraire,
4554 6168 4741 6296 ſelon
4823 6168 4917 6296 les

2845 6289 3399 6421 obſervations
3460 6289 3571 6421 qui
3632 6289 3681 6421 en
3755 6289 3866 6421 ont
3927 6289 4063 6421 eſté
4149 6289 4518 6421 deſcrites
4591 6289 4640 6421 en
4739 6289 4923 6421 d’au-

2837 6432 2982 6522 tres
3067 6432 3478 6522 Tableaux.
