5520 7640
3438 5531 3735 5665 Origine
3829 5531 3883 5665 de
3950 5531 4004 5665 la
4085 5531 4449 5665 preſente
4544 5531 4840 5665 depend
4908 5531 5056 5665 auſſi

3370 5666 3885 5784 pareillemẽt
3960 5666 4023 5784 de
4085 5666 4148 5784 ce
4236 5666 4499 5784 meſme
4600 5666 4825 5784 Cercle
4938 5666 4963 5784 N.
5014 5666 5051 5784 2.

3377 5791 3435 5890 où
3595 5791 4249 5890 ALEXANDRE
4363 5791 4650 5890 marche
4741 5791 4913 5890 avec
5005 5791 5051 5890 le

3372 5920 3551 6038 pied
3653 5920 3844 6038 droit
3946 5920 4010 6038 de
4099 5920 4137 6038 la
4252 5920 4609 6038 Seconde
4724 5920 5043 6038 Inſtance

2916 6046 3067 6177 vers
3117 6046 3155 6177 la
3243 6046 3734 6177 Troiſieſme,
3784 6046 3985 6177 pour
4048 6046 4086 6177 en
4174 6046 4564 6177 graduant
4602 6046 4702 6177 les
4753 6046 4966 6177 lames
5029 6046 5042 6177 y

2917 6171 3305 6296 executer
3377 6171 3474 6296 ſon
3583 6171 4007 6296 eſtocade,
4104 6171 4261 6296 mais
4322 6171 4334 6296 à
4406 6171 4733 6296 l’inſtant
4818 6171 4939 6296 que
4988 6171 5036 6296 le

2904 6299 3081 6423 pied
3128 6299 3246 6423 luy
3317 6299 3802 6423 commence
3861 6299 3861 6423 à
3920 6299 4417 6423 tresbucher
4464 6299 4653 6423 avec
4700 6299 4748 6423 le
4819 6299 5043 6423 corps;

2958 6419 3418 6550 ZACHARIE
3468 6419 3518 6550 la
3605 6419 4103 6550 deſtourne,
4215 6419 4252 6550 en
4364 6419 4576 6550 uſant
4675 6419 4738 6550 de
4825 6419 5036 6550 grand

2932 6548 3139 6687 Poids
3200 6548 3383 6687 pour
3444 6548 3943 6687 tranſporter
3992 6548 4028 6687 la
4089 6548 4284 6687 lame
4357 6548 4735 6687 contraire
4796 6548 4942 6687 vers
4991 6548 5028 6687 ſa

2932 6683 3079 6802 main
3165 6683 3461 6802 gauche
3584 6683 3584 6802 &
3645 6683 3805 6802 vers
3842 6683 3904 6802 le
3953 6683 4174 6802 haut.
4298 6683 4347 6802 En
4445 6683 4494 6802 ce
4581 6683 4839 6802 meſme
4888 6683 5036 6802 tẽps

2937 6796 3487 6941 ALEXANDRE
3550 6796 3587 6941 la
3662 6796 4063 6941 deſtache,
4125 6796 4175 6941 en
4263 6796 4738 6941 conduiſant
4788 6796 4826 6941 la
4876 6796 5051 6941 ſien-

2903 6926 2992 7066 ne
3043 6926 3704 7066 circulairement
3767 6926 3831 7066 de
3894 6926 4022 7066 bas
4085 6926 4136 7066 en
4199 6926 4428 7066 haut,
4492 6926 4555 7066 de
4606 6926 4810 7066 façon
4899 6926 5038 7066 qu’il

4925 7067 5039 7178 luy

3647 5263 3975 5473 Cercle
4185 5263 4442 5473 N.

1357 5099 1665 5291 Cercle
1908 5099 2150 5291 N.3.

668 5311 957 5475 Alexandre
1026 5311 1292 5475 marchant
1338 5311 1442 5475 vers
1488 5311 1523 5475 la
1580 5311 1869 5475 Troiſieſme
1927 5311 2146 5475 Inſtance
2204 5311 2319 5475 avec
2365 5311 2389 5475 le
2435 5311 2550 5475 pied
2619 5311 2769 5475 droit,

751 5442 826 5602 qui
869 5442 943 5602 luy
986 5442 1263 5602 commence
1316 5442 1316 5602 à
1369 5442 1678 5602 tresbucher
1763 5442 1945 5602 durant
1987 5442 2030 5602 la
2083 5442 2413 5602 graduation
2477 5442 2541 5602 des
2573 5442 2765 5602 lames;

784 5569 1032 5731 Zacharie
1103 5569 1162 5731 les
1210 5569 1517 5731 tranſporte
1576 5569 1611 5731 en
1694 5569 1942 5731 dedans,
2001 5569 2202 5731 faiſant
2250 5569 2297 5731 un
2391 5569 2557 5731 grand
2604 5569 2758 5731 effort

758 5692 864 5856 avec
911 5692 946 5856 la
981 5692 1181 5856 ſienne;
1239 5692 1333 5856 dont
1439 5692 1732 5856 Alexandre
1768 5692 1803 5856 la
1862 5692 1991 5856 laiſſe
2038 5692 2261 5856 enfuir,
2308 5692 2425 5856 pour
2460 5692 2683 5856 planter
2730 5692 2754 5856 le

748 5817 865 5980 pied
924 5817 1041 5980 droit
1088 5817 1253 5980 eſlevé
1288 5817 1382 5980 bien
1429 5817 1546 5980 pres
1593 5817 1628 5980 de
1675 5817 1699 5980 la
1769 5817 1922 5980 lettre
2015 5817 2062 5980 N,
2121 5817 2156 5980 en
2227 5817 2591 5980 pourſuivant
2649 5817 2755 5980 tout

741 5941 953 6111 ſoudain
1020 5941 1031 6111 à
1098 5941 1266 6111 porter
1333 5941 1367 6111 le
1422 5941 1534 6111 pied
1601 5941 1791 6111 gauche
1847 5941 2294 6111 circulairement
2361 5941 2395 6111 un
2451 5941 2518 6111 bon
2574 5941 2663 6111 pas
2719 5941 2753 6111 en

752 6066 911 6234 avant
980 6066 1059 6234 par
1116 6066 1218 6234 deçà
1264 6066 1298 6234 le
1355 6066 1548 6234 Cercle,
1593 6066 1707 6234 ainſi
1741 6066 1775 6234 il
1809 6066 1877 6234 luy
1923 6066 2014 6234 tire
2071 6066 2116 6234 un
2184 6066 2298 6234 coup
2378 6066 2412 6234 de
2457 6066 2639 6234 revers
2707 6066 2741 6234 au

765 6199 935 6297 debors
989 6199 1021 6297 du
1074 6199 1212 6297 bras.

1110 6360 1248 6509 Eſte
1336 6360 1737 6509 operation
1824 6360 2075 6509 prend
2138 6360 2238 6509 ſon
2338 6360 2626 6509 origine
2676 6360 2739 6509 au

1128 6486 1372 6623 Cercle
1475 6486 1577 6623 N.1.
1680 6486 2129 6623 Cependant
2206 6486 2758 6623 qu’ALEXAN-

1100 6607 1244 6761 DRE
1340 6607 1627 6761 marche
1687 6607 1854 6761 avec
1914 6607 1974 6761 le
2046 6607 2214 6761 pied
2309 6607 2489 6761 droit
2573 6607 2633 6761 de
2704 6607 2740 6761 la

1104 6725 1465 6877 Seconde
1540 6725 1901 6877 Inſtance
1963 6725 2113 6877 vers
2162 6725 2200 6877 la
2312 6725 2760 6877 Troiſieme,

695 6834 695 6999 &
768 6834 927 6999 qu’il
988 6834 1440 6999 commence
1514 6834 1514 6999 à
1587 6834 2076 6999 tresbucher
2137 6834 2528 6999 enſemble
2589 6834 2760 6999 avec

3682 3283 4007 3455 Cercle
4224 3283 4506 3455 N.4.

3420 3515 3468 3644 Es
3540 3515 3840 3644 parties
3888 3515 4176 3644 ayants
4236 3515 4909 3644 preallablement
4957 3515 5077 3644 rei-

3387 3651 3548 3772 teré
3598 3651 4068 3772 l’operation
4167 3651 4562 3772 duCercle
4612 3651 5057 3772 precedent,

3377 3778 3676 3900 juſqu’à
3751 3778 3801 3900 ce
3901 3778 4624 3900 qu’ALEXANDRE
4699 3778 4823 3900 ſoit
4886 3778 5048 3900 venu

3384 3904 3396 4028 à
3469 3904 3724 4028 entrer
3797 3904 3845 4028 du
3918 3904 4100 4028 pied
4173 3904 4524 4028 gauche,
4597 3904 4646 4028 en
4755 3904 5058 4028 donnant

2910 4034 2968 4153 le
3026 4034 3213 4153 coup
3295 4034 3353 4153 de
3411 4034 3679 4153 revers
3738 4034 3796 4153 au
3877 4034 4052 4153 bras
4122 4034 4181 4153 de
4251 4034 4833 4153 l’Adverſaire;
4892 4034 4938 4153 en
5008 4034 5055 4153 ce

2913 4161 3228 4282 preſent
3349 4161 3603 4282 Cercle
3663 4161 3699 4282 il
3772 4161 3990 4282 entre
4062 4161 4232 4282 plus
4304 4161 4534 4282 avant
4631 4161 4897 4282 dedans
4994 4161 5042 4282 en

2912 4289 3222 4410 ſautant
3287 4289 3339 4410 en
3429 4289 3597 4410 deçà
3649 4289 3701 4410 le
3804 4289 4050 4410 Cercle
4140 4289 4192 4410 du
4282 4289 4463 4410 pied
4541 4289 4825 4410 gauche
4903 4289 4980 4410 vis
5045 4289 5058 4410 à

2922 4416 3011 4538 vis
3063 4416 3101 4538 la
3165 4416 3395 4538 lettre
3535 4416 3599 4538 V,
3650 4416 3944 4538 laiſſant
4007 4416 4467 4538 cependant
4531 4416 4684 4538 aller
4735 4416 4991 4538 l’eſpee
5042 4416 5055 4538 à

2906 4544 3120 4664 l’aide
3195 4544 3245 4664 du
3333 4544 3584 4664 coude
3647 4544 3760 4664 par
3835 4544 4073 4664 deſſus
4123 4544 4161 4664 ſa
4224 4544 4475 4664 teſte,
4600 4544 4613 4664 &
4676 4544 4952 4664 voltant
5002 4544 5052 4664 le

2905 4670 3088 4792 pied
3149 4670 3344 4792 droit
3393 4670 3466 4792 un
3539 4670 3661 4792 pas
3735 4670 3893 4792 plus
3967 4670 4199 4792 avant
4284 4670 4614 4792 derriere
4675 4670 4736 4792 le
4821 4670 4919 4792 dos
5004 4670 5053 4792 de

2902 4800 3471 4921 l’Adverſaire,
3518 4800 3648 4921 luy
3720 4800 4075 4921 donnant
4134 4800 4194 4921 un
4289 4800 4478 4921 coup
4573 4800 4632 4921 de
4680 4800 4929 4921 revers
4988 4800 5035 4921 au

2919 4926 3212 5051 dehors
3286 4926 3335 5051 du
3433 4926 3604 5051 bras
3677 4926 3726 5051 en
3812 4926 3861 5051 la
3934 4926 4191 5051 partie
4264 4926 4790 5051 ſuperieure;
4876 4926 5035 5051 ſelon

2918 5059 3126 5176 qu’on
3199 5059 3248 5176 le
3309 5059 3455 5176 voit
3516 5059 4017 5176 repreſenté.

1380 308 1676 517 Cercle
1903 308 2199 517 N.2.

693 547 991 700 Alexandre
1046 547 1400 700 pourſuivant
1444 547 1477 700 la
1543 547 1963 700 precedente,
2030 547 2273 700 s’avance
2328 547 2438 700 plus
2482 547 2626 700 outre
2681 547 2692 700 à
2736 547 2770 700 la

798 669 1060 820 Troiſieme
1128 669 1356 820 Inſtance
1413 669 1459 820 au
1538 669 1652 820 deça
1709 669 1743 820 le
1834 669 2210 820 Diametre,
2267 669 2301 820 en
2381 669 2654 820 graduant
2711 669 2779 820 les

774 800 978 956 lames,
1182 800 1375 956 menant
1432 800 1466 956 la
1522 800 1692 956 pointe
1772 800 1806 956 de
1851 800 1885 956 la
1930 800 2089 956 ſienne
2134 800 2304 956 aubas
2372 800 2406 956 du
2463 800 2531 956 col
2576 800 2610 956 de
2644 800 2769 956 l’ad-

785 952 1095 1064 verſaire.

1142 1081 1228 1219 Vis
1313 1081 1448 1219 que
1558 1081 2012 1219 ZACHARIE
2097 1081 2514 1219 demeure;
2600 1081 2759 1219 ALE-

1120 1216 1457 1349 XANDRE
1527 1216 1876 1349 pourſuit
1946 1216 1981 1349 la
2039 1216 2539 1349 precedente
2597 1216 2772 1349 ope-

1094 1335 1373 1475 ration,
1431 1335 1886 1475 s’avançant
1967 1335 2037 1475 de
2095 1335 2142 1475 la
2235 1335 2584 1475 Seconde
2654 1335 2771 1475 In-

1101 1460 1367 1592 ſtance
1427 1460 1488 1592 au
1597 1460 1754 1592 deçà
1827 1460 1887 1592 le
2020 1460 2383 1592 Diametre
2455 1460 2637 1592 avec
2709 1460 2758 1592 le

651 1579 829 1730 pied
905 1579 1084 1730 droit
1135 1579 1147 1730 à
1198 1579 1236 1730 la
1313 1579 1733 1730 troiſieſme
1784 1579 2013 1730 lettre
2140 1579 2178 1730 N,
2229 1579 2547 1730 coulant
2598 1579 2776 1730 auſſi

655 1713 1130 1856 egallement
1179 1713 1227 1856 le
1300 1713 1447 1856 fort
1508 1713 1569 1856 de
1642 1713 1678 1856 ſa
1727 1713 1922 1856 lame
1983 1713 1983 1856 à
2068 1713 2300 1856 moins
2373 1713 2434 1856 de
2568 1713 2763 1856 Nom-

655 1843 812 1977 bres
878 1843 943 1977 de
996 1843 1271 1977 l’efpee
1323 1843 1769 1977 aſſujettie,
1834 1843 1887 1977 le
1939 1843 2109 1977 pied
2188 1843 2476 1977 gauche
2542 1843 2765 1977 pour-

638 1970 947 2091 ſuivant
1009 1970 1021 2091 à
1108 1970 1305 2091 venir
1367 1970 1466 2091 ſur
1528 1970 1577 2091 le
1701 1970 1960 2091 Quarré
2047 1970 2492 2091 circonſcrit
2541 1970 2776 2091 lettre

744 2094 744 2226 ,
803 2094 851 2226 en
935 2094 994 2226 ce
1078 2094 1329 2226 meſme
1389 2094 1639 2226 temps
1699 2094 1723 2226 il
1795 2094 2069 2226 gradue
2117 2094 2296 2226 avec
2356 2094 2404 2226 le
2475 2094 2642 2226 bras
2726 2094 2774 2226 e-

637 2223 901 2348 ſtendu
961 2223 1418 2348 lentement
1466 2223 1730 2348 l’eſpee
1790 2223 2211 2348 contraire,
2247 2223 2367 2348 luy
2451 2223 2763 2348 mettant

633 2338 681 2487 la
742 2338 1008 2487 pointe
1081 2338 1141 2487 de
1190 2338 1238 2487 la
1286 2338 1540 2487 ſienne
1601 2338 1661 2487 un
1746 2338 1867 2487 peu
1952 2338 2278 2487 abaiſſée
2351 2338 2520 2487 tout
2605 2338 2762 2487 con-

653 2467 755 2607 tre
805 2467 856 2607 le
919 2467 1109 2607 coſté
1172 2467 1349 2607 droit
1425 2467 1475 2607 du
1564 2467 1703 2607 col;
1754 2467 1918 2607 ainſi
1981 2467 2184 2607 qu’on
2259 2467 2399 2607 voit
2474 2467 2512 2607 en
2588 2467 2626 2607 la
2702 2467 2765 2607 fi-

667 2644 869 2733 gure.

820 2724 870 2852 Or
920 2724 1159 2852 notez
1221 2724 1384 2852 qu’il
1434 2724 1585 2852 faut
1635 2724 2049 2852 pratiquer
2112 2724 2300 2852 ceſte
2363 2724 2764 2852 operation

633 2853 820 2970 avec
879 2853 1207 2970 retenue
1288 2853 1335 2970 du
1429 2853 1593 2970 bras
1675 2853 2038 2970 eſtendu,
2073 2853 2646 2970 pareillement
2716 2853 2763 2970 le

651 2979 871 3104 corps
956 2979 1151 3104 droit
1298 2979 1298 3104 &
1371 2979 1469 3104 les
1554 2979 1921 3104 genouils
1982 2979 2312 3104 roides,
2409 2979 2458 3104 en
2544 2979 2776 3104 abaiſ-

639 3106 785 3227 ſant
858 3106 930 3227 un
1015 3106 1137 3227 peu
1210 3106 1258 3227 la
1319 3106 1598 3227 pointe
1659 3106 1816 3227 vers
1877 3106 2351 3227 l’Ennemy;
2423 3106 2545 3227 afin
2642 3106 2775 3227 que

636 3229 723 3350 s’il
785 3229 983 3350 nous
1057 3229 1354 3350 vouloit
1428 3229 1924 3350 tranſporter
1985 3229 2307 3350 l’eſpee,
2394 3229 2555 3350 qu’il
2641 3229 2765 3350 ſoit

646 3358 1029 3480 contraint
1118 3358 1208 3480 d’y
1272 3358 1693 3480 appliquer
1769 3358 2050 3480 grande
2114 3358 2382 3480 force,
2446 3358 2765 3480 dequoy

636 3484 885 3600 quand
980 3484 1622 3600 ALEXANDRE
1681 3484 2359 3600 l’abandonnera,
2418 3484 2537 3600 elle
2596 3484 2763 3600 s’en-

622 3609 803 3732 fuira
867 3609 1022 3732 tant
1074 3609 1229 3732 plus
1281 3609 1500 3732 loing
1565 3609 1603 3732 en
1668 3609 1849 3732 haut
1978 3609 1978 3732 &
2042 3609 2055 3732 à
2146 3609 2378 3732 coſté.
2507 3609 2572 3732 Ce
2662 3609 2778 3732 qui

617 3734 728 3857 luy
802 3734 1135 3857 donnera
1197 3734 1357 3857 plus
1444 3734 1506 3857 de
1592 3734 2085 3857 commodité
2184 3734 2246 3857 de
2307 3734 2431 3857 luy
2505 3734 2776 3857 porter

615 3859 711 3978 les
758 3859 1104 3978 ſuivants
1176 3859 1403 3978 coups
1474 3859 2095 3978 d’eſtramaçons
2143 3859 2250 3978 ſur
2298 3859 2346 3978 le
2405 3859 2608 3978 bras.

843 3984 979 4108 Mais
1029 3984 1277 4108 notez
1327 3984 1526 4108 auſſi,
1575 3984 1774 4108 pour
1861 3984 2321 4108 ALExandre
2370 3984 2544 4108 puis
2606 3984 2780 4108 qu’il

645 4106 645 4230 y
730 4106 851 4230 fait
924 4106 960 4230 la
1069 4106 1518 4230 graduation
1639 4106 1748 4230 des
1821 4106 2075 4230 lames
2160 4106 2341 4230 avec
2426 4106 2596 4230 plus
2705 4106 2766 4230 de

647 4230 914 4363 Poids,
977 4230 1104 4363 quà
1180 4230 1675 4363 l’ordinaire,
1752 4230 1904 4363 qu’il
1955 4230 2247 4363 prenne
2310 4230 2462 4363 bien
2551 4230 2767 4363 garde

624 4357 684 4480 au
792 4357 1261 4480 Sentiment,
1297 4357 1417 4480 afin
1501 4357 1633 4480 que
1681 4357 2174 4480 l’adverſaire
2222 4357 2306 4480 ne
2354 4357 2402 4480 le
2462 4357 2763 4480 touche

642 4483 692 4614 en
780 4483 1056 4614 dehors
1106 4483 1219 4614 par
1294 4483 1520 4614 deſſus
1570 4483 1620 4614 le
1683 4483 1871 4614 bras.

2924 269 2974 420 le
3050 269 3325 420 corps,
3413 269 3614 420 pour
3714 269 3977 420 mettre
4052 269 4052 420 à
4140 269 4378 420 effe
4441 269 4892 420 l’operation
4993 269 5043 420 du

2961 403 3214 541 Cercle
3311 403 3601 541 dernier
3685 403 4216 541 precedent;
4301 403 4361 541 au
4494 403 4747 541 meſme
4820 403 5061 541 temps

2975 527 3419 661 ZACHARIE
3505 527 3961 661 tranſporte
4035 527 4133 661 les
4232 527 4490 661 eſpees
4576 527 4761 661 avec
4847 527 5057 661 grand

2950 658 3164 793 Poids
3252 658 3265 793 à
3366 658 3505 793 main
3605 658 3958 793 gauche.
4148 658 4702 793 ALEXANDRE
4791 658 5068 793 laiſſant

2936 784 3366 924 eſchapper
3404 784 3454 924 la
3517 784 3972 924 contraire,
4035 784 4149 924 qui
4199 784 4527 924 s’enfuit
4578 784 4628 924 au
4704 784 4906 924 loing
4957 784 5058 924 par

2918 910 2954 1022 la
3027 910 3382 1022 violence
3455 910 3516 1022 du
3614 910 3858 1022 Poids,
3919 910 4249 1022 conduit
4298 910 4334 1022 la
4395 910 4652 1022 fienne
4737 910 5055 1022 circulai-

2917 1030 3232 1167 rement
3295 1030 3358 1167 de
3421 1030 3534 1167 bas
3597 1030 3647 1167 en
3722 1030 3899 1167 haut
3961 1030 4075 1167 par
4150 1030 4389 1167 deſſus
4439 1030 4490 1167 ſa
4553 1030 4741 1167 teſte
4792 1030 4804 1167 à
4867 1030 5056 1167 l’aide

2931 1168 2982 1305 du
3059 1168 3433 1305 poignet,
3497 1168 3561 1305 de
3613 1168 3819 1305 façon
3909 1168 4102 1305 qu’en
4179 1168 4539 1305 plantant
4591 1168 4642 1305 le
4694 1168 4861 1305 pied
4912 1168 5054 1305 eſle-

2920 1297 2979 1417 vé
3027 1297 3134 1417 ſur
3206 1297 3241 1417 la
3313 1297 3551 1417 lettre
3670 1297 3730 1417 N,
3789 1297 3837 1417 il
3908 1297 3968 1417 en
4051 1297 4194 1417 tire
4265 1297 4337 1417 un
4432 1297 4622 1417 coup
4706 1297 4765 1417 de
4813 1297 5051 1417 revers

2917 1422 3185 1555 (aſſiſté
3252 1422 3306 1555 de
3346 1422 3400 1555 la
3453 1422 3868 1555 pourſuite
3949 1422 4002 1555 du
4069 1422 4243 1555 pied
4310 1422 4658 1555 gauche,
4725 1422 4873 1555 quil
4926 1422 5073 1555 por-

2908 1553 2968 1676 te
3027 1553 3194 1676 tout
3242 1553 3552 1676 ſoudain
3695 1553 3707 1676 &
3767 1553 4435 1676 circulairement
4482 1553 4554 1676 un
4637 1553 4757 1676 bon
4828 1553 4936 1676 pas
4995 1553 5043 1676 en

2907 1677 3136 1809 avant
3187 1677 3301 1809 par
3377 1677 3543 1809 deçà
3594 1677 3657 1809 le
3772 1677 4077 1809 Cercle)
4140 1677 4204 1809 au
4306 1677 4585 1809 dehors
4674 1677 4738 1809 de
4814 1677 5068 1809 l’avant

2908 1805 3082 1935 bras
3156 1805 3206 1935 du
3330 1805 3777 1935 Contraire;
3864 1805 4175 1935 comme
4225 1805 4274 1935 la
4337 1805 4585 1935 figure
4672 1805 5008 1935 monſtre.

3070 1934 3322 2068 Soyez
3406 1934 3778 2068 derechef
3826 1934 4138 2068 adverti
4210 1934 4258 2068 en
4330 1934 4606 2068 toutes
4678 1934 5062 2068 occurren-

2930 2064 3065 2193 ces,
3126 2064 3188 2193 ou
3261 2064 3286 2193 il
3360 2064 3409 2193 ſe
3483 2064 3937 2193 preſentera
4023 2064 4023 2193 à
4110 2064 4282 2193 tirer
4368 2064 4601 2193 coups
4687 2064 4749 2193 de
4822 2064 5044 2193 taille,

2912 2189 3075 2323 tant
3138 2189 3702 2323 eſtramaçons
3789 2189 3915 2323 que
3977 2189 4291 2323 revers,
4378 2189 4441 2323 de
4491 2189 4667 2323 faire
4754 2189 4967 2323 gliſſer
5018 2189 5055 2323 le

2910 2319 3234 2447 poulce,
3297 2319 3409 2447 qui
3471 2319 3559 2447 eſt
3609 2319 3883 2447 arreſté
3945 2319 4045 2447 ſur
4095 2319 4145 2447 la
4220 2319 4582 2447 branche
4644 2319 5056 2447 interieure

2925 2450 2977 2579 en
3068 2450 3378 2579 deſſous
3443 2450 3780 2579 d’icelle,
3858 2450 4130 2579 durant
4220 2450 4350 2579 que
4415 2450 4686 2579 l’eſpee
4751 2450 4933 2579 paſſe
4997 2450 5049 2579 en

2907 2577 3091 2700 haut
3152 2577 3275 2700 par
3348 2577 3594 2700 deſſus
3643 2577 3680 2700 la
3741 2577 3999 2700 teſte;
4084 2577 4256 2700 dont
4330 2577 4379 2700 la
4452 2577 4796 2700 branche
4882 2577 5053 2700 exte-

2909 2702 3173 2817 rieure
3257 2702 3305 2817 en
3389 2702 3701 2817 viendra
3773 2702 3785 2817 à
3857 2702 3917 2817 ſe
3989 2702 4265 2817 dreſſer
4326 2702 4878 2817 contremont,
4974 2702 4974 2817 &
5022 2702 5070 2817 le

2915 2835 3356 2958 trenchant
3419 2835 3482 2958 de
3532 2835 3809 2958 l’eſpee
3885 2835 3935 2958 en
4036 2835 4351 2958 devant.
4477 2835 4528 2958 Et
4591 2835 4704 2958 par
4780 2835 4931 2958 ainſi
4982 2835 5070 2958 les

2931 2960 3060 3083 dits
3142 2960 3695 3083 eſtramaçons
3836 2960 3847 3083 &
3918 2960 4176 3083 revers
4259 2960 4447 3083 vous
4529 2960 4576 3083 en
4682 2960 5069 3083 reuſſiront

2918 3094 3077 3183 tant
3167 3094 3450 3183 mieux.
