5520 7640
3379 3823 3462 3963 Eſt
3533 3823 3759 3963 encor
3818 3823 3937 3963 icy
3996 3823 4043 3963 le
4150 3823 4399 3963 meſme
4482 3823 4980 3963 commence-

3369 3964 3508 4085 mẽt,
3567 3964 3695 4085 que
3730 3964 3776 4085 la
3835 3964 4370 4085 precedente:
4440 3964 4987 4085 ALEXANDRE

3339 4086 3604 4208 faiſant
3664 4086 3700 4208 la
3785 4086 4195 4208 demarche
4279 4086 4327 4208 du
4412 4086 4580 4208 pied
4653 4086 4834 4208 droit
4918 4086 4978 4208 de

3332 4209 3368 4304 la
3464 4209 3814 4304 Seconde
3886 4209 4248 4304 Inſtance
4332 4209 4598 4304 devers
4658 4209 4694 4304 la
4802 4209 4995 4304 Troi-

2876 4331 3095 4455 ſieme
3187 4331 3372 4455 pour
3475 4331 3844 4455 executer
3925 4331 4224 4455 comme
4282 4331 4340 4455 au
4478 4331 4720 4455 Cercle
4847 4331 4881 4455 N.
4939 4331 4985 4455 2.

2922 4452 3426 4578 ZACHARIE
3543 4452 3824 4578 marche
3906 4452 3918 4578 à
4011 4452 4375 4578 reculons
4445 4452 4621 4578 avec
4691 4452 4738 4578 le
4808 4452 4984 4578 pied

2884 4576 3209 4703 gauche,
3245 4576 3353 4703 ſur
3401 4576 3666 4703 lequel
3714 4576 3750 4703 il
3799 4576 3847 4703 ſe
3907 4576 4124 4703 retire
4184 4576 4569 4703 panchant
4641 4576 4689 4703 du
4774 4576 4990 4703 corps

2869 4702 3260 4823 alenvers,
3361 4702 3361 4823 &
3406 4702 3663 4823 faiſant
3718 4702 3830 4823 par
3897 4702 4221 4823 cavation
4299 4702 4434 4823 une
4489 4702 4724 4823 feinte
4802 4702 4992 4823 mon-

2872 4823 3080 4932 tante
3149 4823 3195 4932 en
3276 4823 3552 4932 dehors
3598 4823 3644 4932 le
3702 4823 3863 4932 bras
3921 4823 3979 4932 du
4082 4823 4509 4932 Contraire;
4578 4823 4624 4932 du
4728 4823 4981 4932 meſme

2874 4948 3129 5071 temps
3222 4948 3779 5071 ALEXANDRE
3849 4948 4128 5071 avance
4198 4948 4244 5071 le
4314 4948 4488 5071 pied
4569 4948 4755 5071 droit
4836 4948 4987 5071 eſle-

2889 5067 2952 5193 vé
3014 5067 3114 5193 ſur
3176 5067 3226 5193 la
3326 5067 3738 5193 Troiſieme
3813 5067 4162 5193 Inſtance
4225 5067 4462 5193 lettre
4587 5067 4637 5193 N,
4712 5067 4762 5193 ſe
4824 5067 4999 5193 pan-

2883 5189 3101 5317 chant
3158 5189 3216 5317 un
3296 5189 3410 5317 peu
3491 5189 3536 5317 en
3605 5189 3834 5317 avant
3915 5189 4155 5317 deſſus
4190 5189 4247 5317 le
4327 5189 4637 5317 meſme,
4682 5189 4866 5317 avec
4935 5189 4980 5317 le

2874 5318 3049 5444 pied
3111 5318 3399 5444 gauche
3449 5318 3974 5444 pourſuivant
4036 5318 4036 5444 à
4099 5318 4136 5444 la
4186 5318 4423 5444 lettre
4511 5318 4561 5444 R,
4673 5318 4673 5444 &
4723 5318 4773 5444 le
4836 5318 4986 5444 bras

2899 5439 3444 5568 moderement
3503 5439 3859 5568 eſtendu,
3918 5439 3989 5568 de
4036 5439 4250 5568 façon
4332 5439 4640 5568 qu’avec
4688 5439 4723 5568 ſa
4782 5439 4996 5568 poin-

2877 5560 2936 5690 te
3007 5560 3280 5690 croiſée
3328 5560 3363 5690 il
3422 5560 3695 5690 couvre
3755 5560 4015 5690 l’eſpee
4087 5560 4466 5690 contraire
4526 5560 4632 5690 par
4715 5560 4988 5690 deſſus;

2880 5685 3069 5814 ſelon
3145 5685 3309 5814 qu’il
3359 5685 3447 5814 eſt
3498 5685 3951 5814 repreſenté
4001 5685 4102 5814 ſur
4140 5685 4190 5814 le
4253 5685 4417 5814 plain
4505 5685 4568 5814 de
4618 5685 4984 5814 leurCer-

2890 5812 3034 5935 cle;
3094 5812 3369 5935 jouxte
3417 5812 3465 5935 la
3537 5812 4147 5935 demonſtration
4231 5812 4339 5935 des
4387 5812 4698 5935 figures.

1328 3135 1655 3307 Cercle
1872 3135 2133 3307 N.6.

651 3344 940 3457 Alexandre
986 3344 1183 3457 faiſant
1241 3344 1473 3457 derechef
1519 3344 1831 3457 l’opertion
1889 3344 1924 3457 du
1993 3344 2156 3457 Cercle
2260 3344 2294 3457 N.
2352 3344 2399 3457 2.
2503 3344 2503 3457 &
2561 3344 2734 3457 comme

764 3467 798 3585 ſa
844 3467 1017 3585 partie
1075 3467 1386 3585 tranſporte
1444 3467 1674 3585 derechef
1755 3467 1812 3585 les
1858 3467 2031 3585 lames,
2066 3467 2089 3585 il
2135 3467 2308 3585 plante
2342 3467 2377 3585 le
2435 3467 2550 3585 pied
2619 3467 2734 3585 droit

767 3589 767 3707 à
820 3589 971 3707 lettre
1078 3589 1110 3707 N,
1153 3589 1196 3707 en
1239 3589 1603 3707 pourſuivant
1646 3589 1646 3707 à
1721 3589 1936 3707 marcher
1978 3589 2021 3707 en
2075 3589 2236 3707 avant
2289 3589 2397 3707 avec
2429 3589 2461 3707 le
2515 3589 2740 3707 gauche,

820 3714 820 3830 &
864 3714 975 3830 puis
1019 3714 1152 3830 encor
1207 3714 1317 3830 avec
1362 3714 1395 3830 le
1439 3714 1550 3830 pied
1605 3714 1715 3830 droit
1771 3714 1970 3830 iuſqu’à
2025 3714 2146 3830 trois
2191 3714 2290 3830 pas,
2334 3714 2412 3830 luy
2478 3714 2644 3830 tirant
2688 3714 2732 3830 un

761 3838 870 3952 coup
935 3838 968 3952 de
1011 3838 1163 3952 taille
1218 3838 1218 3952 à
1272 3838 1305 3952 la
1359 3838 1533 3952 jambe
1588 3838 1827 3952 droite.

1058 4004 1518 4119 ’Operation
1624 4004 1753 4119 que
1836 4004 2060 4119 voicy
2131 4004 2732 4119 preſentement

1073 4124 1422 4247 procede
1494 4124 1819 4247 encore,
1952 4124 1952 4247 &
2024 4124 2109 4247 eſt
2157 4124 2578 4247 ſemblable
2626 4124 2639 4247 à
2699 4124 2735 4247 la

1073 4247 1553 4367 precedẽte,
1603 4247 1873 4367 juſqu’à
1935 4247 1997 4367 ce
2070 4247 2194 4367 que
2304 4247 2735 4367 ZACHARIE

1095 4373 1511 4489 deſtourne
1642 4373 1654 4489 &
1714 4373 2166 4489 tranſporte
2225 4373 2499 4489 l’eſpee
2582 4373 2749 4489 con-

615 4497 827 4614 traire
894 4497 938 4614 en
1039 4497 1363 4614 dedans;
1419 4497 1475 4614 au
1597 4497 1743 4614 moy
1798 4497 1843 4614 en
1932 4497 2245 4614 dequoy
2335 4497 2737 4614 ALEXAN-

632 4620 771 4742 DRE
830 4620 1190 4742 plantant
1248 4620 1295 4742 au
1400 4620 1656 4742 meſme
1714 4620 1958 4742 temps
2005 4620 2063 4742 le
2133 4620 2307 4742 pied
2400 4620 2586 4742 droit
2668 4620 2714 4742 en

625 4742 819 4858 terre
868 4742 977 4858 ſur
1014 4742 1062 4858 la
1147 4742 1585 4858 Troiſieſme
1645 4742 1998 4858 Inſtance
2058 4742 2277 4858 lettre
2411 4742 2459 4858 N,
2520 4742 2739 4858 pour-

613 4868 742 4985 ſuit
813 4868 813 4985 à
918 4868 1247 4985 marcher
1329 4868 1376 4985 en
1470 4868 1692 4985 avant
1786 4868 1833 4985 du
1927 4868 2103 4985 pied
2162 4868 2455 4985 gauche
2525 4868 2631 4985 ſur
2690 4868 2737 4985 le

683 4995 943 5110 Quarré
1037 4995 1485 5110 circonſcrit
1568 4995 1804 5110 lettre
1910 4995 2004 5110 P,
2110 4995 2582 5110 continuant
2676 4995 2723 5110 en

615 5118 908 5235 ſemble
990 5118 990 5235 à
1095 5118 1107 5235 y
1189 5118 1587 5235 adjouſter
1692 5118 1914 5235 encor
1996 5118 2055 5235 un
2172 5118 2359 5235 petit
2441 5118 2558 5235 pas
2664 5118 2710 5235 au

650 5235 813 5358 deçà
863 5235 914 5358 le
1002 5235 1240 5358 Cercle
1303 5235 1479 5358 avec
1530 5235 1580 5358 le
1630 5235 1806 5358 pied
1869 5235 2095 5358 droit,
2146 5235 2196 5358 en
2271 5235 2736 5358 eſlargiſſant

623 5361 902 5485 l’eſpee
963 5361 1400 5485 contraire,
1509 5361 1509 5485 &
1557 5361 1849 5485 laiſſant
1921 5361 2334 5485 deſcendre
2383 5361 2431 5485 là
2492 5361 2734 5485 ſienne

637 5492 694 5606 de
751 5492 923 5606 haut
991 5492 1037 5606 en
1105 5492 1231 5606 bas
1288 5492 1893 5606 circulairemẽt,
1938 5492 2121 5606 pour
2178 5492 2349 5606 tirer
2395 5492 2463 5606 un
2543 5492 2737 5606 coup

646 5610 705 5724 de
763 5610 1009 5724 taille,
1055 5610 1231 5724 avec
1277 5610 1312 5724 la
1394 5610 1815 5724 demarche
1897 5610 2341 5724 enſuivante
2434 5610 2481 5724 du
2574 5610 2738 5724 pied

643 5735 983 5855 gauche,
1030 5735 1089 5855 au
1195 5735 1477 5855 dedans
1571 5735 1629 5855 du
1712 5735 1876 5855 bras
1947 5735 1994 5855 au
2099 5735 2252 5855 gras
2334 5735 2393 5855 de
2452 5735 2499 5855 la
2569 5735 2745 5855 jam-

629 5857 702 5979 be
788 5857 1020 5979 droite
1106 5857 1167 5979 de
1228 5857 1803 5979 l’Adverſaire,
1888 5857 1925 5979 en
2023 5857 2304 5979 paſſant
2390 5857 2745 5979 derechef

621 5980 799 6104 avec
858 5980 906 6104 le
953 5980 1131 6104 pied
1190 5980 1380 6104 droit
1487 5980 1487 6104 &
1534 5980 1653 6104 luy
1712 5980 1997 6104 venant
2068 5980 2389 6104 derriere
2448 5980 2495 6104 le
2579 5980 2745 6104 dos,

618 6103 809 6224 pour
900 6103 1215 6224 delivrer
1283 6103 1316 6224 ſa
1395 6103 1576 6224 lame
1666 6103 1711 6224 en
1790 6103 1835 6224 la
1914 6103 2240 6224 retirant
2342 6103 2635 6224 comme
2725 6103 2736 6224 à

629 6234 816 6350 fleur
890 6234 953 6350 de
1003 6234 1252 6350 terre;
1302 6234 1464 6350 ainſi
1538 6234 1700 6350 qu’il
1738 6234 1787 6350 ſe
1850 6234 1999 6350 voit
2062 6234 2111 6350 en
2174 6234 2211 6350 la
2273 6234 2547 6350 figure.

778 6358 1002 6479 Apres
1061 6358 1108 6479 le
1191 6358 1380 6479 coup
1451 6358 1628 6479 fait,
1746 6358 2194 6479 ALExandre
2253 6358 2312 6479 le
2395 6358 2572 6479 peut
2643 6358 2737 6479 re-

647 6472 970 6597 doubler
1053 6472 1185 6597 d’un
1269 6472 1484 6597 autre
1555 6472 2117 6597 eſtramaçon,
2213 6472 2224 6597 à
2284 6472 2332 6597 la
2404 6472 2583 6597 teſte
2679 6472 2738 6597 de

619 6596 1161 6725 l’adverſaite;
1257 6596 1739 6725 moyennant
1823 6596 2016 6725 qu’en
2100 6596 2425 6725 eſlevant
2461 6596 2522 6725 le
2570 6596 2750 6725 pied

645 6721 1000 6846 gauche,
1098 6721 1135 6846 il
1184 6721 1245 6846 ſe
1318 6721 1527 6846 volte
1588 6721 1637 6846 le
1735 6721 1943 6846 corps
2016 6721 2114 6846 ſur
2175 6721 2445 6846 l’autre
2518 6721 2677 6846 pied
2726 6721 2738 6846 à

656 6848 796 6976 main
888 6848 1248 6976 gauche,
1353 6848 1538 6976 pour
1608 6848 1910 6976 revenir
2014 6848 2188 6976 droit
2281 6848 2548 6976 contre
2617 6848 2710 6976 ſon

2857 405 3227 530 homme,
3305 405 3596 530 menant
3674 405 3730 530 en
3831 405 3887 530 ce
3987 405 4245 530 meſme
4323 405 4580 530 temps
4648 405 4692 530 ſa
4759 405 4950 530 lame

2879 529 2928 661 en
3002 529 3174 661 haut
3248 529 3309 661 au
3408 529 3641 661 deſſus
3715 529 3776 661 de
3825 529 4231 661 l’eſpaule;
4354 529 4477 661 d’où
4550 529 4587 661 il
4649 529 4698 661 le
4771 529 4956 661 peut

2864 653 3171 778 frapper
3233 653 3282 778 au
3368 653 3564 778 coſté
3638 653 3822 778 droit
3884 653 3945 778 de
3994 653 4031 778 la
4093 653 4326 778 teſte,
4412 653 4461 778 en
4535 653 4830 778 voltant
4953 653 4965 778 &

2861 778 3205 903 plantant
3253 778 3300 903 le
3360 778 3538 903 pied
3597 778 3823 903 eſlevé
3882 778 3930 903 en
4013 778 4369 903 derriere.

3045 903 3716 1036 Semblablement
3790 903 3827 1036 il
3889 903 3939 1036 le
4014 903 4187 1036 peut
4287 903 4448 1036 auſſi
4523 903 4957 1036 redoubler

2880 1027 3006 1143 d’un
3086 1027 3269 1143 coup
3361 1027 3830 1143 d’eſtocade,
3911 1027 3956 1143 en
4071 1027 4357 1143 menant
4415 1027 4461 1143 ſa
4529 1027 4713 1143 lame
4793 1027 4953 1143 tout

2885 1150 3066 1282 droit
3138 1150 3186 1282 en
3271 1150 3524 1282 haut,
3681 1150 3681 1282 &
3753 1150 4042 1282 voltant
4090 1150 4139 1282 le
4223 1150 4440 1282 corps
4500 1150 4597 1282 ſur
4645 1150 4705 1282 le
4790 1150 4971 1282 pied

2883 1273 3064 1405 droit
3124 1273 3136 1405 à
3233 1273 3377 1405 main
3510 1273 3799 1405 gauche
3884 1273 4149 1405 devers
4221 1273 4257 1405 ſa
4330 1273 4619 1405 partie,
4667 1273 4969 1405 jettant

2874 1400 3500 1527 enſemblement
3549 1400 3814 1527 l’eſpee
3862 1400 3958 1527 ſur
4006 1400 4055 1527 le
4115 1400 4271 1527 bras
4332 1400 4657 1527 gauche,
4681 1400 4790 1527 les
4838 1400 4970 1527 ſer-

2857 1522 3020 1646 rant
3089 1522 3356 1646 toutes
3414 1522 3600 1646 deux
3669 1522 3924 1646 contre
3982 1522 4017 1646 ſa
4098 1522 4481 1646 poitrine,
4597 1522 4609 1646 &
4678 1522 4841 1646 ainſi
4899 1522 4945 1646 la

2863 1645 3174 1776 pouſſer
3234 1645 3282 1776 en
3366 1645 3761 1776 avançant
3809 1645 3868 1776 le
3916 1645 4096 1776 pied
4156 1645 4443 1776 gauche
4503 1645 4503 1776 à
4562 1645 4861 1776 travers
4909 1645 4957 1776 le

2884 1771 2992 1867 dos
3064 1771 3124 1867 de
3184 1771 3280 1867 ſon
3376 1771 3856 1867 Adverſaire.

3062 1893 3119 2017 Or
3164 1893 3358 2017 nous
3403 1893 3597 2017 nous
3665 1893 4154 2017 contentons
4199 1893 4302 2017 icy
4370 1893 4438 2017 de
4495 1893 4541 2017 la
4598 1893 4791 2017 ſeule
4871 1893 4973 2017 de-

2860 2018 3218 2149 ſcription
3299 2018 3357 2149 de
3426 2018 3530 2149 ces
3587 2018 3772 2149 deux
3853 2018 4234 2149 dernieres
4315 2018 4800 2149 operations,
4846 2018 4961 2149 par

2875 2141 2934 2272 ce
3005 2141 3313 2272 qu’elles
3372 2141 3478 2272 ont
3549 2141 3691 2272 eſté
3738 2141 4293 2272 repreſentées
4341 2141 4766 2272 autrepart.

605 399 718 532 luy
794 399 1033 532 donne
1096 399 1361 532 courſe
1412 399 1412 532 à
1462 399 1777 532 frapper
1840 399 1903 532 de
1954 399 2155 532 taille
2231 399 2345 532 par
2420 399 2710 532 deſſous

606 527 667 650 au
751 527 994 650 coude
1066 527 1127 650 de
1187 527 1769 650 l’Adverſaire,
1817 527 1926 650 (en
2035 527 2350 650 mettant
2399 527 2459 650 le
2544 527 2714 650 pied

617 654 809 775 droit
857 654 869 775 à
929 654 1121 775 terre
1193 654 1253 775 un
1325 654 1445 775 peu
1517 654 1637 775 par
1697 654 1830 775 delà
1890 654 1938 775 la
1998 654 2226 775 lettre
2334 654 2394 775 N,
2466 654 2562 775 ſur
2622 654 2718 775 le-

631 776 797 898 quel
844 776 880 898 il
951 776 998 898 ſe
1057 776 1353 898 panche
1400 776 1447 898 le
1518 776 1731 898 corps
1779 776 1850 898 un
1921 776 2039 898 peu
2122 776 2169 898 en
2252 776 2500 898 devãt,
2536 776 2713 898 avec

606 900 658 1026 le
722 900 1041 1026 genouil
1080 900 1259 1026 plié,
1400 900 1400 1026 &
1464 900 1988 1026 pourſuivant
2039 900 2039 1026 à
2116 900 2385 1026 eſlever
2436 900 2487 1026 le
2551 900 2717 1026 pied

615 1025 900 1150 gauche
1003 1025 1049 1150 en
1129 1025 1266 1150 l’air
1335 1025 1518 1150 avec
1610 1025 1998 1150 retenue;
2078 1025 2124 1150 en
2239 1025 2719 1150 conformité

633 1155 743 1273 des
805 1155 1137 1273 figures.

786 1272 834 1398 Or
894 1272 1109 1398 apres
1181 1272 1946 1398 qu’ALEXANDRE
2018 1272 2018 1398 a
2102 1272 2341 1398 donné
2401 1272 2460 1398 ce
2532 1272 2711 1398 coup

603 1399 765 1522 (qui
823 1399 823 1522 a
915 1399 1043 1522 eſté
1112 1399 1228 1522 fait
1297 1399 1517 1522 avant
1586 1399 1713 1522 que
1759 1399 1817 1522 le
1910 1399 2418 1522 mouvement
2488 1399 2557 1522 de
2615 1399 2719 1522 l’e-

600 1521 761 1643 ſpee
865 1521 1245 1643 contraire
1326 1521 1602 1643 fuyant
1740 1521 1752 1643 &
1856 1521 2190 1643 montant
2293 1521 2432 1643 euſt
2501 1521 2719 1643 ache-

614 1646 686 1764 vé
745 1646 781 1764 ſa
865 1646 1199 1764 courſe)
1247 1646 1283 1764 il
1354 1646 1581 1764 retire
1653 1646 1820 1764 tout
1879 1646 2047 1764 auſſi
2118 1646 2249 1764 toſt
2309 1646 2369 1764 le
2452 1646 2715 1764 meſme

604 1771 784 1895 pied
844 1771 1132 1895 gauche
1192 1771 1240 1895 en
1324 1771 1624 1895 arriere,
1684 1771 2117 1895 entrainant
2165 1771 2333 1895 auſſi
2369 1771 2633 1895 l’autre
2705 1771 2717 1895 à

603 1896 1095 2020 l’advenant,
1155 1896 1215 2020 de
1275 1896 1479 2020 façon
1575 1896 1731 2020 qu’il
1779 1896 1828 2020 ſe
1912 1896 2032 2020 met
2092 1896 2140 2020 en
2236 1896 2512 2020 meſure
2560 1896 2716 2020 plus

603 2022 851 2145 large;
925 2022 1037 2145 afin
1148 2022 1272 2145 que
1346 2022 1371 2145 ſi
1433 2022 1915 2145 l’adverſaire
1990 2022 2287 2145 vouloit
2373 2022 2534 2145 tirer
2621 2022 2720 2145 ſur

607 2147 722 2271 luy
799 2147 863 2271 de
914 2147 1184 2271 pointe
1235 2147 1415 2271 hors
1479 2147 1543 2271 de
1581 2147 1851 2271 l’angle
1902 2147 2172 2271 obtus,
2236 2147 2261 2271 il
2338 2147 2479 2271 euſt
2531 2147 2723 2271 loiſir

605 2271 805 2394 pour
841 2271 900 2394 le
959 2271 1455 2394 rencontrer.
1538 2271 1703 2394 Vray
1774 2271 1857 2394 eſt
1928 2271 2058 2394 que
2117 2271 2306 2394 ceſte
2377 2271 2720 2394 derniere

609 2395 853 2521 aion
914 2395 1097 2521 n’eſt
1145 2395 1267 2521 pas
1316 2395 1426 2521 icy
1487 2395 1987 2521 repreſentée
2061 2395 2109 2521 en
2170 2395 2488 2521 figure;
2573 2395 2720 2521 mais

622 2517 1032 2640 c’eſ'aſſez
1105 2517 1298 2640 pour
1358 2517 1407 2640 la
1479 2517 1889 2640 pratiquer
1986 2517 2107 2640 d’en
2191 2517 2396 2640 avoir
2481 2517 2722 2640 donné

612 2643 750 2732 ceſt
796 2643 1486 2732 advertiſſement.

3573 5995 3896 6166 Cercle
4197 5995 4369 6166 .8.

3366 6218 3754 6318 ACHARIE
3829 6218 4292 6318 continuant
4357 6218 4400 6318 le
4486 6218 4993 6318 mouvement

3356 6344 3412 6468 de
3480 6344 3525 6468 la
3638 6344 3966 6468 cavation
4056 6344 4621 6468 precedente,
4700 6344 4745 6468 en
4847 6344 4983 6468 tire

3336 6464 3761 6596 (avançant
3870 6464 3870 6596 &
3943 6464 4380 6596 redreſſant
4441 6464 4490 6596 le
4575 6464 4842 6596 corps)
4902 6464 4975 6596 un

3353 6589 3531 6717 coup
3613 6589 4050 6717 d’eſtocade
4133 6589 4169 6717 en
4287 6589 4559 6717 dehors
4653 6589 4712 6717 du
4830 6589 4996 6717 bras

2891 6715 3049 6850 vers
3086 6715 3135 6850 le
3196 6715 3428 6850 viſage
3501 6715 3550 6850 du
3659 6715 4074 6850 Contraire;
4123 6715 4233 6850 ſur
4294 6715 4489 6850 quoy
4599 6715 4990 6850 ALEXAN-

2900 6840 3034 6966 DRE
3090 6840 3436 6966 s’avance
3481 6840 3537 6966 au
3637 6840 3894 6966 meſme
3961 6840 4218 6966 temps
4297 6840 4341 6966 en
4453 6840 4799 6966 dedans,
4889 6840 4989 6966 ac-

4629 6976 4990 7096 couplant

3551 2701 3871 2873 Cercle
4105 2701 4361 2873 N97.

2897 2912 3187 3029 Alexandre
3265 2912 3421 3029 allant
3499 2912 3722 3029 derechef
3789 2912 3968 3029 devers
4012 2912 4046 3029 la
4124 2912 4392 3029 Troiſieme
4470 2912 4693 3029 Inſtance
4771 2912 4883 3029 avec
4950 2912 4972 3029 le

2984 3039 3093 3164 pied
3148 3039 3311 3164 droit;
3388 3039 3639 3164 Zacharie
3726 3039 3912 3164 marche
3977 3039 4010 3164 en
4087 3039 4272 3164 arriere
4349 3039 4458 3164 avec
4523 3039 4545 3164 le
4600 3039 4709 3164 pied
4764 3039 4982 3164 gauche,

2983 3160 3185 3280 faiſant
3220 3160 3256 3280 la
3303 3160 3493 3280 charge
3553 3160 3589 3280 du
3648 3160 3790 3280 corps
3838 3160 3992 3280 deſſus
4040 3160 4277 3280 enſemble
4325 3160 4432 3280 avec
4479 3160 4562 3280 une
4610 3160 4764 3280 feinte
4812 3160 4990 3280 aſcen-

2998 3285 3133 3400 dante
3174 3285 3215 3400 en
3277 3285 3453 3400 dehors
3536 3285 3567 3400 du
3629 3285 3743 3400 bras
3795 3285 4105 3400 contraire;
4178 3285 4250 3400 ſur
4312 3285 4426 3400 quoy
4530 3285 4820 3400 Alexandre
4882 3285 4975 3400 s’a-

2983 3397 3132 3527 vance
3235 3397 3247 3527 &
3293 3397 3465 3527 plante
3510 3397 3533 3527 le
3591 3397 3866 3527 pieddroit
3923 3397 3923 3527 à
3969 3397 4118 3527 lettre
4233 3397 4268 3527 N,
4313 3397 4417 3527 pour
4485 3397 4795 3527 pourſuivre
4875 3397 4979 3527 avec

2983 3534 3015 3648 le
3059 3534 3168 3648 pied
3211 3534 3439 3648 gauche,
3537 3534 3537 3648 &
3591 3534 3798 3648 couvrir
3841 3534 4015 3648 l’eſpee
4058 3534 4319 3648 contraire
4374 3534 4482 3648 avec
4526 3534 4558 3648 la
4602 3534 4754 3648 ſienne
4808 3534 4895 3648 par
4939 3534 4971 3648 en

2996 3658 3142 3766 baut,
3187 3658 3221 3766 en
3277 3658 3434 3766 forme
3468 3658 3738 3766 croiſee.
