5520 7640
2929 3563 3236 3682 Alexandre
3293 3563 3543 3682 pourſuit
3588 3563 3588 3682 à
3656 3563 3895 3682 marcher
3940 3563 4065 3682 avec
4111 3563 4133 3682 le
4179 3563 4304 3682 pied
4372 3563 4497 3682 droit
4554 3563 4656 3682 plus
4713 3563 4860 3682 outre
4917 3563 4985 3682 ſur
5031 3563 5065 3682 la

3051 3690 3311 3808 Troiſieme
3371 3690 3643 3808 Inſtance,
3702 3690 3808 3808 dont
3855 3690 3891 3808 en
3938 3690 4305 3808 pourſuivant
4352 3690 4470 3808 avec
4518 3690 4553 3808 le
4600 3690 4719 3808 pied
4766 3690 4979 3808 gauche,
5062 3690 5062 3808 &

3037 3820 3314 3936 graduant
3358 3820 3413 3936 les
3457 3820 3646 3936 lames,
3690 3820 3723 3936 il
3756 3820 3989 3936 preſente
4033 3820 4077 3936 la
4121 3820 4298 3936 pointe
4365 3820 4387 3936 de
4431 3820 4475 3936 la
4509 3820 4675 3936 ſienne
4719 3820 4796 3936 par
4841 3820 5062 3936 courtoi-

3018 3949 3076 4060 ſie
3134 3949 3319 4060 devant
3366 3949 3389 4060 le
3435 3949 3621 4060 viſage
3679 3949 3713 4060 du
3783 3949 4142 4060 Contraire.

3375 4088 3714 4212 ’Autant
3823 4088 3957 4212 que
4102 4088 4563 4212 ZACHARIE
4660 4088 4938 4212 attend
5011 4088 5059 4212 la

3472 4214 3637 4461 ''
3719 4214 4048 4461 '
4007 4214 5158 4461 ''ee

3371 4467 3492 4591 peu
3565 4467 3868 4591 panché
3917 4467 3929 4591 à
3978 4467 4354 4591 l’envers,
4402 4467 4705 4591 ſuivant
4778 4467 4827 4591 du
4899 4467 5057 4591 pied

2920 4597 3103 4722 droit
3156 4597 3208 4722 la
3287 4597 3496 4722 trace
3588 4597 3641 4722 du
3798 4597 4060 4722 Quarré
4099 4597 4361 4722 inſcrit
4413 4597 4702 4722 juſqu’à
4754 4597 4806 4722 la
4885 4597 5068 4722 Troi-

2900 4725 3122 4843 ſieme
3184 4725 3542 4843 Inſtance
3591 4725 3702 4843 ſur
3739 4725 3789 4843 la
3838 4725 4073 4843 lettre
4184 4725 4184 4843 N
4258 4725 4381 4843 par
4455 4725 4591 4843 delà
4640 4725 4702 4843 le
4801 4725 5060 4843 Diame-

2898 4852 3028 4970 tre,
3099 4852 3383 4970 menant
3430 4852 3489 4970 le
3548 4852 3726 4970 pied
3785 4852 4081 4970 gauche
4152 4852 4802 4970 circulairement
4861 4852 5051 4970 apres

2903 4977 3000 5096 ſur
3049 4977 3086 5096 la
3147 4977 3379 5096 lettre
3476 4977 3525 5096 R,
3598 4977 3769 5096 ainſi
3818 4977 3855 5096 il
3940 4977 4221 5096 gradue
4282 4977 4392 5096 les
4453 4977 4697 5096 lames
4770 4977 4953 5096 avec
5002 4977 5051 5096 le

2902 5101 3068 5222 bras
3127 5101 3507 5222 eſtendu,
3613 5101 3625 5222 &
3685 5101 3744 5222 un
3839 5101 3969 5222 peu
4064 5101 4230 5222 plus
4325 5101 4384 5222 de
4456 5101 4871 5222 retenue,
4966 5101 5061 5222 les

2901 5227 3271 5351 pouſſant
3352 5227 3422 5351 un
3549 5227 3665 5351 peu
3803 5227 4254 5351 davantage
4359 5227 4520 5351 vers
4578 5227 4636 5351 le
4706 5227 4821 5351 bas
4891 5227 5053 5351 avec

2932 5355 3269 5477 quelque
3319 5355 3594 5477 force,
3757 5355 3757 5477 &
3819 5355 3944 5477 luy
4044 5355 4169 5477 met
4244 5355 4419 5477 ainſi
4482 5355 4519 5477 la
4607 5355 4881 5477 pointe
4956 5355 5056 5477 par

2914 5476 3343 5604 courtoiſie
3401 5476 3564 5604 tout
3633 5476 3912 5604 devant
3958 5476 4016 5604 le
4074 5476 4190 5604 bas
4271 5476 4318 5604 du
4399 5476 4689 5604 viſage;
4759 5476 5049 5604 comme

2907 5602 3007 5724 les
3070 5602 3370 5724 figures
3445 5602 4033 5724 demonſtrent.

2947 6521 3232 6644 Alexandre
3296 6521 3518 6644 voulant
3560 6521 3645 6644 une
3719 6521 3983 6644 autrefois
4026 6521 4311 6644 pratiquer
4375 6521 4417 6644 la
4480 6521 4798 6644 precedente
4872 6521 5052 6644 oper-

3066 6652 3189 6767 tion,
3246 6652 3437 6767 durant
3482 6652 3605 6767 qu’il
3639 6652 3785 6767 entre
3830 6652 3943 6767 avec
3988 6652 4021 6767 le
4066 6652 4179 6767 pied
4235 6652 4404 6767 droit;
4494 6652 4741 6767 Zacharie
4797 6652 5056 6767 tranſpor-

3053 6776 3095 6898 te
3137 6776 3252 6898 avec
3294 6776 3431 6898 force
3473 6776 3535 6898 les
3577 6776 3735 6898 lames
3787 6776 3787 6898 à
3861 6776 3966 6898 main
4028 6776 4228 6898 droite;
4270 6776 4312 6898 au
4385 6776 4542 6898 meſme
4595 6776 4763 6898 temps
4847 6776 5056 6898 Alexan-

3033 6899 3105 7019 dre
3141 6899 3321 7019 plante
3369 6899 3393 7019 le
3441 6899 3753 7019 piedeſlevé
3801 6899 3849 7019 un
3897 6899 3981 7019 peu
4041 6899 4137 7019 plus
4185 6899 4329 7019 outre
4377 6899 4377 7019 à
4425 6899 4545 7019 coſté
4605 6899 4641 7019 de
4677 6899 4713 7019 la
4773 6899 5061 7019 Troiſieſme

4836 7026 5058 7137 Inſtance

3664 6265 3979 6436 Cercle
4294 6265 4519 6436 .

3423 1430 3423 1562 N
3512 1430 3701 1562 ſuite
3789 1430 3852 1562 de
3940 1430 4003 1562 ce
4091 1430 4292 1562 qu’ils
4393 1430 4519 1562 ont
4620 1430 4746 1562 eſté
4847 1430 5048 1562 touts

3385 1562 3569 1690 deux
3618 1562 3936 1690 plantez
3985 1562 4096 1690 ſur
4145 1562 4194 1690 le
4292 1562 4537 1690 Cercle
4598 1562 4647 1690 en
4745 1562 5063 1690 Premie-

3361 1690 3423 1812 re
3485 1690 3870 1812 Inſtance,
3919 1690 4230 1812 chaſcun
4317 1690 4366 1812 en
4429 1690 4540 1812 ſon
4689 1690 5049 1812 Quadran-

3381 1817 3532 1948 gle,
3621 1817 3810 1948 avec
3848 1817 3949 1948 les
4025 1817 4290 1948 eſpees
4366 1817 4417 1948 en
4518 1817 4758 1948 droite
4833 1817 5061 1948 ligne,

2919 1941 3096 2070 celle
3210 1941 3866 2070 d’ALEXANDRE
3954 1941 4320 2070 parallele
4409 1941 4421 2070 a
4611 1941 4914 2070 deſſous
5002 1941 5053 2070 de

2899 2072 3214 2205 l’autre;
3347 2072 3905 2205 ALEXANDRE
3977 2072 4329 2205 travaille
4401 2072 4450 2205 au
4595 2072 4838 2205 Cercle
4910 2072 5056 2205 pre-

2900 2196 3096 2330 ſent,
3157 2196 3206 2330 en
3291 2196 3622 2330 eſlevant
3671 2196 3720 2330 le
3781 2196 3952 2330 pied
4026 2196 4209 2330 droit
4271 2196 4344 2330 de
4405 2196 4638 2330 terre,
4736 2196 4736 2330 &
4797 2196 5066 2330 accou-

2900 2324 3108 2455 plant
3169 2324 3279 2455 par
3353 2324 3745 2455 enſemble
3781 2324 3892 2455 les
3953 2324 4210 2455 eſpees
4271 2324 4320 2455 en
4418 2324 4700 2455 dehors
4785 2324 4834 2455 du
4908 2324 5067 2455 bras

2904 2452 2904 2586 à
2956 2452 3166 2586 l’aide
3244 2452 3296 2586 du
3362 2452 3741 2586 poignet,
3794 2452 3898 2586 ſon
4029 2452 4069 2586 N.
4134 2452 4160 2586 3.
4212 2452 4278 2586 au
4422 2452 4553 2586 N.8.
4618 2452 4684 2586 de
4749 2452 5063 2586 l’adver-

2897 2580 3133 2712 ſaire;
3227 2580 3615 2712 marchant
3698 2580 4439 2712 conſequemment
4510 2580 4698 2712 avec
4769 2580 4828 2712 le
4898 2580 5063 2712 pied

2913 2706 3138 2834 eſlevé
3213 2706 3250 2834 en
3350 2706 3637 2834 dedans
3687 2706 3800 2834 par
3874 2706 4012 2834 delà
4062 2706 4112 2834 le
4212 2706 4598 2834 Diametre
4661 2706 4773 2834 ſur
4836 2706 4886 2834 la
4973 2706 5073 2834 Se-

2913 2830 3162 2966 conde
3224 2830 3585 2966 Inſtance
3635 2830 3871 2966 lettre
3983 2830 4021 2966 G,
4071 2830 4120 2966 en
4207 2830 4755 2966 deſgraduant
4805 2830 4842 2966 la
4904 2830 5079 2966 ſien-

2900 2957 3009 3085 ne,
3083 2957 3144 3085 de
3229 2957 3547 3085 maniere
3620 2957 3779 3085 qu’il
3840 2957 3889 3085 en
3962 2957 4329 3085 aſſemble
4390 2957 4438 3085 le
4561 2957 4609 3085 N.
4683 2957 4732 3085 4.
4817 2957 4878 3085 ou
4976 2957 5013 3085 5.
5061 2957 5061 3085 à

2904 3085 2996 3217 ſon
3153 3085 3193 3217 N.
3272 3085 3324 3217 8;
3376 3085 3691 3217 comme
3744 3085 3783 3217 il
3849 3085 3928 3217 eſt
3993 3085 4046 3217 en
4124 3085 4164 3217 la
4229 3085 4505 3217 figure.

3611 3315 3946 3484 Cercle
4125 3315 4483 3484 N.12.

641 347 1005 504 couplant
1054 347 1151 504 les
1212 347 1467 504 eſpees
1528 347 1576 504 en
1662 347 1941 504 dehors
2026 347 2075 504 du
2172 347 2379 504 bras,
2452 347 2634 504 avec
2695 347 2755 504 le

659 473 903 613 meſme
968 473 1135 613 bras
1238 473 1238 613 &
1290 473 1328 613 la
1405 473 1611 613 garde
1663 473 2049 613 abaiſſée,
2101 473 2667 613 l’affermiſſant
2732 473 2732 613 à

613 606 719 737 ſon
802 606 990 737 coſté
1072 606 1249 737 droit
1296 606 1472 737 avec
1519 606 1566 737 la
1625 606 1895 737 pointe
1978 606 2425 737 montante,
2531 606 2531 737 &
2589 606 2754 737 avã-

645 727 793 881 çant
880 727 1510 881 enſemblement
1584 727 1633 881 le
1707 727 1880 881 pied
1967 727 2152 881 droit
2214 727 2325 881 ſur
2387 727 2757 881 l’interſe-

672 853 811 988 ion
900 853 951 988 du
1077 853 1331 988 Quarré
1382 853 1661 988 inſcrit,
1711 853 1927 988 entre
1965 853 2066 988 les
2104 853 2383 988 lettres
2498 853 2498 988 N
2624 853 2624 988 &
2700 853 2751 988 S,

633 983 819 1129 pour
869 983 1327 1129 pourſuivre
1402 983 1452 1129 du
1526 983 1700 1129 pied
1762 983 2059 1129 gauche
2109 983 2208 1129 ſur
2258 983 2307 1129 la
2357 983 2580 1129 lettre
2704 983 2754 1129 O,

619 1107 992 1245 ſujettant
1041 1107 1240 1245 ainſi,
1315 1107 1352 1245 en
1427 1107 1825 1245 avançant
1862 1107 1924 1245 le
1986 1107 2173 1245 coſté
2235 1107 2583 1245 gauche,
2633 1107 2757 1245 l’e-

617 1247 778 1376 ſpee
852 1247 901 1376 du
1012 1247 1444 1376 Contraire.

1358 1389 1671 1566 Cercle
1894 1389 2162 1566 N.9.

1133 1605 1279 1750 Oicy
1365 1605 1842 1750 maintenant
1891 1605 2037 1750 une
2086 1605 2282 1750 ſuite
2355 1605 2404 1750 du
2514 1605 2759 1750 Cercle

1141 1745 1258 1860 N.7.
1328 1745 1375 1860 où
1503 1745 1958 1860 ZACHARIE
2017 1745 2075 1860 ſe
2134 1745 2355 1860 retire
2425 1745 2461 1860 en
2531 1745 2764 1860 arrie-

1085 1869 1176 1980 re,
1233 1869 1496 1980 faiſant
1576 1869 2215 1980 enſemblement
2272 1869 2615 1980 cavation
2752 1869 2752 1980 &

1081 1995 1331 2102 feinte
1377 1995 1559 2102 avec
1605 1995 1651 2102 la
1696 1995 1890 2102 lame
1958 1995 2004 2102 en
2095 1995 2369 2102 dehors
2426 1995 2483 2102 du
2563 1995 2756 2102 bras.

641 2120 688 2231 Et
759 2120 1064 2231 comme
1099 2120 1157 2231 le
1240 2120 1638 2231 Contraire
1685 2120 1732 2231 ſe
1826 2120 1943 2231 met
2002 2120 2002 2231 à
2049 2120 2237 2231 faire
2283 2120 2753 2231 alencontre

614 2243 1040 2384 l’oppoſite
1105 2243 1169 2384 cy
1247 2243 1518 2384 devant
1570 2243 1996 2384 ſpecifiée;
2073 2243 2112 2384 il
2176 2243 2305 2384 fait
2396 2243 2770 2384 derechef

618 2372 751 2507 une
806 2372 1017 2507 autre
1084 2372 1416 2507 cavation
1494 2372 1682 2507 pour
1738 2372 1782 2507 le
1860 2372 2203 2507 toucher
2281 2372 2336 2507 en
2436 2372 2757 2507 dedans.

648 2504 1179 2620 ALEXANDRE
1260 2504 1444 2620 donc
1502 2504 1560 2620 au
1664 2504 1918 2620 meſme
1975 2504 2229 2620 temps
2299 2504 2426 2620 que
2483 2504 2749 2620 l’eſpee

626 2628 1010 2750 contraire
1095 2628 1287 2750 paſſe
1359 2628 1479 2750 par
1564 2628 1864 2750 deſſous
1924 2628 1972 2750 la
2045 2628 2297 2750 ſienne
2381 2628 2634 2750 durant
2706 2628 2754 2750 la

625 2745 1019 2881 cavation,
1076 2745 1425 2881 s’avance
1492 2745 1537 2881 du
1627 2745 1853 2881 corps
1920 2745 2100 2881 avec
2157 2745 2202 2881 le
2281 2745 2450 2881 bras
2573 2745 2573 2881 &
2641 2745 2754 2881 l’e-

613 2878 784 2999 ſpee
858 2878 1287 2999 eſtendue,
1373 2878 1655 2999 dedans
1716 2878 2207 2999 l’ouverture
2305 2878 2366 2999 de
2428 2878 2759 2999 l’angle,

626 3004 1077 3122 cheminant
1134 3004 1308 3122 avec
1354 3004 1412 3122 le
1458 3004 1631 3122 pied
1701 3004 1885 3122 droit
1955 3004 2001 3122 en
2070 3004 2290 3122 avant
2336 3004 2452 3122 ſur
2509 3004 2556 3122 la
2625 3004 2752 3122 let-

623 3129 727 3247 tre
806 3129 858 3247 T,
950 3129 950 3247 &
1002 3129 1381 3247 pouſſant
1420 3129 1459 3247 la
1525 3129 1799 3247 pointe
1878 3129 1930 3247 de
1982 3129 2087 3247 ſon
2165 3129 2374 3247 eſpee
2440 3129 2753 3247 (aſſiſtée

635 3255 694 3372 de
753 3255 789 3372 la
848 3255 1250 3372 pourſuite
1321 3255 1380 3372 du
1451 3255 1628 3372 pied
1687 3255 2018 3372 gauche,
2089 3255 2278 3372 pour
2361 3255 2597 3372 mener
2680 3255 2727 3372 en

640 3379 804 3503 deçà
917 3379 917 3503 &
980 3379 1030 3503 au
1131 3379 1407 3503 dehors
1483 3379 1533 3503 du
1646 3379 1935 3503 Cercle)
1985 3379 1998 3503 à
2048 3379 2350 3503 travers
2400 3379 2450 3503 le
2526 3379 2626 3503 col
2689 3379 2752 3503 de

610 3502 1030 3623 l’Ennemi;
1079 3502 1264 3623 ſelon
1351 3502 1968 3623 demonſtration
2067 3502 2178 3623 des
2227 3502 2561 3623 figures.

1322 3663 1641 3861 Cercle
1891 3663 2187 3861 N.10.

1098 3877 1111 4001 E
1214 3877 1458 4001 Cercle
1522 3877 1830 4001 preſent
1920 3877 2010 4001 eſt
2074 3877 2112 4001 la
2189 3877 2600 4001 pourſuite
2703 3877 2767 4001 de

1069 4006 1528 4128 l’operation
1627 4006 1677 4128 du
1801 4006 2049 4128 Cercle
2173 4006 2210 4128 N.
2285 4006 2322 4128 8.
2409 4006 2458 4128 où
2595 4006 2768 4128 ALE-

1101 4126 1432 4257 XANDRE
1496 4126 1508 4257 à
1572 4126 1916 4257 aſſujetti
1954 4126 2413 4257 l’eſtocade;
2476 4126 2591 4257 qui
2629 4126 2757 4257 luy

1072 4252 1284 4379 avoit
1378 4252 1508 4379 eſté
1602 4252 1790 4379 tirée
1861 4252 1908 4379 en
2038 4252 2308 4379 dehors
2402 4252 2450 4379 du
2555 4252 2756 4379 bras.

687 4373 1139 4504 Maintenant
1187 4373 1223 4504 il
1282 4373 1330 4504 va
1401 4373 1924 4504 pourſuivre,
2019 4373 2019 4504 à
2091 4373 2424 4504 avancer
2471 4373 2519 4504 le
2590 4373 2757 4504 pied

642 4503 817 4626 droit
867 4503 980 4626 ſur
1017 4503 1067 4626 la
1117 4503 1342 4626 lettre
1430 4503 1480 4626 T,
1580 4503 1592 4626 &
1680 4503 1905 4626 mener
1955 4503 2005 4626 le
2068 4503 2243 4626 pied
2305 4503 2593 4626 gauche
2693 4503 2743 4626 en

613 4629 802 4743 ſuite
849 4629 861 4743 à
908 4629 1358 4743 l’advenant
1417 4629 1465 4743 au
1559 4629 1713 4743 deçà
1784 4629 2186 4743 leCercle,
2234 4629 2281 4743 en
2352 4629 2754 4743 touchant

613 4755 1099 4870 l’adverſaire
1183 4755 1313 4870 d’un
1396 4755 1586 4870 coup
1669 4755 1740 4870 de
1812 4755 2073 4870 pointe
2144 4755 2203 4870 au
2310 4755 2595 4870 dehors
2678 4755 2737 4870 du

620 4876 788 5001 bras
848 4876 848 5001 à
908 4876 1207 5001 travers
1255 4876 1291 5001 la
1350 4876 1602 5001 teſte;
1662 4876 1961 5001 comme
2033 4876 2068 5001 il
2140 4876 2224 5001 eſt
2296 4876 2751 5001 repreſenté

639 4998 690 5119 en
754 4998 792 5119 la
856 4998 1123 5119 figure.

800 5126 1198 5253 Touchant
1260 5126 1360 5253 les
1447 5126 1845 5253 oppoſites
1932 5126 2044 5253 des
2106 5126 2442 5253 feintes,
2542 5126 2654 5253 qui
2704 5126 2753 5253 ſe

628 5253 978 5375 peuvent
1060 5253 1457 5375 Pratiquer
1516 5253 1562 5375 en
1656 5253 1983 5375 diverſes
2065 5253 2497 5375 manieres,
2556 5253 2754 5375 pour

629 5375 1001 5488 traverſer
1048 5375 1141 5488 les
1211 5375 1664 5488 operations
1734 5375 2327 5488 d’ALExandre,
2385 5375 2420 5488 il
2478 5375 2525 5488 en
2618 5375 2745 5488 ſera

624 5496 747 5631 fait
808 5496 968 5631 plus
1017 5496 1263 5631 ample
1336 5496 1803 5631 declaration
1877 5496 1926 5631 en
1987 5496 2037 5631 la
2086 5496 2270 5631 ſuite
2344 5496 2405 5631 de
2467 5496 2528 5631 ce
2614 5496 2761 5631 meſ-

656 5625 734 5715 me
780 5625 1005 5715 livre.

824 5747 874 5870 Or
935 5747 1157 5870 ayant
1218 5747 1674 5870 repreſenté
1723 5747 1834 5870 par
1884 5747 1982 5870 les
2031 5747 2536 5870 precedents
2623 5747 2770 5870 Cer-

641 5873 824 5991 cles,
921 5873 933 5991 &
994 5873 1371 5991 expliqué
1431 5873 1480 5991 en
1541 5873 1747 5991 leurs
1820 5873 2391 5991 deſcriptions,
2452 5873 2549 5991 les
2647 5873 2768 5991 ma-

623 5985 881 6120 nieres
951 5985 1010 6120 de
1080 5985 1373 6120 donner
1444 5985 1678 6120 coups
1760 5985 1830 6120 de
1901 5985 2100 6120 taille
2158 5985 2264 6120 ſur
2323 5985 2381 6120 le
2440 5985 2604 6120 bras
2698 5985 2756 6120 de

627 6122 1137 6242 l’adverſaire,
1183 6122 1369 6242 avec
1450 6122 1845 6242 quelques
1914 6122 2181 6242 autres
2251 6122 2761 6242 operations,

659 6242 721 6372 de
794 6242 990 6372 quoy
1051 6242 1113 6372 on
1174 6242 1223 6372 ſe
1284 6242 1468 6372 peut
1517 6242 1799 6372 ſervir,
1873 6242 1922 6372 en
1983 6242 2252 6372 faiſant
2314 6242 2412 6372 ſes
2485 6242 2767 6372 appro-

645 6369 813 6495 ches
861 6369 981 6495 par
1029 6369 1065 6495 la
1125 6369 1317 6495 voye
1401 6369 1461 6495 de
1509 6369 1545 6495 la
1641 6369 2252 6495 Circonference
2312 6369 2372 6495 au
2468 6369 2636 6495 deçà
2708 6369 2756 6495 le

674 6494 1083 6615 Diametre;
1127 6494 1325 6615 nous
1381 6494 1966 6615 pourſuivrons
2054 6494 2529 6615 maintenant
2596 6494 2596 6615 à
2695 6494 2739 6615 en

637 6612 818 6725 faire
855 6612 915 6725 le
988 6612 1242 6725 meſme
1290 6612 1302 6725 à
1350 6612 1617 6725 l’autre
1677 6612 1871 6725 coſté
1943 6612 1991 6725 du
2112 6612 2536 6725 Diametre,
2596 6612 2753 6725 aſſa-

641 6739 789 6865 voir
881 6739 1269 6865 quelques
1337 6739 1760 6865 nouvelles
1817 6739 2285 6865 operations
2399 6739 2399 6865 &
2456 6739 2765 6865 notam-

665 6864 843 6993 ment
879 6864 986 6993 les
1045 6864 1603 6993 eſtramaçons,
1650 6864 1769 6993 qui
1804 6864 1864 6993 ſe
1911 6864 2303 6993 pourront
2362 6864 2765 6993 preſenter

3642 673 3949 855 Cercle
4185 673 4468 855 &N.11.

2934 899 3116 1031 Ayants
3161 899 3309 1031 touts
3354 899 3479 1031 deux
3536 899 3627 1031 eſté
3672 899 3672 1031 à
3718 899 3752 1031 la
3831 899 4081 1031 Premiere
4138 899 4410 1031 Inſtance,
4479 899 4774 1031 Alexandre
4819 899 5046 1031 travail-

3016 1024 3074 1146 le,
3156 1024 3156 1146 &
3226 1024 3413 1146 marche
3471 1024 3576 1146 avec
3623 1024 3646 1146 le
3716 1024 3833 1146 Pied
3891 1024 4008 1146 droit
4054 1024 4066 1146 à
4113 1024 4148 1146 la
4206 1024 4428 1146 Seconde
4486 1024 4568 1146 par
4626 1024 4719 1146 delà
4766 1024 4789 1146 le
4871 1024 5058 1146 Diame-

3021 1152 3125 1288 tre,
3164 1152 3281 1288 pour
3333 1152 3645 1288 pourſuivre
3697 1152 3736 1288 du
3788 1152 3905 1288 pied
3944 1152 4178 1288 gauche,
4217 1152 4217 1288 y
4269 1152 4673 1288 aſſujettiſſant
4725 1152 4894 1288 l’eſpee
4959 1152 5063 1288 Con-

3004 1300 3261 1385 traire.

2906 293 2906 443 à
2994 293 3282 443 donner
3332 293 3445 443 ſur
3482 293 3532 443 le
3583 293 3758 443 bras
3820 293 3883 443 de
3933 293 4472 443 l’adverſaire,
4534 293 4585 443 en
4660 293 4885 443 allant
4935 293 5048 443 par

2917 452 3052 559 delà
3101 452 3162 559 le
3260 452 3640 559 Diametre
3689 452 3701 559 à
3787 452 3934 559 main
4032 452 4314 559 droite.
