5520 7640
3314 5627 3795 5775 LEXANDRE
3857 5627 4203 5775 pourſuit
4265 5627 4302 5775 la
4351 5627 4808 5775 precedẽte,
4857 5627 4907 5775 en

3300 5761 3781 5902 deſmarchãt
3870 5761 4224 5902 derechef
4275 5761 4275 5902 à
4338 5761 4616 5902 l’inſtãt
4654 5761 4705 5902 le
4768 5761 4933 5902 pied

3313 5884 3486 6018 droit
3560 5884 3560 6018 à
3635 5884 4006 6018 reculons
4080 5884 4191 6018 par
4278 5884 4401 6018 delà
4476 5884 4525 6018 le
4649 5884 4933 6018 Cercle,

3283 6011 3470 6146 pour
3528 6011 3984 6146 pourſuivre
4030 6011 4579 6146 pareillement
4626 6011 4661 6146 la
4731 6011 4930 6146 volte

2851 6140 2897 6273 du
2979 6140 3142 6273 pied
3212 6140 3537 6273 gauche,
3584 6140 3816 6273 ayant
3875 6140 3875 6273 à
3968 6140 4026 6273 ce
4119 6140 4375 6273 meſme
4445 6140 4701 6273 temps
4770 6140 4933 6273 con-

2856 6258 2994 6393 duit
3045 6258 3309 6393 l’eſpee
3360 6258 3360 6393 à
3410 6258 3625 6393 l’aide
3713 6258 3763 6393 du
3839 6258 4154 6393 poignet
4230 6258 4343 6393 par
4431 6258 4671 6393 deſſus
4734 6258 4772 6393 ſa
4847 6258 4948 6393 te-

2834 6381 2973 6502 ſte,
3036 6381 3212 6502 dont
3249 6381 3287 6502 il
3337 6381 3564 6502 bleſſe
3627 6381 4105 6502 l’adverſaire
4193 6381 4256 6502 de
4319 6381 4520 6502 taille
4583 6381 4646 6502 au
4746 6381 4935 6502 coſté

2844 6508 3137 6643 gauche
3198 6508 3271 6643 de
3308 6508 3357 6643 la
3418 6508 3625 6643 teſte;
3686 6508 3735 6643 en
3821 6508 4297 6643 conformité
4370 6508 4468 6643 des
4516 6508 4846 6643 figures.

3043 6633 3092 6765 Or
3153 6633 3239 6765 eſt
3288 6633 3325 6765 il
3373 6633 3508 6765 que
3557 6633 3606 6765 le
3691 6633 3899 6765 corps
3972 6633 4559 6765 d’ALExandre,
4620 6633 4669 6765 en
4779 6633 4937 6765 don-

2832 6755 3012 6884 nant
3072 6755 3120 6884 le
3192 6755 3408 6884 coup,
3468 6755 3768 6884 devroit
3829 6755 3997 6884 eſtre
4057 6755 4117 6884 un
4189 6755 4309 6884 peu
4393 6755 4549 6884 plus
4621 6755 4934 6884 avancé,

4879 6880 4938 6971 de

3549 4737 3851 4911 Cercle
4024 4737 4326 4911 N16.

1267 4533 1583 4702 Cercle
1815 4533 2131 4702 N4.

1065 4788 1393 4883 Eiterant
1475 4788 1838 4883 derechef
1897 4788 2166 4883 toutes
2225 4788 2330 4883 les
2400 4788 2693 4883 aions

1044 4914 1093 5035 du
1214 4914 1445 5035 Cercle
1506 4914 1918 5035 precedẽt,
1979 4914 2027 5035 où
2137 4914 2695 5035 ALEXANDRE

1033 5033 1312 5158 atteint
1361 5033 1859 5158 l’adverſaire
1920 5033 2053 5158 d’un
2150 5033 2332 5158 coup
2429 5033 2697 5158 d’eſtra-

1067 5160 1301 5283 maçon
1371 5160 1430 5283 au
1512 5160 1804 5283 dedans
1863 5160 1921 5283 du
1992 5160 2202 5283 bras;
2261 5160 2308 5283 en
2389 5160 2448 5283 ce
2553 5160 2694 5283 Cer-

591 5284 680 5416 cle
730 5284 1035 5416 preſent
1086 5284 1111 5416 il
1175 5284 1492 5416 conduit
1543 5284 1822 5416 l’eſpee
1873 5284 2051 5416 avec
2089 5284 2305 5416 l’aide
2368 5284 2419 5416 du
2495 5284 2699 5416 poig-

573 5410 699 5533 net
757 5410 1400 5533 circulairement
1480 5410 1526 5533 en
1595 5410 1813 5533 angle
1882 5410 2100 5533 obtus
2181 5410 2330 5533 vers
2399 5410 2445 5533 ſa
2537 5410 2675 5533 main

591 5532 882 5663 gauche
932 5532 1046 5663 par
1122 5532 1362 5663 deſſus
1412 5532 1450 5663 ſa
1514 5532 1754 5663 teſte,
1791 5532 2158 5663 frappant
2234 5532 2297 5663 de
2373 5532 2549 5663 haut
2638 5532 2676 5663 en

585 5658 707 5785 bas
774 5658 841 5785 un
941 5658 1130 5785 coup
1208 5658 1274 5785 de
1352 5658 1608 5785 revers
1674 5658 1730 5785 au
1841 5658 2119 5785 dehors
2186 5658 2230 5785 du
2308 5658 2475 5785 bras
2530 5658 2697 5785 con-

582 5779 853 5912 traire:
927 5779 976 5912 en
1037 5779 1222 5912 ſuite
1296 5779 1357 5912 de
1419 5779 1616 5912 quoy
1665 5779 1702 5912 il
1739 5779 1961 5912 retire
2010 5779 2059 5912 le
2133 5779 2305 5912 pied
2404 5779 2687 5912 gauche

602 5906 710 6034 qui
770 5906 842 6034 eſt
914 5906 1178 6034 eſlevé,
1238 5906 1286 6034 en
1370 5906 1634 6034 arriere
1694 5906 1803 6034 par
1875 5906 2007 6034 delà
2055 5906 2115 6034 le
2199 5906 2487 6034 Cercle,
2583 5906 2691 6034 en-

579 6027 923 6159 trainant
972 6027 972 6159 à
1033 6027 1488 6159 l’advenant
1525 6027 1574 6159 le
1635 6027 1807 6159 pied
1869 6027 2053 6159 droit
2127 6027 2188 6159 de
2237 6027 2286 6159 la
2397 6027 2692 6159 Troiſie-

618 6155 693 6273 me
756 6155 1118 6273 Inſtance
1167 6155 1267 6273 ſur
1317 6155 1367 6273 le
1479 6155 1729 6273 Quarré
1816 6155 2266 6273 circonſcrit
2303 6155 2528 6273 lettre
2653 6155 2702 6273 X;

593 6283 642 6408 en
727 6283 1212 6408 conformité
1273 6283 1382 6408 des
1431 6283 1758 6408 figures.

671 315 931 448 Inſtance,
966 315 1237 448 frappant
1272 315 1673 448 enſemblement
1732 315 1815 448 d’un
1862 315 1980 448 coup
2050 315 2439 448 d’eſtramaçon
2498 315 2581 448 par
2628 315 2651 448 le

668 449 748 573 bas
783 449 851 573 (le
897 449 1001 573 pied
1047 449 1242 573 gauche
1288 449 1632 573 pourſuivant
1678 449 1712 573 en
1758 449 1907 573 l’air)
1976 449 2022 573 au
2091 449 2274 573 dedans
2343 449 2378 573 du
2447 449 2561 573 bras
2630 449 2642 573 d

670 577 1149 688 l’Adverſaire.

1034 721 1810 853 Ecommencement
1878 721 1947 853 de
2015 721 2198 853 ceſte
2255 721 2643 853 operation

1017 850 1315 972 depend
1390 850 1439 972 du
1551 850 1787 972 Cercle
1887 850 1924 972 N.
1961 850 2036 972 11.
2135 850 2148 972 A
2210 850 2645 972 LEXANDRI

1003 974 1259 1102 faiſant
1345 974 1698 1102 l’intrade
1796 974 1979 1102 avec
2064 974 2125 1102 le
2210 974 2381 1102 pied
2478 974 2649 1102 droit

997 1100 1191 1224 pour
1252 1100 1629 1224 executer
1689 1100 1859 1224 celle
1932 1100 1981 1224 du
2114 1100 2248 1224 N.12.
2284 1100 2296 1224 à
2345 1100 2661 1224 l’inſtant

571 1225 698 1345 que
768 1225 861 1345 ſon
942 1225 1116 1345 pied
1198 1225 1418 1345 eſlevé
1499 1225 1604 1345 s’en
1708 1225 1755 1345 va
1836 1225 2312 1345 tresbucher
2370 1225 2544 1345 avec
2614 1225 2648 1345 le

568 1349 810 1471 corps,
907 1349 1342 1471 ZACHARIE
1415 1349 1608 1471 pour
1657 1349 1717 1471 ſe
1778 1349 2153 1471 defendre
2225 1349 2661 1471 tranſporte

543 1473 644 1573 les
689 1473 935 1573 lames
980 1473 1159 1573 avec
1237 1473 1439 1573 force
1517 1473 1673 1573 vers
1729 1473 1785 1573 le
1864 1473 2043 1573 haut
2121 1473 2121 1573 à
2222 1473 2367 1573 main
2479 1473 2647 1573 droi-

552 1600 659 1720 te;
766 1600 837 1720 Ce
884 1600 1146 1720 temps
1217 1600 1561 1720 pendant
1668 1600 2357 1720 ALEXANDRE,
2440 1600 2654 1720 ayant

556 1722 813 1846 planté
863 1722 912 1846 le
961 1722 1132 1846 pied
1218 1722 1451 1846 eſlevé
1525 1722 1586 1846 un
1660 1722 1783 1846 peu
1881 1722 2040 1846 plus
2102 1722 2323 1846 avant
2384 1722 2396 1846 à
2482 1722 2654 1846 coſte

581 1846 632 1967 de
684 1846 722 1967 la
812 1846 1222 1967 Troiſieme
1298 1846 1644 1967 Inſtance
1708 1846 1939 1967 lettre
2067 1846 2144 1967 N,
2298 1846 2310 1967 &
2374 1846 2426 1967 le
2502 1846 2669 1967 pied

577 1970 865 2091 gauche
925 1970 1441 2091 pourſuivant
1489 1970 2161 2091 ſemblablement
2234 1970 2294 2091 de
2390 1970 2666 2091 monter

570 2092 615 2213 en
682 2092 863 2213 haut
920 2092 1089 2213 avec
1145 2092 1529 2213 retenue,
1620 2092 1653 2213 il
1721 2092 2071 2213 deſtache
2139 2092 2184 2213 en
2263 2092 2320 2213 ce
2421 2092 2670 2213 meſme

562 2218 815 2341 temps
853 2218 1130 2341 l’eſpee
1193 2218 1597 2341 contraire,
1648 2218 1976 2341 laquelle
2026 2218 2064 2341 il
2115 2218 2317 2341 laiſſe
2392 2218 2657 2341 enfuir,

569 2343 893 2467 conduit
941 2343 977 2467 la
1037 2343 1289 2467 ſienne
1349 2343 1349 2467 à
1409 2343 1601 2467 laide
1697 2343 1745 2467 du
1830 2343 2166 2467 poignet
2238 2343 2670 2467 circulaire-

588 2467 761 2589 ment
853 2467 911 2589 de
969 2467 1085 2589 bas
1142 2467 1304 2589 vers
1339 2467 1397 2589 le
1455 2467 1686 2589 haut,
1744 2467 1859 2589 luy
1952 2467 2299 2589 donnant
2380 2467 2634 2589 courſe

571 2593 619 2712 en
717 2593 1082 2712 frappant
1167 2593 1301 2712 d’un
1398 2593 1581 2712 coup
1678 2593 1739 2712 de
1824 2593 2019 2712 taille
2080 2593 2140 2712 au
2238 2593 2530 2712 dedans
2603 2593 2664 2712 du

551 2714 722 2840 bras
783 2714 844 2840 de
893 2714 1381 2840 l’adverſaire
1430 2714 1503 2840 un
1576 2714 1699 2840 peu
1784 2714 2004 2840 outre
2053 2714 2102 2840 le
2150 2714 2505 2840 poignet;
2553 2714 2675 2840 ſui-

567 2843 722 2966 vant
770 2843 818 2966 la
877 2843 1498 2966 repreſentation
1594 2843 1701 2966 des
1749 2843 2071 2966 figures.

695 2965 732 3085 Il
780 2965 938 3085 faut
987 2965 1339 3085 ſçavoir,
1437 2965 2105 3085 qu’ALExandre,
2226 2965 2567 3085 donnant
2627 2965 2664 3085 le

568 3090 762 3211 coup
823 3090 871 3211 en
992 3090 1259 3211 meſure
1331 3090 1355 3211 ſi
1416 3090 1804 3211 eſtroite,
1876 3090 2143 3211 durant
2215 3090 2349 3211 que
2409 3090 2676 3211 l’eſpee

567 3214 957 3336 contraire
1004 3214 1346 3336 s’enfuyt
1452 3214 1464 3336 &
1511 3214 1735 3336 avant
1818 3214 2078 3336 qu’elle
2148 3214 2231 3336 ait
2290 3214 2573 3336 achevé
2632 3214 2667 3336 ſa

572 3336 868 3460 courſe,
954 3336 1324 3460 marchera
1398 3336 1447 3460 du
1521 3336 1694 3460 pied
1756 3336 2051 3460 gauche
2113 3336 2224 3460 qui
2285 3336 2372 3460 eſt
2421 3336 2680 3460 eſlevé,

568 3459 614 3582 en
706 3459 1038 3582 arriere,
1130 3459 1451 3582 retirant
1532 3459 1692 3582 auſſi
1761 3459 1807 3582 le
1887 3459 2094 3582 corps
2162 3459 2162 3582 à
2231 3459 2678 3582 l’advenant

585 3582 819 3705 deſſus
868 3582 918 3705 le
1004 3582 1287 3705 meſme,
1398 3582 1410 3705 &
1472 3582 1916 3705 entrainant
1977 3582 2236 3705 quand
2347 3582 2359 3705 &
2433 3582 2680 3705 quand

558 3708 608 3830 le
657 3708 830 3830 pied
905 3708 1090 3830 droit
1152 3708 1202 3830 en
1276 3708 1498 3830 ſuite;
1535 3708 1647 3830 afin
1733 3708 1869 3830 que
1919 3708 1956 3830 ſi
2006 3708 2513 3830 l’Adverſaire
2574 3708 2686 3830 en-

557 3830 1016 3955 treprenoit
1086 3830 1145 3955 de
1204 3830 1368 3955 tirer
1415 3830 1521 3955 ſur
1568 3830 1686 3955 luy
1745 3830 1886 3955 une
1956 3830 2321 3955 eſtocade
2391 3830 2450 3955 de
2509 3830 2685 3955 haut

575 3956 623 4075 en
694 3956 849 4075 bas,
921 3956 1076 4075 qu’il
1147 3956 1290 4075 euſt
1338 3956 1385 4075 le
1445 3956 1695 4075 temps
1767 3956 1826 4075 de
1874 3956 1934 4075 le
1981 3956 2494 4075 rencontrer.
2637 3956 2684 4075 Or

560 4077 748 4202 pour
810 4077 873 4202 ce
935 4077 1185 4202 faire,
1273 4077 1310 4202 il
1373 4077 1573 4202 nous
1635 4077 1923 4202 ſemble
2011 4077 2173 4202 qu’il
2236 4077 2473 4202 ſuffira
2548 4077 2673 4202 d’en

562 4200 767 4322 avoir
839 4200 1081 4322 donné
1129 4200 1575 4322 ſeulement
1623 4200 1672 4322 la
1744 4200 2251 4322 deſcription,
2287 4200 2444 4322 ſans
2504 4200 2673 4322 eſtre

563 4329 820 4471 beſoin
905 4329 967 4471 de
1016 4329 1065 4471 le
1114 4329 1616 4471 repreſenter
1677 4329 1726 4471 en
1799 4329 2068 4471 figure.

3487 333 3798 504 Cercle
4043 333 4310 504 N.

2821 554 3119 679 Cependant
3165 554 3589 679 qu’Alexandre
3635 554 3876 679 s’avance
3933 554 4105 679 devers
4163 554 4197 679 la
4266 554 4529 679 Triſieme
4598 554 4908 679 Inſtance,

2922 678 3271 800 l’adverſaire
3326 678 3631 800 tranſporte
3664 678 3730 800 les
3773 678 3937 800 laes
3992 678 4002 800 à
4068 678 4177 800 main
4243 678 4494 800 droite;
4581 678 4581 800 à
4646 678 4679 800 ce
4755 678 4919 800 meſme

2926 802 3089 932 temps
3124 802 3159 932 il
3194 802 3369 932 plante
3404 802 3439 932 le
3474 802 3591 932 pied
3637 802 3754 932 droit
3789 802 3859 932 ſur
3905 802 3940 932 la
3987 802 4279 932 pretendue
4349 802 4617 932 Troiſieme
4664 802 4920 932 Inſtance,

2922 927 3036 1052 pour
3082 927 3391 1052 pourſuivre
3483 927 3494 1052 &
3540 927 3746 1052 planter
3791 927 3906 1052 tout
3974 927 3974 1052 à
4043 927 4272 1052 l’inſtant
4329 927 4352 1052 le
4420 927 4535 1052 pied
4592 927 4786 1052 gauche
4832 927 4912 1052 au-

2924 1051 3062 1177 pres,
3155 1051 3155 1177 &
3212 1051 3397 1177 eſlever
3455 1051 3686 1177 derechef
3720 1051 3755 1177 le
3813 1051 3928 1177 droit
3974 1051 4009 1177 en
4055 1051 4205 1177 forme
4263 1051 4390 1177 d’une
4447 1051 4597 1177 demie
4632 1051 4909 1177 fleurette,

2940 1169 2971 1299 de
3032 1169 3236 1299 maniere
3287 1169 3410 1299 qu’il
3441 1169 3482 1299 en
3543 1169 3727 1299 marche
3778 1169 3880 1299 plus
3921 1169 4125 1299 avant,
4197 1169 4381 1299 menant
4432 1169 4473 1299 au
4544 1169 4697 1299 meſme
4748 1169 4912 1299 temps

2931 1295 3114 1425 l’eſpee
3163 1295 3249 1425 par
3298 1295 3457 1425 deſſus
3506 1295 3543 1425 ſa
3604 1295 3715 1425 teſte
3776 1295 3886 1425 pour
3947 1295 4070 1425 tirer
4119 1295 4156 1425 un
4205 1295 4315 1425 coup
4401 1295 4768 1425 d’eſtramaçon
4829 1295 4915 1425 (en

2934 1426 3131 1570 voltt
3177 1426 3200 1570 le
3258 1426 3362 1570 pid
3409 1426 3605 1570 gauche
3652 1426 3686 1570 en
3744 1426 3999 1570 derriere)
4057 1426 4091 1570 au
4172 1426 4358 1570 dedans
4415 1426 4450 1570 du
4508 1426 4612 1570 bras
4658 1426 4693 1570 de
4763 1426 4925 1570 l’Ad-

2938 1546 3237 1659 verſaire.

3297 1680 3419 1819 Elle
3503 1680 3576 1819 cy
3637 1680 3988 1819 procede
4073 1680 4291 1819 encor
4364 1680 4910 1819 pareillement

3284 1813 3343 1910 du
3462 1813 3700 1910 Cercle
3831 1813 3867 1910 N.
3914 1813 3997 1910 11.
4104 1813 4663 1910 ALEXANDRE
4758 1813 4913 1910 mar-

3282 1934 3492 2032 chant
3562 1934 3620 2032 de
3679 1934 3714 2032 la
3807 1934 4156 2032 Seconde
4215 1934 4564 2032 Inſtance
4646 1934 4914 2032 devers

3258 2062 3304 2183 la
3396 2062 3867 2183 Troiſieſme,
3913 2062 4109 2183 pour
4166 2062 4534 2183 executer
4614 2062 4913 2183 comme

2816 2178 2867 2306 au
2982 2178 3224 2306 Cercle
3326 2178 3492 2306 N.12.
3543 2178 3543 2306 à
3594 2178 3925 2306 l’inſtant
4002 2178 4129 2306 que
4193 2178 4244 2306 le
4308 2178 4474 2306 pied
4563 2178 4741 2306 droit
4792 2178 4920 2306 luy

2821 2305 3286 2426 commence
3365 2305 3365 2426 à
3456 2305 3978 2426 tresbucher,
4115 2305 4580 2426 ZACHARIE
4648 2305 4807 2426 pare
4875 2305 4921 2426 le

2820 2428 3046 2558 coup,
3080 2428 3622 2558 tranſportant
3667 2428 3769 2558 les
3825 2428 4062 2558 lames
4130 2428 4311 2558 avec
4378 2428 4582 2558 force
4649 2428 4661 2558 à
4762 2428 4909 2558 main

2832 2550 3114 2661 droite,
3216 2550 3656 2661 toutesfois
3713 2550 3871 2661 ſans
3973 2550 4210 2661 mener
4255 2550 4300 2661 la
4357 2550 4605 2661 ſienne
4673 2550 4831 2661 vers
4876 2550 4922 2661 le

2810 2682 3015 2801 haut,
3061 2682 3359 2801 comme
3404 2682 3439 2801 il
3484 2682 3496 2801 à
3553 2682 3667 2801 fait
3724 2682 3770 2801 en
3839 2682 3942 2801 ſes
4010 2682 4193 2801 deux
4250 2682 4719 2801 operations
4765 2682 4925 2801 pre-

2824 2802 3269 2924 cedentes,
3375 2802 3433 2924 de
3527 2802 3843 2924 maniere
3925 2802 4089 2924 qu’il
4160 2802 4254 2924 n’y
4336 2802 4582 2924 auroit
4652 2802 4769 2924 pas
4851 2802 4921 2924 de

2837 2927 3084 3046 moyen
3190 2927 3249 3046 de
3319 2927 3437 3046 luy
3531 2927 3813 3046 donner
3896 2927 4002 3046 ces
4108 2927 4413 3046 meſmes
4496 2927 4931 3046 eſtafilades

2808 3052 2907 3138 ſur
2951 3052 3007 3138 le
3062 3052 3261 3138 bras.
3394 3052 3913 3138 ALEXANDRE
4001 3052 4189 3138 donc
4278 3052 4554 3138 marche
4631 3052 4808 3138 avec
4863 3052 4919 3138 le

2815 3173 2988 3292 pied
3063 3173 3237 3292 droit
3299 3173 3535 3292 eſlevé
3584 3173 3684 3292 ſur
3733 3173 3771 3292 la
3857 3173 4267 3292 Troiſieme
4329 3173 4652 3292 Inſtãce,
4702 3173 4925 3292 pour-

2813 3296 3111 3414 ſuivant
3158 3296 3778 3414 ſoudaniement
3837 3296 3837 3414 a
3897 3296 4194 3414 planter
4254 3296 4314 3414 le
4385 3296 4552 3414 pied
4635 3296 4921 3414 gauche

2816 3421 2985 3538 tout
3034 3421 3385 3538 joignant
3445 3421 3494 3538 le
3554 3421 4026 3538 precedent,
4111 3421 4159 3538 du
4244 3421 4401 3538 quel
4462 3421 4498 3538 il
4571 3421 4777 3538 entre
4910 3421 4922 3538 &

2850 3544 3123 3663 marche
3203 3544 3567 3663 derechef
3613 3544 3772 3663 tout
3840 3544 4500 3663 ſoudainement,
4568 3544 4614 3663 en
4682 3544 4921 3663 forme

2829 3655 3041 3779 d’une
3112 3655 3760 3779 demi-fleurette,
3795 3655 3843 3779 au
3937 3655 4078 3779 delà
4125 3655 4184 3779 le
4279 3655 4644 3779 Diametre
4703 3655 4809 3779 ſur
4880 3655 4915 3779 la

2822 3790 3014 3908 ligne
3142 3790 3257 3908 MS,
3347 3790 3616 3908 dedans
3680 3790 3948 3908 l’angle
4038 3790 4102 3908 de
4166 3790 4434 3908 l’eſpee
4524 3790 4933 3908 contraire,

2820 3913 3044 4032 ayant
3127 3913 3575 4032 cependant
3658 3913 3977 4032 conduit
4036 3913 4083 4032 la
4154 3913 4402 4032 ſienne
4473 3913 4473 4032 à
4544 3913 4756 4032 l’aide
4851 3913 4898 4032 du

2825 4033 3157 4155 poignet
3218 4033 3857 4155 circulairement
3906 4033 4029 4155 par
4091 4033 4324 4155 deſſus
4373 4033 4410 4155 ſa
4472 4033 4705 4155 teſte,
4767 4033 4803 4155 il
4853 4033 4902 4155 en

2825 4158 2960 4276 tire
3009 4158 3120 4276 (en
3218 4158 3514 4276 voltant
3575 4158 3624 4276 le
3723 4158 3932 4276 corps
4055 4158 4055 4276 &
4116 4158 4178 4276 le
4239 4158 4411 4276 pied
4497 4158 4780 4276 gauche
4866 4158 4915 4276 en

2848 4282 3160 4400 derriere
3220 4282 3328 4400 par
3400 4282 3533 4400 delà
3605 4282 3653 4400 le
3761 4282 4073 4400 Cercle)
4134 4282 4194 4400 un
4290 4282 4759 4400 eſtramaçon
4855 4282 4903 4400 au

2854 4403 3124 4520 dedans
3185 4403 3247 4520 du
3308 4403 3480 4520 bras
3542 4403 3603 4520 de
3652 4403 4193 4520 l’Adverſaire;
4230 4403 4415 4520 ſelon
4513 4403 4660 4520 qu’il
4722 4403 4796 4520 eſt
4845 4403 4943 4520 re-

2828 4528 3189 4650 preſenté
3264 4528 3301 4650 en
3376 4528 3413 4650 la
3476 4528 3750 4650 figure.

2847 4981 2949 5114 C’eſt
2994 4981 3028 5114 la
3085 4981 3346 5114 pourſuite
3403 4981 3437 5114 du
3493 4981 3822 5114 precedent;
3913 4981 4208 5114 Alexandre
4287 4981 4355 5114 des
4435 4981 4616 5114 marche
4684 4981 4798 5114 tout
4832 4981 4934 5114 ſou-

2962 5105 3244 5241 dainement
3342 5105 3374 5241 du
3428 5105 3548 5241 pied
3602 5105 3743 5241 droit,
3840 5105 3840 5241 &
3884 5105 3927 5241 en
3970 5105 4068 5241 fait
4133 5105 4176 5241 un
4230 5105 4317 5241 pas
4371 5105 4404 5241 en
4480 5105 4740 5241 arriere,
4826 5105 4935 5241 pour

2940 5230 3210 5360 continuer
3264 5230 3502 5360 derechef
3534 5230 3577 5360 en
3632 5230 3761 5360 volte
3815 5230 3923 5360 avec
3967 5230 3988 5360 le
4042 5230 4151 5360 pied
4215 5230 4518 5360 gauche,
4594 5230 4799 5360 donnant
4864 5230 4940 5360 en-

2940 5354 3275 5488 ſemblement
3319 5354 3364 5488 un
3409 5354 3520 5488 coup
3587 5354 3621 5488 de
3665 5354 3811 5488 taille
3866 5354 3866 5488 à
3911 5354 3978 5488 ſon
4045 5354 4313 5488 Contraire
4380 5354 4425 5488 au
4469 5354 4581 5488 coſté
4648 5354 4838 5488 gauche
4894 5354 4927 5488 de

2949 5493 2986 5605 la
3034 5493 3241 5605 teſte.
