5520 7640
598 320 658 462 de
765 320 1075 462 maniere
1158 320 1313 462 qu’il
1384 320 1599 462 ſeroit
1670 320 1849 462 tout
1933 320 2147 462 cache
2254 320 2576 462 derriere
2660 320 2707 462 le

589 462 805 584 corps
897 462 953 584 de
1022 462 1124 584 ſon
1249 462 1705 584 Contraire;
1784 462 1841 584 ce
1932 462 2058 584 que
2126 462 2319 584 nous
2388 462 2706 584 n’avons

592 580 706 713 pas
763 580 969 713 voulu
1049 580 1278 713 ſuivre
1346 580 1392 713 en
1461 580 1495 713 la
1563 580 1838 713 figure,
1906 580 2101 713 pour
2158 580 2341 713 vous
2444 580 2695 713 mettre

574 705 1039 833 l’operation
1118 705 1163 833 en
1243 705 1458 833 veuë.

1523 1925 2110 2155 Aintenant
2216 1925 2430 2155 puis
2554 1925 2715 2155 que
2821 1925 3088 2155 nous
3177 1925 3515 2155 avons
3622 1925 4084 2155 propoſé
4209 1925 4351 2155 ces
4458 1925 5027 2155 exemples,

1460 2142 1516 2297 de
1572 2142 1739 2297 tirer
1781 2142 1878 2297 les
1934 2142 2171 2297 coups
2241 2142 2311 2297 de
2366 2142 2561 2297 taille
2617 2142 2715 2297 ſur
2771 2142 2812 2297 le
2868 2142 3036 2297 bras
3105 2142 3161 2297 de
3217 2142 3802 2297 l’Adverſaire,
3928 2142 3942 2297 &
3998 2142 4067 2297 au
4151 2142 4541 2297 paravant
4639 2142 4681 2297 és
4750 2142 5001 2297 autres

1471 2289 1719 2437 Tables
1788 2289 1843 2437 on
1912 2289 2036 2437 luy
2105 2289 2160 2437 en
2229 2289 2229 2437 a
2298 2289 2697 2437 touſiours
2766 2289 3028 2437 donné
3083 2289 3193 2437 ſur
3235 2289 3276 2437 la
3345 2289 3579 2437 teſte;
3634 2289 3813 2437 peut
3882 2289 4062 2437 eſtre
4172 2289 4544 2437 Leeur,
4627 2289 4751 2437 que
4833 2289 5012 2437 vous

1428 2426 1619 2571 ſerez
1687 2426 1999 2571 curieux
2067 2426 2135 2571 de
2176 2426 2516 2571 ſçavoir,
2543 2426 2584 2571 ſi
2638 2426 2829 2571 nous
2883 2426 3277 2571 eſtimons
3332 2426 3454 2571 l’un
3576 2426 3590 2571 &
3631 2426 3916 2571 l’autre
3970 2426 4419 2571 egalemẽt,
4501 2426 4514 2571 &
4555 2426 4596 2571 ſi
4637 2426 4732 2571 les
4800 2426 5004 2571 occa-

1423 2564 1619 2713 ſions
1661 2564 1829 2713 ſont
1885 2564 2374 2713 ſemblables
2444 2564 2500 2713 ou
2584 2564 3102 2713 differentes;
3171 2564 3521 2713 d’autant
3577 2564 3717 2713 que
3787 2564 3843 2713 ce
3899 2564 4080 2713 n’eſt
4136 2564 4262 2713 pas
4304 2564 4500 2713 aſſez
4570 2564 4626 2713 de
4682 2564 5017 2713 s’imagi-

1417 2700 1541 2854 ner
1610 2700 1857 2854 d’eſtre
1926 2700 1968 2854 en
2050 2700 2119 2854 un
2201 2700 2380 2854 beau
2435 2700 2724 2854 jardin,
2793 2700 2848 2854 où
2917 2700 2958 2854 il
3013 2700 3027 2854 y
3096 2700 3316 2854 croiſt
3371 2700 3591 2854 toute
3646 2700 3852 2854 ſorte
3921 2700 4306 2854 d’herbes,
4375 2700 4444 2854 de
4499 2700 4760 2854 fleurs,
4870 2700 4870 2854 &
4953 2700 5008 2854 de

573 2849 839 2993 fruits;
937 2849 1091 2993 mais
1161 2849 1314 2993 qu’il
1370 2849 1524 2993 faut
1580 2849 1762 2993 auſſi
1818 2849 2097 2993 ſavoir,
2167 2849 2251 2993 s’il
2307 2849 2391 2993 eſt
2447 2849 2740 2993 permis
2824 2849 2950 2993 d’en
3034 2849 3383 2993 cueillir,
3523 2849 3523 2993 &
3593 2849 3593 2993 à
3691 2849 3928 2993 quelle
4012 2849 4488 2993 condition.
4683 2849 4865 2993 Pour
4921 2849 5019 2993 re-

573 2987 868 3133 ſponce
908 2987 922 3133 à
989 2987 1177 3133 ceſte
1244 2987 1889 3133 conſideration,
1943 2987 2050 3133 qui
2117 2987 2198 3133 eſt
2252 2987 2440 3133 belle
2547 2987 2561 3133 &
2614 2987 2829 3133 utile,
2869 2987 2963 3133 les
3031 2987 3447 3133 occaſions
3514 2987 3702 3133 vous
3756 2987 3931 3133 ſont
4011 2987 4589 3133 repreſentées
4642 2987 4710 3133 au
4857 2987 5018 3133 Cer-

585 3128 669 3275 cle
795 3128 907 3275 N.2.
963 3128 1005 3275 en
1103 3128 1411 3275 dedans,
1509 3128 1509 3275 &
1634 3128 1774 3275 N.12.
1844 3128 1900 3275 en
1998 3128 2264 3275 dehors
2334 3128 2390 3275 du
2460 3128 2669 3275 bras;
2739 3128 3201 3275 contenant
3243 3128 3690 3275 l’eſtocade
3760 3128 4390 3275 qu’Alexandre
4446 3128 4572 3275 tire
4628 3128 4628 3275 à
4683 3128 4725 3275 la
4823 3128 5019 3275 Troi-

575 3272 802 3414 ſieme
858 3272 1226 3414 Inſtance
1283 3272 1340 3414 au
1411 3272 1764 3414 longdes
1821 3272 2076 3414 eſnees
2147 3272 2402 3414 devers
2444 3272 2486 3414 la
2543 3272 2741 3414 teſte
2812 3272 2869 3414 de
2996 3272 3392 3414 Zacharie.
3562 3272 3619 3414 Et
3690 3272 3959 3414 quand
4058 3272 4426 3414 Zacharie
4468 3272 4511 3414 la
4582 3272 4752 3414 pare
4836 3272 5006 3414 avec

564 3412 699 3555 bon
807 3412 1009 3555 Poids
1103 3412 1117 3555 &
1171 3412 1346 3555 avec
1414 3412 1751 3555 quelque
1805 3412 2047 3555 force,
2128 3412 2573 3555 Alexandre
2627 3412 2884 3555 n’aura
2965 3412 3086 3555 par
3140 3412 3598 3555 ſeulement
3666 3412 3706 3555 le
3787 3412 4030 3555 choix,
4111 3412 4178 3555 de
4232 3412 4367 3555 luy
4448 3412 4623 3555 tirer
4677 3412 4731 3555 le
4812 3412 5001 3555 coup

593 3551 1156 3698 d’eſtramaçon
1225 3551 1335 3698 ſur
1376 3551 1417 3698 la
1486 3551 1706 3698 teſte,
1761 3551 1829 3698 ou
1898 3551 1994 3698 ſur
2063 3551 2118 3698 le
2186 3551 2351 3698 bras
2406 3551 2599 3698 ſelon
2695 3551 2860 3698 qu’il
2915 3551 3244 3698 voudra,
3327 3551 3478 3698 mais
3560 3551 3849 3698 encore
3931 3551 4398 3698 d’avantage
4495 3551 4550 3698 de
4618 3551 4673 3698 ſe
4756 3551 5017 3698 preva-

562 3692 685 3840 loir
768 3692 823 3840 de
877 3692 1261 3840 pluſieurs
1316 3692 1577 3840 autres
1618 3692 1961 3840 aions,
2029 3692 2345 3840 comme
2427 3692 2482 3840 de
2523 3692 2660 3840 luy
2715 3692 3209 3840 redompter
3332 3692 3346 3840 &
3401 3692 3798 3840 aſſujettir
3881 3692 4265 3840 derechef
4333 3692 4676 3840 l’eſpee,
4772 3692 4840 3840 ou
4950 3692 5005 3840 de

590 3833 885 3977 donner
936 3833 1513 3977 Imbrocades,
1590 3833 1654 3977 ou
1718 3833 1898 3977 faire
1949 3833 2218 3977 autres
2269 3833 2769 3977 operations,
2846 3833 2962 3977 qui
3000 3833 3179 3977 ſont
3231 3833 3795 3977 repreſentées
3846 3833 3949 3977 ſur
4000 3833 4090 3977 les
4192 3833 4513 3977 meſmes
4589 3833 5000 3977 occaſions

577 3972 617 4120 en
697 3972 950 4120 autres
1017 3972 1377 4120 endroits
1443 3972 1510 4120 de
1577 3972 1630 4120 ce
1723 3972 1950 4120 Livre.
2137 3972 2203 4120 De
2257 3972 2470 4120 façon
2563 3972 2697 4120 que
2777 3972 2937 4120 c’eſt
2990 3972 3003 4120 à
3070 3972 3110 4120 la
3190 3972 3417 4120 verité
3497 3972 3577 4120 un
3657 3972 3897 4120 jardin
4017 3972 4070 4120 de
4150 3972 4617 4120 plaiſance,
4710 3972 5017 4120 enrichi

587 4111 818 4260 d’une
904 4111 1366 4260 treſgrande
1481 4111 1813 4260 diverſité
1914 4111 2448 4260 d’operations
2548 4111 2736 4260 pour
2837 4111 3053 4260 celuy
3154 4111 3270 4260 qui
3356 4111 3414 4260 en
3529 4111 3616 4260 eſt
3731 4111 4092 4260 capable.
4322 4111 4452 4260 Mais
4539 4111 4669 4260 que
4755 4111 4798 4260 le
4928 4111 5015 4260 Di-

567 4250 793 4394 ſciple
859 4250 992 4394 ſoit
1071 4250 1469 4394 touſiours
1536 4250 1854 4394 adverti
1934 4250 2093 4394 qu’il
2160 4250 2239 4394 ne
2306 4250 2359 4394 ſe
2425 4250 2770 4394 hazarde
2850 4250 2969 4394 pas
3049 4250 3102 4394 du
3208 4250 4045 4394 commencement,
4111 4250 4111 4394 à
4204 4250 4509 4394 vouloir
4576 4250 4761 4394 faire
4828 4250 5014 4394 tout

585 4392 1020 4549 enſemble.
1216 4392 1329 4549 Car
1413 4392 1469 4549 ce
1553 4392 1666 4549 qui
1722 4392 1820 4549 eſt
1918 4392 2199 4549 Varieté
2283 4392 2480 4549 pour
2522 4392 2929 4549 l’homme
2999 4392 3013 4549 a
3083 4392 3322 4549 droit,
3392 4392 3434 4549 ce
3490 4392 3729 4549 ſeroit
3799 4392 4206 4549 confuſion
4305 4392 4501 4549 pour
4571 4392 4740 4549 luy.
4908 4392 4978 4549 Au

572 4531 793 4683 reſte,
835 4531 918 4683 s’il
973 4531 1126 4683 faut
1181 4531 1430 4683 parler
1500 4531 1555 4683 de
1624 4531 1680 4683 ce
1763 4531 1874 4683 qui
1929 4531 2012 4683 eſt
2067 4531 2234 4683 plus
2289 4531 2760 4683 expedient,
2829 4531 2898 4683 de
2954 4531 3272 4683 frapper
3314 4531 3314 4683 à
3369 4531 3411 4683 la
3480 4531 3674 4683 teſte
3757 4531 3826 4683 ou
3896 4531 3965 4683 au
4034 4531 4228 4683 bras,
4270 4531 4325 4683 je
4380 4531 4602 4683 tiens,
4671 4531 4796 4683 que
4865 4531 4990 4683 l’un

583 4672 665 4826 eſt
719 4672 911 4826 bon,
1006 4672 1020 4826 &
1061 4672 1335 4826 l’autre
1389 4672 1622 4826 encor
1704 4672 2073 4826 meilleur,
2182 4672 2196 4826 &
2264 4672 2387 4826 que
2456 4672 2620 4826 c’eſt
2675 4672 3331 4826 ordinairement
3386 4672 3427 4826 le
3481 4672 3645 4826 plus
3700 4672 3864 4826 ſeur
3932 4672 4001 4826 de
4042 4672 4302 4826 fraper
4370 4672 4370 4826 à
4438 4672 4479 4826 la
4561 4672 4808 4826 teſte,
4862 4672 4999 4826 ſoit

602 4809 656 4955 de
710 4809 995 4955 pointe
1050 4809 1185 4955 ſoit
1267 4809 1321 4955 de
1375 4809 1606 4955 taille.
1728 4809 1905 4955 Pour
1973 4809 2027 4955 ce
2095 4809 2217 4955 que
2271 4809 2801 4955 l’adverſaire,
2869 4809 3127 4955 quand
3168 4809 3208 4955 il
3263 4809 3358 4955 eſt
3412 4809 3711 4955 touché
3779 4809 3792 4955 à
3860 4809 3901 4955 la
3969 4809 4227 4955 teſte,
4376 4809 4376 4955 &
4457 4809 5014 4955 notamment

569 4948 624 5112 au
706 4948 980 5112 viſage,
1021 4948 1062 5112 il
1117 4948 1172 5112 en
1254 4948 1337 5112 eſt
1391 4948 1816 5112 tellement
1885 4948 2241 5112 eſtourdi
2296 4948 2351 5112 au
2460 4948 2734 5112 meſme
2776 4948 3118 5112 inſtant,
3187 4948 3351 5112 qu’il
3406 4948 3488 5112 ne
3557 4948 3858 5112 ſauroit
3940 4948 4146 5112 quaſi
4215 4948 4338 5112 rien
4420 4948 4653 5112 faire,
4694 4948 4996 5112 juſqu’à

570 5087 742 5258 tant
814 5087 971 5258 qu’il
1043 5087 1129 5258 ait
1201 5087 1258 5258 eu
1330 5087 1516 5258 loiſir
1602 5087 1659 5258 de
1717 5087 1760 5258 ſe
1817 5087 2089 5258 raviſer
2190 5087 2190 5258 &
2261 5087 2319 5258 de
2376 5087 2820 5258 reprendre
2877 5087 2963 5258 ſes
3035 5087 3565 5258 cogitations.
3694 5087 4024 5258 Dequoy
4067 5087 4511 5258 l’aſſaillant
4569 5087 4769 5258 ſaura
4826 5087 4984 5258 bien

567 5223 744 5398 faire
798 5223 907 5398 ſon
989 5223 1261 5398 profit,
1356 5223 1369 5398 &
1410 5223 1886 5398 pourſuivre
1940 5223 2103 5398 tant
2198 5223 2429 5398 mieux
2484 5223 2592 5398 ſon
2660 5223 3095 5398 avantage.
3204 5223 3258 5398 Or
3353 5223 3408 5398 de
3476 5223 3639 5398 cecy
3707 5223 3897 5398 vous
3938 5223 4210 5398 ſeront
4305 5223 4617 5398 donnez
4713 5223 4767 5398 de
4848 5223 4998 5398 plus

570 5367 858 5538 nobles
913 5367 1353 5538 exemples,
1449 5367 1449 5538 &
1531 5367 1586 5538 de
1641 5367 1806 5538 plus
1847 5367 2149 5538 amples
2204 5367 2520 5538 raiſons,
2588 5367 2630 5538 en
2726 5367 2781 5538 ce
2849 5367 2959 5538 qui
3014 5367 3151 5538 ſera
3234 5367 3577 5538 diſcouru
3673 5367 3742 5538 cy
3797 5367 4016 5538 apres
4085 5367 4195 5538 ſur
4263 5367 4346 5538 les
4428 5367 4675 5538 eſpees
4744 5367 5005 5538 libres.

617 5504 674 5678 Et
731 5504 1346 5678 paradventure
1417 5504 1546 5678 que
1617 5504 1803 5678 Iules
1931 5504 2174 5678 Ceſar,
2260 5504 2546 5678 duquel
2589 5504 2689 5678 les
2746 5504 3117 5678 hiſtoires
3203 5504 3832 5678 deſmoignent,
3917 5504 4075 5678 qu’il
4160 5504 4761 5678 commandoit
4832 5504 4832 5678 à
4903 5504 5003 5678 ſes

586 5641 750 5806 gens
832 5641 1119 5806 darmes
1202 5641 1256 5806 de
1311 5641 1475 5806 tirer
1557 5641 1968 5806 touſiours
2009 5641 2009 5806 à
2064 5641 2105 5806 la
2160 5641 2324 5806 face
2392 5641 2502 5806 des
2584 5641 2995 5806 Ennemis,
3063 5641 3077 5806 y
3132 5641 3337 5806 avoit
3392 5641 3583 5806 auſſi
3624 5641 4062 5806 remarqué
4145 5641 4309 5806 telle
4391 5641 4459 5806 ou
4555 5641 4993 5806 ſemblable

592 5783 839 5942 cauſe.
984 5783 1188 5942 Quoy
1275 5783 1435 5942 qu’il
1493 5783 1536 5942 en
1609 5783 1754 5942 ſoit
1798 5783 1841 5942 la
1900 5783 2132 5942 verité
2190 5783 2277 5942 eſt
2336 5783 2539 5942 telle;
2568 5783 2626 5942 le
2684 5783 2888 5942 coup
2960 5783 3077 5942 qui
3120 5783 3208 5942 eſt
3295 5783 3542 5942 donné
3600 5783 3600 5942 à
3658 5783 3702 5942 la
3760 5783 3978 5942 teſte,
4021 5783 4152 5942 fait
4225 5783 4515 5942 offenſe
4632 5783 4632 5942 &
4704 5783 5010 5942 defenſe

582 5925 755 6084 tout
808 5925 1259 6084 enſemble;
1365 5925 1379 6084 &
1432 5925 1618 6084 pour
1671 5925 1843 6084 tant
1896 5925 2096 6084 nous
2122 5925 2175 6084 le
2242 5925 2534 6084 tenons
2587 5925 2773 6084 pour
2826 5925 2879 6084 le
2932 5925 3091 6084 plus
3144 5925 3330 6084 ſeur.

1054 1197 1501 1326 Inalement
1561 1197 1779 1326 voicy
1827 1197 1863 1326 la
1924 1197 2105 1326 ſuite
2189 1197 2250 1326 de
2298 1197 2334 1326 la
2431 1197 2721 1326 dernie-

1036 1317 1095 1450 re
1166 1317 1700 1450 precedente.
1889 1317 1972 1450 ZA
2043 1317 2399 1450 CHARIE
2482 1317 2707 1450 tranſ-

1040 1445 1365 1571 portant
1423 1445 1469 1571 le
1550 1445 1724 1571 pied
1794 1445 1979 1571 droit
2049 1445 2106 1571 un
2188 1445 2303 1571 peu
2385 1445 2605 1571 outre
2651 1445 2709 1571 le

1085 1572 1457 1698 Diametre
1505 1572 1744 1698 lettre
1852 1572 1912 1698 V,
1984 1572 2164 1698 pour
2236 1572 2703 1698 pourſuivre

593 1694 642 1826 du
727 1694 897 1826 pied
1007 1694 1299 1826 gauche
1372 1694 1421 1826 en
1494 1694 1750 1826 forme
1823 1694 1896 1826 de
1969 1694 2164 1826 volte
2225 1694 2286 1826 au
2408 1694 2578 1826 deça
2651 1694 2700 1826 le

2905 284 3284 419 Diametre
3332 284 3332 419 à
3381 284 3430 419 la
3479 284 3711 419 lettre
3833 284 3882 419 V,
3955 284 4113 419 puis
4187 284 4235 419 ſe
4309 284 4589 419 tourne
4663 284 4711 419 le
4797 284 5004 419 corps

2880 412 3150 555 devers
3187 412 3236 555 ſa
3297 412 3531 555 partie
3592 412 4231 555 raccourciſſant
4268 412 4587 555 l’eſpee,
4649 412 4808 555 qu’il
4882 412 5005 555 met

2853 534 2865 663 à
2915 534 3015 663 ſon
3102 534 3301 663 coſté
3364 534 3550 663 droit
3600 534 3787 663 avec
3837 534 3874 663 la
3937 534 4211 663 pointe
4261 534 4622 663 abaiſſée,
4659 534 4859 663 pour
4896 534 5008 663 luy

2867 664 2913 782 en
3038 664 3221 782 tirer
3312 664 3449 782 une
3563 664 3963 782 eſtocade.
4146 664 4157 782 A
4260 664 4317 782 ce
4420 664 4671 782 meſme
4751 664 5002 782 temps

2881 788 3442 924 ALEXANDRE
3503 788 3686 924 paſſe
3747 788 3930 924 avec
3979 788 4028 924 le
4076 788 4259 924 pied
4320 788 4515 924 droit
4564 788 4662 924 ſur
4711 788 4759 924 le
4820 788 5003 924 bout

2885 904 2924 1067 du
3056 904 3543 1067 Quadrangle
3635 904 3938 1067 marqué
4030 904 4083 1067 Z,
4149 904 4201 1067 ſe
4267 904 4570 1067 voltant
4649 904 4886 1067 deſſus
4952 904 5005 1067 le

2880 1031 3136 1191 meſme
3197 1031 3380 1191 avec
3417 1031 3478 1191 le
3527 1031 3710 1191 pied
3771 1031 4064 1191 gauche
4125 1031 4186 1191 un
4272 1031 4504 1191 grand
4552 1031 4675 1191 pas
4723 1031 4736 1191 à
4797 1031 5004 1191 recu-

2855 1158 3016 1311 lons
3066 1158 3128 1311 au
3215 1158 3488 1311 dehors
3600 1158 3600 1311 &
3649 1158 3712 1311 au
3799 1158 3960 1311 deçà
4022 1158 4072 1311 le
4159 1158 4469 1311 Cercle;
4519 1158 4693 1311 ainſi
4730 1158 4792 1311 ſe
4842 1158 5003 1311 reti-

2855 1296 2919 1434 re
2983 1296 3047 1434 de
3099 1296 3137 1434 la
3201 1296 3572 1434 preſence
3661 1296 3725 1434 de
3789 1296 4084 1434 l’Eſpee
4173 1296 4211 1434 du
4339 1296 4787 1434 Contraire,
4889 1296 5005 1434 luy

2870 1427 3216 1543 donnant
3283 1427 3662 1543 derechef
3717 1427 3762 1543 en
3851 1427 3907 1543 ce
3985 1427 4252 1543 meſme
4308 1427 4564 1543 temps
4631 1427 4698 1543 un
4787 1427 4999 1543 autre

2864 1544 3052 1684 coup
3127 1544 3666 1684 d’eſtramaçon
3742 1544 3792 1684 au
3892 1544 4080 1684 coſté
4156 1544 4444 1684 gauche
4544 1544 4607 1684 de
4657 1544 4695 1684 la
4770 1544 5008 1684 teſte;

2851 1683 3038 1811 ſelon
3101 1683 3163 1811 le
3213 1683 3612 1811 pourtrait
3687 1683 3750 1811 de
3787 1683 3999 1811 leurs
4062 1683 4386 1811 figures.

1324 944 1638 1119 Cercle
1884 944 2131 1119 N.1.
