5520 7640
2823 5452 2869 5584 le
2948 5452 3153 5584 vient
3221 5452 3699 5584 approcher,
3778 5452 3824 5584 en
3915 5452 4301 5584 marchant
4369 5452 4551 5584 deux
4619 5452 4676 5584 ou
4744 5452 4926 5584 trois

2827 5574 2945 5711 pas
3015 5574 3062 5711 en
3133 5574 3379 5711 avant,
3473 5574 3591 5711 met
3649 5574 3696 5711 le
3743 5574 3919 5711 pied
3990 5574 4178 5711 droit
4225 5574 4237 5711 à
4295 5574 4483 5711 terre
4554 5574 4824 5711 dedans
4883 5574 4930 5711 le

2888 5702 3355 5836 Quadrangle
3433 5702 3770 5836 oppoſite
3821 5702 3925 5836 ſur
3964 5702 4003 5836 la
4068 5702 4288 5836 lettre
4379 5702 4431 5836 X,
4495 5702 4936 5836 jettanten-

2830 5825 3368 5954 ſemblement
3428 5825 3535 5954 ſon
3619 5825 3822 5954 eſpee
3906 5825 3965 5954 de
4025 5825 4288 5954 l’angle
4348 5825 4575 5954 obtus
4622 5825 4945 5954 (entrai-

2833 5946 3013 6081 nant
3064 5946 3115 6081 le
3192 5946 3358 6081 pied
3435 5946 3729 6081 gauche
3793 5946 3895 6081 ſur
3959 5946 3997 6081 la
4061 5946 4253 6081 ligne
4330 5946 4586 6081 Pedale
4701 5946 4765 6081 Z)
4867 5946 4906 6081 en

2854 6066 3077 6203 droite
3127 6066 3375 6203 ligne,
3424 6066 3771 6203 parallele
3833 6066 3895 6203 au
3982 6066 4267 6203 deſſous
4341 6066 4403 6203 de
4440 6066 4700 6203 l’eſpee
4775 6066 4936 6203 con-

2828 6191 3084 6327 traire;
3145 6191 3328 6327 ſelon
3426 6191 3584 6327 qu’il
3657 6191 3706 6327 en
3803 6191 3889 6327 eſt
3950 6191 4120 6327 faite
4169 6191 4328 6327 plus
4388 6191 4632 6327 ample
4705 6191 4937 6327 decla-

2829 6319 3055 6436 ration
3150 6319 3198 6436 és
3269 6319 3519 6436 autres
3614 6319 3900 6436 Tables,
3983 6319 4031 6436 où
4114 6319 4198 6436 ils
4269 6319 4388 6436 ont
4459 6319 4828 6436 pratiqué
4888 6319 4923 6436 la

2854 6440 3109 6574 meſme
3193 6440 3654 6574 operation;
3775 6440 3775 6574 &
3835 6440 4114 6574 l’eſſe
4198 6440 4247 6574 en
4332 6440 4416 6574 eſt
4477 6440 4937 6574 repreſenté

2828 6566 2940 6700 par
2990 6566 3089 6700 les
3138 6566 3460 6700 propres
3510 6566 3807 6700 figures
3869 6566 3931 6700 de
3993 6566 4055 6700 ce
4117 6566 4415 6700 preſent
4514 6566 4774 6700 Cercle.

1341 5459 1661 5639 Cercle
1866 5459 2049 5639 N.1.

592 5669 673 5813 Les
720 5669 918 5813 parties
988 5669 1197 5813 plantez
1244 5669 1314 5813 ſur
1360 5669 1384 5813 le
1454 5669 1617 5813 Cercle
1663 5669 1698 5813 en
1768 5669 2024 5813 Premiere
2071 5669 2339 5813 Inſtance,
2397 5669 2607 5813 chaſcun
2653 5669 2688 5813 en

686 5803 748 5942 ſon
860 5803 1245 5942 Quadrangle,
1308 5803 1419 5942 avec
1457 5803 1519 5942 les
1569 5803 1730 5942 eſpees
1780 5803 1817 5942 en
1879 5803 2029 5942 droite
2091 5803 2265 5942 ligne,
2327 5803 2439 5942 celle
2501 5803 2526 5942 de
2613 5803 2700 5942 Za-

678 5934 862 6066 charie
908 5934 1161 6066 parallele
1218 5934 1264 6066 au
1333 5934 1517 6066 deſſous
1575 5934 1598 6066 de
1644 5934 1678 6066 la
1747 5934 2103 6066 Contraire.

1081 6080 1081 6198 N
1176 6080 1355 6198 ceſte
1439 6080 1773 6198 occaſion
1916 6080 2476 6198 ALEXANDRE
2548 6080 2691 6198 S’eſt

1023 6207 1286 6346 planté
1336 6207 1386 6346 le
1436 6207 1775 6346 premier
1825 6207 1925 6346 ſur
1975 6207 2025 6346 le
2113 6207 2351 6346 Cercle
2426 6207 2476 6346 en
2564 6207 2701 6346 for-

1056 6331 1134 6470 me
1227 6331 1463 6470 deuë,
1542 6331 1818 6470 dedans
1884 6331 1937 6470 le
2042 6331 2516 6470 Quadrangle
2621 6331 2700 6470 A,

1018 6458 1470 6600 preſentant
1543 6458 1811 6600 l’eſpee
1860 6458 1860 6600 à
1933 6458 2030 6600 ſon
2103 6458 2542 6600 adverſaire
2603 6458 2689 6600 (a-

569 6585 690 6731 vec
751 6585 799 6731 le
871 6585 1089 6731 corps
1138 6585 1319 6731 tout
1380 6585 1609 6731 droit)
1682 6585 1730 6731 en
1827 6585 2069 6731 droite
2105 6585 2347 6731 ligne,
2396 6585 2589 6731 pour
2638 6585 2686 6731 le

563 6712 793 6853 laiſſer
857 6712 1242 6853 travailler
1319 6712 1588 6853 deſſus.
1691 6712 1806 6853 Qui
1845 6712 1973 6853 fait
2037 6712 2165 6853 que
2255 6712 2691 6853 ZACHARIE

1562 1596 1562 1885 E
1664 1596 2029 1885 toutes
2090 1596 2212 1885 les
2334 1596 2699 1885 Tables
2760 1596 3471 1885 precedentes
3552 1596 3613 1885 il
3694 1596 3836 1885 n’y
3918 1596 3999 1885 en
4121 1596 4121 1885 a
4222 1596 4385 1885 pas
4466 1596 4710 1885 une,
4832 1596 4974 1885 qui

1488 1855 1958 2014 demonſtre
2027 1855 2192 2014 plus
2261 1855 2731 2014 clairement
2800 1855 3297 2014 l’excellence
3393 1855 3449 2014 de
3518 1855 3559 2014 la
3642 1855 3849 2014 vraye
3932 1855 4318 2014 Pratique,
4387 1855 4512 2014 que
4594 1855 4760 2014 celle
4843 1855 4953 2014 qui

1468 1992 1795 2146 s’enſuit
1874 1992 2424 2146 maintenant:
2490 1992 2647 2146 puis
2712 1992 3315 2146 qu’Alexandre
3380 1992 3393 2146 a
3472 1992 3812 2146 travaillé
3878 1992 4284 2146 touſiours
4336 1992 4454 2146 par
4533 1992 4598 2146 cy
4677 1992 4939 2146 devant

1471 2135 1638 2283 avec
1694 2135 2139 2283 l’avantage
2223 2135 2279 2283 de
2334 2135 2529 2283 tenir
2571 2135 2835 2283 l’eſpee
2933 2135 2989 2283 de
3030 2135 3518 2283 l’adverſaire
3587 2135 4019 2283 aſſujettie,
4116 2135 4130 2283 &
4214 2135 4701 2283 maintenant
4784 2135 4951 2283 c’eſt

1469 2273 1649 2424 tout
1717 2273 1759 2424 le
1841 2273 2269 2424 contraire,
2324 2273 2365 2424 il
2420 2273 2420 2424 a
2503 2273 2903 2424 touſiours
2971 2273 3233 2424 taſché
3330 2273 3385 2424 de
3454 2273 3785 2424 prendre
3853 2273 3895 2424 la
3977 2273 4501 2424 ſuperiorité,
4625 2273 4639 2424 &
4708 2273 4708 2424 à
4790 2273 4928 2424 ceſt

1472 2412 1710 2563 heure
1752 2412 1794 2563 il
1850 2412 1892 2563 ſe
1976 2412 2018 2563 va
2102 2412 2270 2563 faire
2340 2412 2718 2563 inferieur
2788 2412 2914 2563 luy
3012 2412 3320 2563 meſme.
3460 2412 3516 2563 Or
3586 2412 3754 2563 ainſi
3838 2412 3964 2563 que
4020 2412 4063 2563 la
4147 2412 4567 2563 ſuffiſance
4651 2412 4707 2563 du
4833 2412 4945 2563 ma-

584 2545 808 2704 rinier
878 2545 1339 2704 s’eſpreuve,
1436 2545 1450 2704 &
1506 2545 1548 2704 ſe
1632 2545 2009 2704 cognoiſt
2079 2545 2778 2704 principalement
2847 2545 2903 2704 en
2987 2545 3029 2704 la
3099 2545 3532 2704 tempeſte,
3588 2545 3755 2704 ainſi
3811 2545 3853 2704 la
3923 2545 4175 2704 noſtre
4244 2545 4300 2704 ſe
4370 2545 4510 2704 fera
4580 2545 4719 2704 voir
4789 2545 4957 2704 plus

572 2684 926 2842 illuſtre,
983 2684 997 2842 à
1096 2684 1380 2842 meſure
1465 2684 1720 2842 qu’elle
1791 2684 2173 2842 ſemblera
2258 2684 2584 2842 comme
2669 2684 2839 2842 eſtre
2910 2684 3066 2842 plus
3136 2684 3533 2842 abbatue.
3717 2684 3831 2842 Non
3930 2684 4043 2842 pas
4128 2684 4256 2842 que
4326 2684 4383 2842 ce
4454 2684 4596 2842 ſoit
4666 2684 4780 2842 peu
4893 2684 4950 2842 de

596 2821 821 2974 choſe
905 2821 976 2974 de
1046 2821 1201 2974 bien
1271 2821 1665 2974 travailler
1707 2821 1820 2974 ſur
1876 2821 2158 2974 l’eſpee
2242 2821 2580 2974 engagée
2650 2821 2819 2974 (car
2861 2821 2889 2974 il
2960 2821 3002 2974 ſe
3072 2821 3227 2974 faut
3297 2821 3621 2974 aſſeurer
3691 2821 3944 2974 contre
4015 2821 4156 2974 une
4198 2821 4521 2974 infinité
4592 2821 4648 2974 de
4732 2821 4957 2974 chan-

603 2970 1014 3119 gements)
1127 2970 1269 3119 mais
1354 2970 1482 3119 que
1553 2970 2063 3119 l’advantage
2134 2970 2191 3119 en
2290 2970 2375 3119 eſt
2446 2970 2475 3119 ſi
2546 2970 2787 3119 grand
2900 2970 2914 3119 &
2971 2970 3014 3119 ſi
3113 2970 3538 3119 manifeſte,
3623 2970 3751 3119 que
3808 2970 4247 3119 l’Ennemy
4318 2970 4375 3119 ſe
4460 2970 4758 3119 gardera
4829 2970 4942 3119 par

580 3105 799 3257 touts
909 3105 1224 3257 moyens
1293 3105 1663 3257 poſſibles
1759 3105 1813 3257 de
1868 3105 1923 3257 le
2005 3105 2183 3257 vous
2252 3105 2745 3257 premettre.
2882 3105 2978 3257 Car
3047 3105 3129 3257 s’il
3184 3105 3691 3257 l’accordil
3759 3105 3883 3257 ſait
3965 3105 4129 3257 qu’il
4184 3105 4266 3257 ne
4335 3105 4527 3257 peut
4595 3105 4746 3257 plus
4814 3105 4910 3257 tra

591 3243 836 3398 vailler
905 3243 1354 3398 librement
1449 3243 1504 3398 de
1572 3243 1681 3398 ſon
1776 3243 2022 3398 eſpee,
2076 3243 2280 3398 ſinon
2389 3243 2539 3398 qu’il
2594 3243 2635 3398 la
2730 3243 3002 3398 delivre
3071 3243 3561 3398 auparavant
3629 3243 3752 3398 par
3806 3243 3861 3398 le
3942 3243 4188 3398 moyen
4297 3243 4365 3398 de
4419 3243 4460 3398 la
4555 3243 4950 3398 cavation,

584 3385 701 3535 qui
767 3385 858 3535 eſt
924 3385 989 3535 un
1067 3385 1211 3535 fort
1302 3385 1629 3535 mauvais
1681 3385 1903 3535 parti.
2073 3385 2543 3535 Maintenant
2609 3385 2753 3535 c’eſt
2818 3385 3001 3535 vous
3079 3385 3419 3535 meſmes,
3484 3385 3589 3535 qui
3641 3385 3824 3535 allez
3876 3385 4059 3535 vous
4137 3385 4399 3535 mettre
4464 3385 4516 3535 en
4581 3385 4621 3535 ſa
4699 3385 4934 3535 place,

581 3525 635 3676 en
730 3525 961 3676 allant
1056 3525 1110 3676 de
1178 3525 1219 3676 la
1314 3525 1694 3676 Premiere
1749 3525 2115 3676 Inſtance
2183 3525 2183 3676 à
2264 3525 2305 3676 la
2373 3525 2780 3676 Seconde;
2889 3525 2930 3676 de
3011 3525 3201 3676 ſorte
3296 3525 3418 3676 que
3486 3525 3676 3676 vous
3731 3525 3853 3676 luy
3948 3525 4247 3676 donnez
4328 3525 4518 3676 quaſi
4586 3525 4762 3676 tout
4830 3525 4939 3676 l’a-

588 3664 955 3813 vantage,
1023 3664 1186 3813 qu’il
1254 3664 1689 3813 demande.
1824 3664 1879 3813 Et
1947 3664 2096 3813 c’eſt
2178 3664 2232 3813 ce
2300 3664 2422 3813 que
2477 3664 2680 3813 nous
2735 3664 3251 3813 appellerons
3319 3664 3890 3813 doreſenavant
3971 3664 4297 3813 obliger;
4392 3664 4745 3813 d’autant
4813 3664 4936 3813 que

581 3805 766 3950 vous
806 3805 1189 3950 l’obligez
1242 3805 1242 3950 à
1308 3805 1692 3950 travailler
1745 3805 1785 3950 le
1851 3805 2195 3950 premier
2301 3805 2301 3950 &
2354 3805 2526 3950 avec
2578 3805 2737 3950 plus
2817 3805 2869 3950 de
2936 3805 3306 3950 courage,
3359 3805 3465 3950 par
3518 3805 3981 3950 l’occaſion,
4047 3805 4179 3950 que
4245 3805 4417 3950 vous
4457 3805 4589 3950 luy
4669 3805 4708 3950 en
4788 3805 4946 3950 pre-

572 3945 836 4089 ſentez
889 3945 929 4089 ſi
968 3945 1193 4089 belle.
1325 3945 1378 4089 Et
1444 3945 1881 4089 toutesfois
1934 3945 2013 4089 s’il
2066 3945 2145 4089 ne
2198 3945 2317 4089 s’en
2396 3945 2701 4089 vouloit
2767 3945 2991 4089 point
3058 3945 3309 4089 ſervir,
3388 3945 3441 4089 ce
3507 3945 3692 4089 n’eſt
3758 3945 3877 4089 pas
3930 3945 4195 4089 noſtre
4248 3945 4711 4089 intention,
4790 3945 4935 4089 qu’il

577 4084 759 4227 vous
824 4084 1019 4227 faille
1084 4084 1358 4227 retirer
1449 4084 1813 4227 derechef
1891 4084 1944 4227 en
2035 4084 2308 4227 arriere
2360 4084 2555 4227 pour
2621 4084 2946 4227 rompre
2998 4084 3037 4227 la
3154 4084 3454 4227 meſure;
3532 4084 3844 4227 comme
3909 4084 4066 4227 c’eſt
4118 4084 4573 4227 l’ordinaire
4651 4084 4703 4227 de
4769 4084 4951 4227 ceux

592 4223 700 4367 qui
755 4223 1215 4367 travaillent
1269 4223 1431 4367 ſans
1485 4223 2026 4367 fondement,
2067 4223 2243 4367 ſous
2310 4223 2730 4367 eſperance
2811 4223 2933 4367 que
2987 4223 3433 4367 l’Ennemy
3487 4223 3623 4367 fera
3704 4223 4042 4367 quelque
4096 4223 4299 4367 faute
4367 4223 4380 4367 à
4435 4223 4597 4367 leur
4651 4223 4949 4367 advan-

581 4361 777 4508 tage;
882 4361 882 4508 &
960 4361 1222 4508 quand
1261 4361 1300 4508 il
1353 4361 1431 4508 ne
1483 4361 1614 4508 fait
1666 4361 1849 4508 rien,
1876 4361 1954 4508 ils
2006 4361 2163 4508 ſont
2242 4361 2686 4508 contraints
2739 4361 2869 4508 eux
2961 4361 3275 4508 meſmes
3340 4361 3393 4508 de
3471 4361 3759 4508 quitter
3798 4361 4386 4508 l’entreprinſe,
4439 4361 4635 4508 pour
4687 4361 4739 4508 en
4831 4361 4949 4508 fai-

566 4498 630 4640 re
694 4498 834 4640 une
911 4498 1128 4640 autre
1205 4498 1613 4640 nouvelle.
1741 4498 1817 4640 Ce
1881 4498 2047 4640 ſont
2136 4498 2238 4640 des
2302 4498 2889 4640 provocations
2953 4498 3311 4640 inutiles,
3387 4498 3502 4640 qui
3579 4498 4089 4640 confondent
4153 4498 4562 4640 l’autheur
4664 4498 4945 4640 meſme

570 4636 625 4777 au
720 4636 842 4777 lieu
951 4636 1005 4777 de
1087 4636 1549 4777 confondre
1617 4636 2106 4777 l’Ennemy.
2229 4636 2555 4777 Laiſſons
2623 4636 2800 4777 faire
2881 4636 2976 4777 ces
3044 4636 3425 4777 retirades
3479 4636 3479 4777 à
3574 4636 3751 4777 ceux
3833 4636 3941 4777 qui
4009 4636 4458 4777 confeſſent
4526 4636 4716 4777 avoir
4825 4636 4934 4777 mal

590 4776 1123 4919 commencé:
1279 4776 1383 4919 Car
1461 4776 1682 4919 celuy
1760 4776 1877 4919 qui
1916 4776 1929 4919 à
1994 4776 2189 4919 prins
2254 4776 2293 4919 le
2384 4776 2579 4919 droit
2644 4776 2943 4919 chemin
3021 4776 3111 4919 n’a
3189 4776 3319 4919 que
3371 4776 3540 4919 faire
3618 4776 3670 4919 de
3735 4776 4021 4919 reculer
4086 4776 4138 4919 en
4216 4776 4515 4919 arriere,
4593 4776 4775 4919 pour
4853 4776 4905 4919 en

589 4915 897 5065 cercher
961 4915 1025 5065 un
1102 4915 1359 5065 autre.
1448 4915 2166 5065 AinſiAlexandre
2243 4915 2435 5065 quoy
2512 4915 2666 5065 qu’il
2718 4915 2807 5065 ait
2871 4915 3359 5065 commencé
3410 4915 3410 5065 à
3474 4915 3859 5065 travailler
3923 4915 3987 5065 un
4064 4915 4179 5065 peu
4256 4915 4756 5065 autrement,
4807 4915 4936 5065 que

589 5052 655 5203 de
734 5052 1223 5203 couſtume;
1276 5052 1316 5203 il
1382 5052 1461 5203 n’a
1541 5052 1660 5203 pas
1726 5052 2122 5203 pourtant
2202 5052 2439 5203 quitté
2506 5052 2558 5203 le
2651 5052 2823 5203 droit
2889 5052 3246 5203 chemin;
3325 5052 3391 5203 de
3444 5052 3656 5203 façon
3748 5052 3907 5203 qu’il
3960 5052 4012 5203 en
4105 5052 4356 5203 ſçaura
4435 5052 4581 5203 bien
4673 5052 4872 5203 venir
4924 5052 4924 5203 à

574 5197 811 5343 bout;
877 5197 1193 5343 comme
1246 5197 1272 5343 il
1325 5197 1707 5343 paroiſtra
1786 5197 2260 5343 clairement
2313 5197 2432 5343 par
2484 5197 2590 5343 les
2656 5197 3090 5343 exemples.

1154 1284 2562 1422 DECLARATION
2797 1284 3051 1422 DES
3306 1284 4479 1422 OPERATIONS

1765 1447 1893 1545 DV
2063 1447 2176 1545 TA
2276 1447 2687 1545 BLEAV
2871 1447 3864 1545 DIXNEVFIEME.

4799 6745 4939 6860 Cer-
