5520 7640
1306 327 2098 493 Cercle.2.

596 529 891 665 Alexandre
936 529 1164 665 pourſuit
1220 529 1254 665 la
1311 529 1652 665 precedente,
1697 529 1731 665 en
1788 529 1959 665 allant
1993 529 2083 665 par
2140 529 2174 665 de
2231 529 2265 665 là
2311 529 2333 665 le
2413 529 2674 665 Diametre

700 653 872 774 devers
907 653 941 774 la
998 653 1217 774 Seconde
1262 653 1538 774 Inſtance,
1607 653 1871 774 abaiſſant
1928 653 2342 774 enſemblement
2399 653 2434 774 un
2502 653 2583 774 peu
2640 653 2686 774 la

680 782 848 923 pointe
905 782 938 923 de
983 782 1017 923 ſa
1062 782 1196 923 lame
1241 782 1275 923 en
1342 782 1511 923 dehors
1567 782 1601 923 du
1657 782 1769 923 bras
1825 782 1825 923 à
1870 782 2038 923 l’aide
2094 782 2128 923 du
2195 782 2431 923 poignet,
2487 782 2521 923 de
2600 782 2689 923 ma-

679 901 813 1037 niere
862 901 984 1037 qu’il
1020 901 1057 1037 en
1118 901 1350 1037 attaque
1411 901 1594 1037 l’eſpee
1655 901 1923 1037 contraire
1972 901 2058 1037 par
2107 901 2314 1037 deſſous,
2424 901 2424 1037 &
2473 901 2680 1037 l’oblige

684 1042 684 1157 à
728 1042 772 1157 ſa
838 1042 1233 1157 maindroite.

1056 1177 1145 1315 Vis
1208 1177 1335 1315 que
1424 1177 1437 1315 Z
1488 1177 1881 1315 ACHARIE
1945 1177 2148 1315 avoit
2212 1177 2580 1315 colloqué
2631 1177 2681 1315 ſa

1016 1303 1201 1437 lame
1275 1303 1324 1437 en
1410 1303 1645 1437 droite
1694 1303 1928 1437 ligne,
1965 1303 2322 1437 parallele
2384 1303 2692 1437 deſſous

1015 1427 1052 1551 la
1149 1427 1585 1551 contraire,
1670 1427 1949 1551 c’eſtoit
2022 1427 2179 1551 bien
2264 1427 2264 1551 à
2337 1427 2519 1551 luy,
2616 1427 2677 1551 de

1023 1554 1535 1694 commencer
1639 1554 1651 1694 &
1697 1554 2162 1694 pourſuivre
2232 1554 2244 1694 à
2290 1554 2686 1694 travailler

564 1682 725 1818 plus
799 1682 1059 1818 outre;
1146 1682 1208 1818 ce
1295 1682 1456 1818 qu’il
1518 1682 1518 1818 a
1605 1682 2051 1818 toutesfois
2100 1682 2299 1818 laiſſé
2398 1682 2460 1818 de
2509 1682 2683 1818 faire

562 1804 750 1944 pour
796 1804 843 1944 le
902 1804 1242 1944 preſent,
1348 1804 1348 1944 &
1406 1804 1406 1944 a
1465 1804 1923 1944 ſeulement
1981 1804 2181 1944 voulu
2274 1804 2685 1944 demeurer

564 1945 752 2067 pour
822 1945 1244 2067 attendre.
1361 1945 1467 2067 Sur
1561 1945 1760 2067 quoy
1854 1945 2487 2067 ALEXANDRE
2558 1945 2687 2067 tra-

567 2055 777 2177 vaille
838 2055 1011 2177 tout
1085 2055 1097 2177 à
1159 2055 1528 2177 l’inſtant,
1602 2055 1651 2177 en
1750 2055 2070 2177 eſlevant
2132 2055 2193 2177 le
2255 2055 2427 2177 pied
2514 2055 2698 2177 droit

578 2178 638 2320 de
698 2178 938 2320 terre,
1070 2178 1082 2320 &
1154 2178 1526 2320 abaiſſant
1597 2178 2245 2320 enſemblement
2293 2178 2365 2320 un
2437 2178 2557 2320 peu
2641 2178 2676 2320 la

565 2307 830 2445 pointe
902 2307 974 2445 de
1023 2307 1071 2445 ſa
1119 2307 1312 2445 lame
1396 2307 1444 2445 en
1553 2307 1818 2445 dehors
1890 2307 1938 2445 du
2035 2307 2203 2445 bras
2252 2307 2264 2445 à
2312 2307 2529 2445 l’aide
2613 2307 2661 2445 du

570 2433 937 2573 poignet,
1023 2433 1084 2573 de
1145 2433 1341 2573 ſorte
1402 2433 1562 2573 qu’il
1611 2433 1892 2573 tourne
1966 2433 2002 2573 la
2076 2433 2419 2573 branche
2492 2433 2688 2573 inte-

555 2557 805 2699 rieure
877 2557 948 2699 de
996 2557 1032 2699 ſa
1103 2557 1318 2699 garde
1401 2557 1949 2699 contremont,
2068 2557 2068 2699 &
2128 2557 2688 2699 pareillement

554 2679 942 2822 ſurprend
979 2679 1257 2822 l’eſpee
1330 2679 1706 2822 contraire
1767 2679 1888 2822 par
1949 2679 2288 2822 deſſous,
2349 2679 2519 2822 avec
2567 2679 2676 2822 ſon

622 2807 934 2948 Nombre
1009 2807 1034 2948 3.
1084 2807 1147 2948 au
1271 2807 1321 2948 N.
1396 2807 1434 2948 8.
1521 2807 1908 2948 marchant
1983 2807 2245 2948 quand
2370 2807 2370 2948 &
2445 2807 2694 2948 quand

586 2928 624 3070 du
727 2928 893 3070 pied
982 2928 1161 3070 droit
1238 2928 1506 3070 eſlevé,
1558 2928 1685 3070 par
1775 2928 1903 3070 delà
1967 2928 2018 3070 le
2120 2928 2504 3070 Diametre
2568 2928 2580 3070 à
2657 2928 2695 3070 la

582 3054 929 3198 Seconde
991 3054 1338 3198 Inſtance
1387 3054 1610 3198 lettre
1722 3054 1759 3198 G,
1821 3054 2019 3198 pour
2068 3054 2539 3198 pourſuivre
2626 3054 2675 3198 du

559 3178 730 3325 pied
815 3178 1108 3325 gauche
1157 3178 1255 3325 ſur
1304 3178 1352 3325 la
1450 3178 2061 3325 Circonference
2110 3178 2342 3325 lettre
2439 3178 2476 3325 D,
2561 3178 2696 3325 em-

583 3306 870 3446 menant
939 3306 1386 3446 egalement
1432 3306 1535 3446 les
1592 3306 1856 3446 eſpees
1902 3306 1902 3446 à
1993 3306 2131 3446 main
2223 3306 2463 3446 droite
2509 3306 2693 3446 avec

557 3440 606 3560 le
681 3440 842 3560 bras
917 3440 1314 3560 eſtendu,
1401 3440 1836 3560 leſquelles
1923 3440 2445 3560 deſgraduant
2519 3440 2693 3560 avec

587 3565 791 3680 Poids
900 3565 1008 3680 Vif,
1076 3565 1117 3680 il
1185 3565 1551 3680 aſſemble
1619 3565 1714 3680 ſon
1863 3565 1904 3680 N.
1972 3565 2012 3680 7.
2080 3565 2134 3680 au
2270 3565 2311 3680 N.
2365 3565 2406 3680 5.
2474 3565 2528 3680 ou
2650 3565 2704 3680 6.

587 3694 638 3813 du
752 3694 1171 3813 Contraire,
1234 3694 1285 3813 le
1348 3694 1716 3813 conviant
1830 3694 1843 3813 &
1906 3694 2312 3813 obligeant
2375 3694 2502 3813 par
2553 3694 2705 3813 l’in-

558 3820 913 3939 feriorité
989 3820 1053 3939 de
1104 3820 1142 3939 ſa
1192 3820 1446 3939 lame,
1510 3820 1522 3939 à
1573 3820 1967 3939 travailler
2043 3820 2284 3939 deſſus
2322 3820 2487 3939 luy.

729 3944 788 4065 Or
847 3944 1083 4065 notez
1154 3944 1284 4065 que
1366 3944 1626 4065 quand
1697 3944 2158 4065 ALExandre
2217 3944 2335 4065 fait
2406 3944 2583 4065 ceſte
2654 3944 2701 4065 o-

563 4070 906 4196 peration
1008 4070 1376 4196 d’obliger
1452 4070 1732 4196 l’eſpee
1808 4070 2266 4196 contraire,
2329 4070 2367 4196 il
2456 4070 2469 4196 y
2558 4070 2698 4196 doit

576 4195 966 4313 proceder
1051 4195 1088 4313 en
1185 4195 1575 4313 prennant
1648 4195 1794 4313 fort
1855 4195 2270 4313 ſoigneuſe
2355 4195 2574 4313 garde
2635 4195 2684 4313 au

589 4318 1063 4434 Sentiment,
1181 4318 1181 4434 &
1241 4318 1312 4434 ne
1359 4318 1407 4434 la
1466 4318 1656 4434 peut
1727 4318 2130 4434 pratiquer
2201 4318 2403 4434 ſinon
2486 4318 2593 4434 ſur
2652 4318 2711 4434 le

598 4444 811 4560 Poids
905 4444 1038 4560 Vif,
1132 4444 1332 4560 Fort,
1425 4444 1479 4560 ou
1572 4444 2026 4560 Plus-Fort,
2106 4444 2160 4560 de
2213 4444 2480 4560 l’eſpee
2560 4444 2720 4560 qu’il

586 4568 873 4690 oblige.
1011 4568 1111 4690 Car
1174 4568 1199 4690 ſi
1287 4568 1412 4690 elle
1487 4568 1687 4690 vient
1750 4568 1762 4690 à
1850 4568 2175 4690 changer
2263 4568 2313 4690 en
2413 4568 2526 4690 peu
2626 4568 2688 4690 ou

568 4695 738 4816 prou
863 4695 920 4816 de
1010 4695 1509 4816 Sentiment,
1611 4695 1917 4816 comme
1996 4695 2008 4816 à
2144 4695 2370 4816 Mort,
2472 4695 2529 4816 ou
2620 4695 2676 4816 au

606 4800 844 4947 Poids,
928 4800 1059 4947 que
1107 4800 1309 4947 nous
1357 4800 1774 4947 appellons
1846 4800 2347 4947 Sentiment,
2418 4800 2609 4947 alors
2669 4800 2705 4947 il

578 4940 664 5062 ne
726 4940 849 5062 luy
910 4940 1045 5062 ſera
1119 4940 1328 5062 point
1378 4940 1673 5062 loiſible
1734 4940 2177 5062 d’attendre
2226 4940 2682 5062 l’operation

605 5066 668 5186 de
718 5066 1231 5186 l’adverſaire.
1356 5066 1494 5186 Mais
1544 5066 1569 5186 ſi
1619 5066 1757 5186 toſt
1819 5066 1982 5186 qu’il
2032 5066 2157 5186 s’en
2232 5066 2708 5186 appercevra

590 5191 703 5315 par
752 5191 1463 5315 l’attouchement,
1501 5191 1538 5315 il
1575 5191 1837 5315 faudra
1912 5191 2074 5315 qu’il
2112 5191 2548 5315 pourſuive
2585 5191 2710 5315 luy

617 5314 875 5439 meſme
924 5314 973 5439 le
1023 5314 1367 5439 premier
1416 5314 1416 5439 à
1478 5314 1871 5439 travailler
1933 5314 2166 5439 deſſus
2240 5314 2289 5439 au
2375 5314 2560 5439 long
2646 5314 2707 5439 de

575 5443 856 5563 l’eſpee
917 5443 1246 5563 obligée,
1295 5443 1344 5563 en
1429 5443 1807 5563 avançant
1917 5443 1929 5563 &
1990 5443 2295 5563 entrant
2356 5443 2416 5563 du
2502 5443 2709 5563 corps

584 5566 770 5687 avec
819 5566 918 5687 les
968 5566 1215 5687 pieds,
1326 5566 1326 5687 &
1376 5566 1499 5687 luy
1573 5566 1907 5687 fermant
1957 5566 2006 5687 la
2080 5566 2315 5687 droite
2365 5566 2575 5687 ligne
2649 5566 2698 5687 au

608 5692 886 5810 dedans
959 5692 1007 5810 du
1092 5692 1297 5810 bras.
1418 5692 1527 5810 Car
1576 5692 1636 5810 au
1721 5692 2144 5810 contraire,
2216 5692 2241 5810 ſi
2289 5692 2555 5810 l’eſpee
2628 5692 2724 5810 ſu-

592 5817 953 5939 perieure
1011 5817 1093 5939 eſt
1174 5817 1395 5939 morte
1454 5817 1512 5939 ou
1582 5817 1756 5939 avec
1814 5817 2001 5939 petit
2082 5817 2582 5939 Sentiment,
2710 5817 2710 5939 &

600 5941 1216 6062 qu’ALExandre
1264 5941 1385 6062 luy
1445 5941 1783 6062 accorde
1880 5941 1940 6062 de
2000 5941 2387 6062 travailler
2447 5941 2507 6062 le
2556 5941 2713 6062 pre-

626 6062 825 6189 mier,
896 6062 931 6189 il
1025 6062 1071 6189 en
1165 6062 1435 6189 pourra
1528 6062 1704 6189 eſtre
1763 6062 2056 6189 touché
2126 6062 2267 6189 fort
2337 6062 2712 6189 aiſement

601 6186 650 6316 en
735 6186 967 6316 droite
1016 6186 1223 6316 ligne
1272 6186 1333 6316 au
1406 6186 1687 6316 viſage;
1760 6186 1980 6316 parce
2053 6186 2248 6316 qu’en
2346 6186 2529 6316 ceſte
2614 6186 2712 6316 oc-

602 6312 818 6434 caſion
902 6312 950 6434 la
1034 6312 1286 6434 ſienne
1370 6312 1610 6434 n’aura
1683 6312 1803 6434 pas
1875 6312 2067 6434 aſſez
2175 6312 2235 6434 de
2307 6312 2631 6434 vigueur
2703 6312 2703 6434 à

606 6442 1058 6559 pourſuivre
1131 6442 1558 6559 l’eſtocade
1632 6442 1693 6559 de
1754 6442 2022 6559 l’eſpee
2096 6442 2474 6559 contraire
2535 6442 2719 6559 pour

596 6562 633 6687 ſa
731 6562 1064 6687 defenſe.
1224 6562 1359 6687 Mais
1409 6562 1569 6687 bien
1642 6562 1692 6687 le
1753 6562 2024 6687 pourra
2086 6562 2123 6687 il
2184 6562 2406 6687 faire,
2467 6562 2517 6687 en
2615 6562 2713 6687 cas

610 6683 748 6810 que
786 6683 1050 6810 l’eſpee
1113 6683 1415 6810 obligée
1465 6683 1515 6810 ſe
1578 6683 1943 6810 retrouve
2031 6683 2270 6810 deſſus
2333 6683 2371 6810 la
2434 6683 2723 6810 ſienne,

606 6810 915 6938 comme
984 6810 1178 6938 nous
1258 6810 1555 6938 venons
1635 6810 1693 6938 de
1784 6810 1990 6938 dire,
2047 6810 2276 6938 ayant
2345 6810 2402 6938 le
2482 6810 2722 6938 Senti-

2860 258 3055 408 ment
3133 258 3250 408 Vif,
3328 258 3510 408 Fort,
3575 258 3627 408 ou
3731 258 4160 408 Plus-Fort.
4303 258 4407 408 Car
4473 258 4668 408 alors
4733 258 4759 408 il
4837 258 4980 408 fau-

2846 390 2986 545 dra,
3049 390 3240 545 pour
3290 390 3341 545 la
3405 390 3837 545 ſouſtenir,
3913 390 4078 545 qu’il
4116 390 4243 545 luy
4307 390 4561 545 reſiſte
4637 390 4688 545 en
4777 390 4980 545 uſant

2845 517 2985 648 d’un
3073 517 3290 648 Poids
3391 517 3480 648 Vif
3556 517 3607 648 ou
3709 517 3849 648 Fort
3900 517 3912 648 à
3963 517 4433 648 l’advenant
4497 517 4548 648 du
4662 517 4992 648 Contrai-

2831 644 2940 790 re;
3026 644 3087 790 de
3185 644 3514 790 maniere
3600 644 3722 790 que
3795 644 3832 790 ſi
3881 644 4418 790 l’Adverſaire
4492 644 4980 790 entreprend

2856 768 2919 918 de
2981 768 3279 918 vouloir
3354 768 3751 918 deſtacher
3801 768 3851 918 ſa
3900 768 4136 918 lame,
4211 768 4410 918 pour
4459 768 4522 918 le
4571 768 4845 918 bleſſer
4919 768 4969 918 en

2844 902 3083 1051 droite
3158 902 3410 1051 ligne;
3486 902 3649 1051 celle
3750 902 4303 1051 d’ALExandre
4366 902 4479 1051 par
4542 902 4592 1051 la
4655 902 4982 1051 vigueur

2854 1024 2904 1172 du
2979 1024 3179 1172 bras,
3304 1024 3317 1172 &
3367 1024 3480 1172 par
3530 1024 3980 1172 l’influence
4055 1024 4105 1172 de
4180 1024 4230 1172 ce
4318 1024 4581 1172 meſme
4656 1024 4868 1172 Poids
4931 1024 4981 1172 la

2829 1146 3294 1303 pourſuivra
3382 1146 3583 1303 d’elle
3671 1146 3986 1303 meſme,
4086 1146 4312 1303 avant
4388 1146 4551 1303 qu’il
4614 1146 4664 1303 la
4740 1146 4978 1303 puiſſe

2848 1272 3035 1434 oſter
3102 1272 3169 1434 de
3236 1272 3503 1434 deſſus.
3650 1272 3704 1434 Or
3757 1272 3931 1434 ainſi
3998 1272 4131 1434 que
4185 1272 4452 1434 l’eſpee
4519 1272 4827 1434 obligée
4894 1272 4987 1434 re-

2836 1401 3036 1558 vient
3083 1401 3611 1558 aucunesfois
3658 1401 3670 1558 à
3729 1401 3858 1558 peu
3940 1401 3999 1558 ou
4081 1401 4293 1558 point
4363 1401 4433 1558 de
4504 1401 4986 1558 Sentiment,

2838 1527 2887 1683 en
2947 1527 3299 1683 laquelle
3360 1527 3699 1683 occaſion
3808 1527 4269 1683 ALExandre
4318 1527 4330 1683 a
4403 1527 4645 1683 beſoin
4742 1527 4803 1683 de
4863 1527 4997 1683 tra-

2835 1656 3091 1812 vailler
3151 1656 3200 1812 le
3273 1656 3613 1812 premier
3710 1656 3978 1812 deſſus,
4026 1656 4184 1812 ſans
4245 1656 4622 1812 attendre
4670 1656 4998 1812 l’opera-

2834 1791 3037 1918 tion;
3097 1791 3276 1918 auſſi
3324 1791 3753 1918 adviendra
3813 1791 3849 1918 il
3896 1791 4243 1918 ſouvent
4290 1791 4350 1918 au
4434 1791 4780 1918 rebours
4851 1791 4983 1918 que

2828 1912 3348 2055 l’Adverſaire
3423 1912 3955 2055 augmentera
4029 1912 4079 2055 le
4165 1912 4413 2055 Poids,
4512 1912 4549 2055 en
4636 1912 4846 2055 uſant
4920 1912 4982 2055 de

2862 2045 3101 2163 Force,
3160 2045 3220 2163 ou
3316 2045 3375 2163 de
3459 2045 3865 2163 Violence,
3948 2045 4008 2163 ou
4127 2045 4390 2163 meſme
4473 2045 4533 2163 de
4593 2045 4987 2163 tresgran-

2850 2166 2910 2296 de
2994 2166 3390 2296 Violence,
3474 2166 3870 2296 marchant
3918 2166 4098 2296 avec
4146 2166 4194 2296 le
4254 2166 4434 2296 pied
4506 2166 4686 2296 droit
4758 2166 4806 2296 en
4902 2166 4998 2296 de-

2843 2294 3084 2430 dans,
3173 2294 3364 2430 pour
3453 2294 3821 2430 dompter
3948 2294 3948 2430 &
4024 2294 4406 2430 aſſujettir
4469 2294 4749 2430 l’eſpee
4812 2294 5003 2430 infe-

2823 2419 3070 2555 rieure
3188 2419 3188 2555 &
3258 2419 3998 2555 conſequemment
4057 2419 4104 2555 en
4187 2419 4398 2555 venir
4445 2419 4445 2555 à
4504 2419 4551 2555 la
4621 2419 4997 2555 bleſſure.

2885 2548 3136 2681 Quand
3211 2548 3387 2681 telle
3449 2548 3788 2681 occaſion
3875 2548 3925 2681 ſe
4001 2548 4414 2681 preſente,
4527 2548 4991 2681 ALExandre

2825 2676 2976 2784 fera
3069 2676 3405 2784 cavation
3498 2676 3672 2784 avec
3730 2676 3764 2784 ſa
3834 2676 4066 2784 lame,
4135 2676 4437 2784 laiſſant
4495 2676 4645 2784 tres
4692 2676 4993 2784 bucher

2826 2781 2874 2952 la
2958 2781 3401 2952 contraire,
3533 2781 3545 2952 &
3604 2781 3736 2952 luy
3820 2781 4119 2952 donner
4179 2781 4299 2952 par
4370 2781 4658 2952 dehors
4718 2781 4765 2952 le
4837 2781 5005 2952 bras

2833 2914 2906 3074 un
3004 2914 3199 3074 coup
3260 2914 3309 3074 au
3395 2914 3676 3074 viſage,
3713 2914 3847 3074 ſoit
3920 2914 3982 3074 de
4043 2914 4348 3074 pointe,
4409 2914 4544 3074 ſoit
4629 2914 4691 3074 de
4764 2914 4996 3074 taille;

2845 3062 3149 3180 comme
3198 3062 3234 3180 il
3295 3062 3380 3180 eſt
3441 3062 3892 3180 repreſenté
3953 3062 4074 3180 par
4123 3062 4221 3180 les
4269 3062 4562 3180 figures
4659 3062 4756 3180 des
4854 3062 5000 3180 Cer-

2844 3187 2988 3304 cles
3048 3187 3491 3304 enſuivants
3599 3187 3647 3304 N.
3707 3187 3815 3304 10.
3875 3187 3958 3304 11.
4030 3187 4114 3304 12.
4210 3187 4258 3304 où
4342 3187 4665 3304 leſdites
4737 3187 5013 3304 opera-

2840 3314 3038 3428 tions
3084 3314 3351 3428 ſeront
3421 3314 3816 3428 declarées
3885 3314 4269 3428 chaſcune
4338 3314 4385 3428 en
4455 3314 4954 3428 particulier.

3000 3441 3049 3560 En
3135 3441 3392 3560 outre,
3453 3441 3808 3560 combien
3918 3441 4529 3560 qu’ALxandre
4603 3441 4859 3560 oblige
4945 3441 4982 3560 en

2851 3565 3042 3685 ceſte
3102 3565 3448 3685 occaſion
3520 3565 3914 3685 preſente,
3998 3565 4308 3685 comme
4368 3565 4535 3685 auſſi
4595 3565 4643 3685 en
4726 3565 4762 3685 la
4846 3565 5013 3685 pre-

2857 3692 3254 3814 cedente,
3316 3692 3589 3814 l’eſpee
3675 3692 4122 3814 contraire,
4209 3692 4320 3814 qui
4382 3692 4395 3814 a
4469 3692 4605 3814 eſté
4717 3692 4853 3814 miſe
4928 3692 4977 3814 en

2869 3819 3105 3941 droite
3180 3819 3378 3941 ligne
3477 3819 3775 3941 deſſous
3837 3819 3887 3941 la
3961 3819 4284 3941 ſienne:
4346 3819 4805 3941 toutesfois
4855 3819 4892 3941 il
4954 3819 5004 3941 ſe

2844 3947 3290 4064 preſentera
3350 3947 3398 4064 le
3447 3947 3615 4064 plus
3664 3947 4013 4064 ſouvent
4086 3947 4146 4064 de
4194 3947 4375 4064 faire
4435 3947 4484 4064 le
4568 3947 4869 4064 meſme,
4942 3947 4990 4064 en

2843 4070 2987 4198 une
3058 4070 3286 4198 autre
3345 4070 3596 4198 ſorte,
3668 4070 3991 4198 aſſavoir
4075 4070 4338 4198 quand
4457 4070 4816 4198 Zacharie
4888 4070 5007 4198 luy

2841 4196 3297 4313 preſentera
3367 4196 3472 4313 ſon
3566 4196 3776 4313 eſpee
3846 4196 3893 4313 du
3975 4196 4314 4313 premier
4384 4196 4630 4313 abord
4700 4196 4887 4313 avec
4957 4196 5004 4313 le

2841 4321 3006 4451 bras
3123 4321 3123 4451 &
3182 4321 3229 4451 la
3287 4321 3558 4451 pointe
3628 4321 4004 4451 eſtendue
4074 4321 4239 4451 vers
4286 4321 4321 4451 la
4380 4321 4579 4451 terre
4650 4321 4697 4451 en
4791 4321 5002 4451 angle

2847 4449 3049 4571 aigu.
3174 4449 3225 4571 Et
3300 4449 3350 4571 en
3438 4449 3665 4571 icelle
3753 4449 4080 4571 maniere
4143 4449 4180 4571 il
4243 4449 4382 4571 ſera
4470 4449 4633 4571 plus
4709 4449 4922 4571 facile
4998 4449 5010 4571 à

2844 4575 3238 4704 travailler
3298 4575 3489 4704 pour
3560 4575 4061 4704 ALExandre,
4109 4575 4312 4704 pour
4360 4575 4694 4704 avancer
4754 4575 4849 4704 ſes
4897 4575 5016 4704 ap-

2842 4697 3189 4823 proches
3261 4697 3320 4823 de
3368 4697 3416 4823 la
3500 4697 3882 4823 Premiere
3942 4697 4313 4823 Inſtance
4372 4697 4540 4823 plus
4600 4697 4863 4823 outre,
4934 4697 4982 4823 en

2849 4825 2973 4955 luy
3023 4825 3457 4955 attaquant
3494 4825 3767 4955 l’eſpee
3841 4825 3891 4955 en
3990 4825 4263 4955 dehors
4337 4825 4387 4955 du
4473 4825 4635 4955 bras
4684 4825 4808 4955 par
4870 4825 5006 4955 deſ-

2850 4948 3054 5076 ſous,
3151 4948 3163 5076 &
3223 4948 3969 5076 conſequemment
4017 4948 4415 5076 l’obliger,
4475 4948 4523 5076 en
4631 4948 5016 5076 marchant

2853 5075 3009 5217 plus
3093 5075 3310 5217 outre
3394 5075 3659 5217 devers
3719 5075 3767 5217 la
3864 5075 4213 5217 Seconde
4285 5075 4694 5217 Inſtance,
4766 5075 4923 5217 tant
4995 5075 4995 5217 à

2876 5202 3030 5334 main
3124 5202 3467 5334 gauche,
3538 5202 3845 5334 comme
3916 5202 3928 5334 à
4011 5202 4306 5334 droite;
4436 5202 4436 5334 &
4495 5202 4861 5334 parvenir
4944 5202 4991 5334 en

2851 5325 3037 5444 ſuite
3095 5325 3235 5444 aux
3293 5325 3758 5444 operations
3828 5325 4224 5444 ſuivantes
4317 5325 4375 5444 de
4456 5325 4654 5444 ceſte
4747 5325 5003 5444 meſme

2890 5453 3139 5585 Table,
3199 5453 3258 5585 ou
3353 5453 3460 5585 des
3520 5453 3781 5585 autres
3852 5453 4399 5585 enſuivantes,
4459 5453 4566 5585 qui
4625 5453 4780 5585 ſont
4851 5453 5005 5585 fon-

2883 5574 3045 5717 dées
3158 5574 3158 5717 &
3232 5574 3769 5717 contiennent
3832 5574 3882 5717 la
3944 5574 4131 5717 ſuite
4219 5574 4281 5717 de
4356 5574 4843 5717 l’obligation
4955 5574 5018 5717 de

2858 5703 3123 5866 l’eſpee
3211 5703 3638 5866 contraire,
3726 5703 4104 5866 eſquelles
4167 5703 4204 5866 il
4267 5703 4318 5866 en
4406 5703 4544 5866 ſera
4619 5703 4783 5866 auſſi
4833 5703 5009 5866 faite

2861 5829 3032 5946 plus
3093 5829 3337 5946 ample
3411 5829 3924 5946 declaration.

3040 5954 3503 6093 Davantage,
3555 5954 3593 6093 ſi
3645 5954 4172 6093 l’Adverſaire
4237 5954 4365 6093 luy
4443 5954 4803 6093 preſente
4880 5954 5021 6093 l’eſ-

2872 6092 3042 6230 pee,
3110 6092 3417 6230 comme
3474 6092 3667 6230 nous
3747 6092 4042 6230 venons
4111 6092 4179 6230 de
4270 6092 4440 6230 dire,
4508 6092 4554 6230 en
4645 6092 4861 6230 angle
4929 6092 5008 6230 ai-

2889 6205 2988 6336 gu,
3049 6205 3208 6336 tout
3257 6205 3699 6336 juſtement
3761 6205 3810 6336 au
3908 6205 4153 6336 deſſus
4215 6205 4264 6336 du
4386 6205 4803 6336 Diametre;
4865 6205 5024 6336 ALE-

2891 6330 3168 6450 xandre
3240 6330 3493 6450 mettra
3554 6330 3602 6450 le
3650 6330 3831 6450 pied
3891 6330 4084 6450 droit
4144 6330 4192 6450 en
4289 6330 4674 6450 Premiere
4735 6330 5024 6450 Inſtan-

2883 6455 2945 6579 ce
2994 6455 3155 6579 auſſi
3205 6455 3304 6579 ſur
3354 6455 3403 6579 le
3490 6455 3750 6579 meſme
3849 6455 4258 6579 Diametre,
4369 6455 4369 6579 &
4419 6455 4530 6579 ſur
4580 6455 4617 6579 la
4729 6455 5026 6579 Circon-

2871 6578 3191 6706 ference
3265 6578 3315 6706 du
3426 6578 3672 6706 Cercle
3721 6578 3734 6706 à
3783 6578 3820 6706 la
3881 6578 4103 6706 lettre
4202 6578 4251 6706 C,
4350 6578 4645 6706 menant
4707 6578 4744 6706 ſa
4818 6578 5002 6706 lame

2894 6700 2955 6851 de
3003 6700 3185 6851 haut
3246 6700 3294 6851 en
3367 6700 3524 6851 bas,
3621 6700 3633 6851 &
3694 6700 3742 6851 en
3815 6700 4190 6851 attaquer
4239 6700 4348 6851 par
4421 6700 4699 6851 dehors
4748 6700 4796 6851 le
4857 6700 5014 6851 bras

2865 6826 2913 6957 la
2961 6826 3152 6957 lame
3236 6826 3655 6957 contraire,
3763 6826 3775 6957 &
3823 6826 3870 6957 la
3930 6826 4205 6957 tenant
4289 6826 4672 6957 marchera
4732 6826 4732 6957 à
4792 6826 4828 6957 la
4935 6826 5031 6957 Se-

4781 6993 5017 7087 conde
