5520 7640
582 315 828 442 conde
901 315 1294 442 Inſtance,
1368 315 1515 442 tant
1576 315 1588 442 à
1674 315 1822 442 main
1920 315 2165 442 droite
2239 315 2349 442 par
2435 315 2570 442 delà
2644 315 2693 442 le

617 441 1049 572 Diametre,
1121 441 1421 572 comme
1493 441 1505 572 à
1613 441 1757 572 main
1841 441 2129 572 gauche
2177 441 2285 572 par
2357 441 2561 572 deça,
2681 441 2693 572 &

572 570 750 694 ainſi
788 570 1182 694 l’obliger,
1232 570 1423 694 ſelon
1512 570 1677 694 qu’il
1715 570 1842 694 luy
1905 570 2045 694 ſera
2121 570 2286 694 plus
2363 570 2705 694 commo-

582 694 690 813 de.
846 694 989 813 Mais
1049 694 1085 813 ſi
1121 694 1647 813 l’Adverſaire
1695 694 1755 813 ſe
1839 694 1958 813 met
2030 694 2078 813 en
2150 694 2461 813 poſture
2509 694 2688 813 avec

570 817 837 947 l’eſpee
926 817 976 947 en
1053 817 1268 947 angle
1319 817 1522 947 aigu,
1586 817 1637 947 de
1713 817 1916 947 façon
2030 817 2284 947 qu’elle
2361 817 2691 947 s’incline

580 940 641 1070 un
738 940 859 1070 peu
944 940 1065 1070 par
1138 940 1259 1070 delà
1332 940 1393 1070 le
1502 940 1927 1070 Diametre,
1999 940 2169 1070 auſſi
2254 940 2691 1070 ALExandre

571 1068 919 1194 plantera
979 1068 1027 1194 le
1075 1068 1254 1194 pied
1326 1068 1506 1194 droit
1554 1068 2117 1194 pareillement
2177 1068 2225 1194 en
2321 1068 2693 1194 Premiere

582 1194 944 1318 Inſtance
1016 1194 1088 1318 un
1173 1194 1294 1318 peu
1366 1194 1474 1318 par
1571 1194 1692 1318 delà
1776 1194 1872 1318 ſur
1933 1194 1981 1318 la
2090 1194 2693 1318 Circonference

598 1316 648 1445 du
784 1316 1056 1445 Cercle,
1180 1316 1192 1445 &
1266 1316 1601 1445 obligera
1675 1316 1935 1445 l’eſpee
2021 1316 2442 1445 contraire,
2504 1316 2702 1445 l’em-

584 1441 894 1568 portant
977 1441 1215 1568 quant
1334 1441 1346 1568 &
1406 1441 1525 1568 ſoy
1584 1441 1584 1568 à
1644 1441 1679 1568 la
1775 1441 2132 1568 Seconde
2191 1441 2537 1568 Inſtance
2620 1441 2680 1568 du

614 1565 867 1689 meſme
930 1565 1157 1689 coſté.
1308 1565 1434 1689 Que
1498 1565 1523 1689 ſi
1573 1565 1964 1689 l’Ennemi
2040 1565 2154 1689 met
2204 1565 2242 1689 la
2305 1565 2570 1689 pointe
2646 1565 2709 1689 de

572 1690 682 1815 ſon
779 1690 986 1815 eſpee
1047 1690 1120 1815 un
1205 1690 1326 1815 peu
1399 1690 1521 1815 par
1582 1690 1813 1815 deçà,
1886 1690 2044 1815 auſſi
2141 1690 2591 1815 ALExandre
2652 1690 2701 1815 a-

582 1817 900 1941 vancera
959 1817 1524 1941 pareillement
1571 1817 1665 1941 ſon
1736 1817 1912 1941 pied
1971 1817 2159 1941 droit
2242 1817 2289 1941 en
2383 1817 2701 1941 Premie-

573 1938 633 2065 re
693 1938 1051 2065 Inſtance
1123 1938 1194 2065 un
1278 1938 1397 2065 peu
1505 1938 1553 2065 en
1660 1938 1827 2065 deçà
1887 1938 1947 2065 le
2054 1938 2424 2065 Diametre
2496 1938 2592 2065 ſur
2651 1938 2699 2065 la

614 2065 1226 2191 Circonference
1321 2065 1369 2191 du
1513 2065 1801 2191 Cercle,
1885 2065 1957 2191 de
2052 2065 2364 2191 maniere
2460 2065 2580 2191 que
2652 2065 2700 2191 le

593 2188 810 2313 corps
868 2188 1005 2313 ſoit
1073 2188 1245 2313 tout
1324 2188 1427 2313 viz
1484 2188 1484 2313 à
1553 2188 1656 2313 viz
1724 2188 1793 2313 de
1838 2188 1884 2313 la
1941 2188 2215 2313 pointe
2284 2188 2695 2313 contraire,

646 2310 646 2439 &
684 2310 975 2439 l’ayant
1013 2310 1393 2439 ſurprinſe
1507 2310 1507 2439 &
1570 2310 1937 2439 attaquée
2000 2310 2102 2439 par
2177 2310 2494 2439 deſſous,
2545 2310 2709 2439 qu’il

579 2437 793 2562 l’aille
868 2437 1157 2562 obliger
1244 2437 1608 2562 derechef
1696 2437 1696 2562 à
1784 2437 1822 2562 la
1922 2437 2273 2562 Seconde
2349 2437 2700 2562 Inſtance

605 2559 655 2676 du
754 2559 1003 2676 meſme
1077 2559 1300 2676 coſté,

2952 334 3093 470 entre
3147 334 3256 470 avec
3310 334 3343 470 le
3397 334 3517 470 pied
3571 334 3723 470 droit,
3788 334 3962 470 tirant
4016 334 4255 470 enſemble
4321 334 4397 470 une
4473 334 4657 470 grande
4712 334 4940 470 eſtocade

2968 459 3073 592 vers
3115 459 3147 592 la
3200 459 3421 592 poitrine
3474 459 3505 592 de
3558 459 3621 592 ſn
3685 459 4001 592 Contraire;
4064 459 4106 592 au
4191 459 4349 592 meſme
4401 459 4570 592 temps
4654 459 4939 592 Alexandre

2962 591 2985 720 ſe
3044 591 3208 720 plante
3278 591 3278 720 à
3336 591 3371 720 la
3453 591 3664 720 Seconde
3711 591 3969 720 Inſtance,
4027 591 4261 720 joignant
4308 591 4331 720 le
4390 591 4566 720 Centre
4624 591 4648 720 de
4694 591 4753 720 ſon
4811 591 4940 720 eſpee

2968 715 2968 840 à
3067 715 3099 840 N.
3154 715 3187 840 3.
3231 715 3263 840 ou
3340 715 3384 840 4.
3460 715 3493 840 de
3537 715 3570 840 la
3613 715 3898 840 contraire,
4062 715 4149 840 par
4182 715 4226 840 ce
4281 715 4423 840 moyen
4477 715 4510 840 la
4576 715 4882 840 graduant,
4915 715 4948 840 il

2956 838 3020 952 luy
3083 838 3221 952 donne
3263 838 3348 952 une
3390 838 3623 952 eſtocade
3665 838 3697 952 en
3771 838 3950 952 dedans
4003 838 4035 952 du
4088 838 4194 952 bras
4246 838 4246 952 à
4299 838 4511 952 travers
4564 838 4595 952 la
4638 838 4786 952 teſte.

3542 4676 3853 4848 Cercle
4097 4676 4363 4848 N.5.

1363 6454 1681 6618 Cercle
2080 6454 2139 6618 4.

632 6670 821 6796 Durant
877 6670 1301 6796 qu’Alexandre
1368 6670 1568 6796 marche
1635 6670 1669 6796 de
1736 6670 1769 6796 la
1858 6670 2103 6796 Premiere
2170 6670 2393 6796 Inſtance
2449 6670 2627 6796 devers
2683 6670 2717 6796 la

726 6791 967 6921 Seconde,
1013 6791 1139 6921 pour
1197 6791 1380 6921 obliger
1449 6791 1633 6921 l’eſpee
1690 6791 2000 6921 contraire;
2091 6791 2344 6921 Zacharie
2378 6791 2619 6921 s’avance

1323 2779 1629 2955 Cercle
1870 2779 2089 2955 N.3.

616 2987 910 3110 Alexandre
965 2987 1324 3110 pourſuivant
1379 2987 1705 3110 l’operation
1771 2987 2108 3110 precedente,
2173 2987 2358 3110 marche
2435 2987 2467 3110 de
2533 2987 2565 3110 la
2631 2987 2707 3110 Se-

701 3116 848 3237 conde
909 3116 1141 3237 Inſtance
1215 3116 1215 3237 à
1264 3116 1300 3237 la
1374 3116 1668 3237 Troiſieme,
1717 3116 1961 3237 hauſſant
2010 3116 2047 3237 ſa
2096 3116 2304 3237 pointe,
2414 3116 2414 3237 &
2463 3116 2708 3237 enſemble

712 3244 987 3367 graduant
1052 3244 1107 3367 les
1173 3244 1294 3367 deux
1338 3244 1524 3367 lames,
1568 3244 1601 3367 le
1678 3244 1853 3367 Centre
1930 3244 1952 3367 de
2029 3244 2062 3367 la
2106 3244 2259 3367 ſienne
2303 3244 2391 3367 par
2468 3244 2709 3367 moindres

757 3362 983 3486 Nombres
1039 3362 1073 3486 de
1118 3362 1152 3486 la
1242 3362 1547 3486 Contraire,
1615 3362 1682 3486 luy
1750 3362 1976 3486 donnant
2021 3362 2066 3486 un
2134 3362 2246 3486 coup
2314 3362 2607 3486 d’eſtocade
2664 3362 2709 3486 au

709 3495 996 3606 viſage.

1066 3626 1204 3767 Eſte
1292 3626 1680 3767 operation
1781 3626 1906 3767 ſuit
1969 3626 2031 3767 le
2132 3626 2370 3767 Cercle
2445 3626 2721 3767 prece-

1066 3770 1274 3891 dent,
1348 3770 1409 3891 ou
1531 3770 1984 3891 ALExandre
2045 3770 2058 3891 a
2143 3770 2388 3891 obligé
2437 3770 2706 3891 l’eſpee

1083 3891 1468 4015 Contraire
1543 3891 1543 4015 à
1617 3891 1655 4015 la
1729 3891 2090 4015 Seconde
2164 3891 2550 4015 Inſtance,
2599 3891 2711 4015 par

1052 4017 1111 4136 ce
1181 4017 1309 4136 que
1355 4017 1880 4136 l’Adverſaire
1950 4017 2323 4136 demeure
2369 4017 2567 4136 pour
2649 4017 2696 4136 en

577 4139 953 4263 attendre
1011 4139 1375 4263 nouvelle
1434 4139 1880 4263 pourſuite.
1939 4139 2044 4263 Sur
2115 4139 2314 4263 quoy
2373 4139 2713 4263 ALExan-

593 4264 703 4384 dre
764 4264 1165 4384 travaille,
1286 4264 1298 4384 &
1395 4264 1675 4384 marche
1760 4264 1809 4384 en
1918 4264 1979 4384 ce
2088 4264 2331 4384 Cercle
2404 4264 2708 4384 preſent

580 4392 763 4510 avec
824 4392 873 4510 le
946 4392 1117 4510 pied
1202 4392 1385 4510 droit
1470 4392 1580 4510 par
1653 4392 1690 4510 la
1775 4392 1982 4510 trace
2067 4392 2116 4510 du
2275 4392 2530 4510 Quarré
2616 4392 2725 4510 In-

579 4507 781 4636 ſcrit,
831 4507 944 4636 par
1020 4507 1158 4636 delà
1208 4507 1259 4636 le
1359 4507 1737 4636 Diametre
1787 4507 1800 4636 à
1850 4507 1888 4636 la
1988 4507 2391 4636 Troiſieme
2441 4507 2718 4636 Inſtan-

595 4636 655 4759 ce
703 4636 930 4759 lettre
1049 4636 1085 4759 N,
1145 4636 1492 4759 hauſſant
1563 4636 2018 4759 egalement
2065 4636 2137 4759 un
2209 4636 2328 4759 peu
2388 4636 2436 4759 la
2508 4636 2723 4759 poin-

594 4763 642 4885 te
725 4763 796 4885 de
855 4763 902 4885 ſa
973 4763 1222 4885 lame,
1352 4763 1364 4885 &
1423 4763 1943 4885 pourſuivant
2003 4763 2014 4885 à
2121 4763 2357 4885 mener
2417 4763 2464 4885 le
2547 4763 2712 4885 pied

609 4881 904 5013 gauche
955 4881 1058 5013 ſur
1122 4881 1173 5013 le
1288 4881 1544 5013 Quarré
1647 4881 2095 5013 Circonſcrit
2159 4881 2390 5013 lettre
2505 4881 2569 5013 K,
2633 4881 2697 5013 au

620 5009 875 5134 meſme
956 5009 1211 5134 temps
1280 5009 1466 5134 avec
1535 5009 1593 5134 le
1686 5009 1848 5134 bras
1941 5009 2242 5134 eſtendu
2323 5009 2358 5134 il
2439 5009 2497 5134 va
2589 5009 2728 5134 gra-

609 5133 773 5251 duer
831 5133 878 5251 le
983 5133 1241 5251 Centre
1323 5133 1382 5251 de
1429 5133 1475 5251 ſa
1522 5133 1722 5251 lame
1780 5133 1827 5251 en
1921 5133 2202 5251 dedans
2272 5133 2319 5251 du
2389 5133 2553 5251 bras
2612 5133 2717 5251 par

615 5255 850 5380 moins
937 5255 998 5380 de
1122 5255 1481 5380 Nombres
1567 5255 1629 5380 de
1691 5255 1963 5380 l’eſpee
2050 5255 2396 5380 obligée,
2458 5255 2495 5380 la
2581 5255 2717 5380 for-

605 5377 763 5512 çant
812 5377 812 5512 à
873 5377 995 5512 luy
1056 5377 1275 5512 ceder
1348 5377 1397 5512 en
1483 5377 1763 5512 dedans
1873 5377 1873 5512 &
1934 5377 1934 5512 à
2007 5377 2251 5512 ouvrir
2324 5377 2385 5512 un
2470 5377 2726 5512 angle,

617 5508 678 5634 de
751 5508 956 5634 façon
1065 5508 1223 5634 qu’il
1271 5508 1392 5634 luy
1501 5508 1622 5634 met
1683 5508 1719 5634 la
1792 5508 2070 5634 pointe
2131 5508 2300 5634 avec
2361 5508 2421 5634 le
2506 5508 2712 5634 corps

604 5631 914 5756 eſtendu
998 5631 1117 5756 par
1189 5631 1606 5756 courtoiſie
1690 5631 1964 5756 devant
2024 5631 2084 5756 le
2155 5631 2430 5756 viſage,
2489 5631 2716 5756 ayant

601 5751 940 5887 pouvoir
1033 5751 1162 5887 d’en
1267 5751 1443 5887 faire
1513 5751 2074 5887 l’execution;
2167 5751 2471 5887 comme
2530 5751 2565 5887 il
2647 5751 2729 5887 eſt

598 5886 1056 6012 repreſenté
1109 5886 1122 6012 à
1174 5886 1213 6012 la
1266 5886 1554 6012 figure.

3353 5659 3511 5800 Yant
3596 5659 3730 5800 eſté
3803 5659 4108 5800 plantez
4181 5659 4278 5800 les
4376 5659 4546 5800 deux
4632 5659 4948 5800 parties,

3324 5791 3623 5895 comme
3692 5791 3749 5895 au
3864 5791 4105 5895 Cercle
4231 5791 4277 5895 N.
4323 5791 4358 5895 1.
4438 5791 4472 5895 en
4587 5791 4954 5895 Premiere

3320 5904 3689 6025 Inſtance,
3734 5904 3946 6025 cõme
4025 5904 4561 6025 ALEXANDRE
4617 5904 4952 6025 s’avance

3311 6031 3917 6161 preſentement
3975 6031 4158 6161 avec
4227 6031 4272 6161 le
4341 6031 4513 6161 pied
4593 6031 4776 6161 droit
4856 6031 4959 6161 de-

2873 6153 3028 6295 vers
3075 6153 3123 6295 la
3195 6153 3576 6295 Seconde,
3635 6153 3814 6295 pour
3885 6153 4171 6295 obliger
4219 6153 4493 6295 l’eſpee
4552 6153 4969 6295 contraire,

2882 6281 3179 6405 comme
3253 6281 3303 6405 au
3426 6281 3662 6405 Cercle
3798 6281 3823 6405 N.
3884 6281 3922 6405 2.
3996 6281 4008 6405 à
4058 6281 4392 6405 l’inſtat
4466 6281 4602 6405 que
4664 6281 4714 6405 le
4788 6281 4961 6405 pied

2876 6409 3099 6520 eſlevé
3155 6409 3591 6520 tresbuche
3647 6409 3825 6520 avec
3870 6409 3926 6520 le
3993 6409 4228 6520 corps,
4340 6409 4787 6520 ZACHARIE
4854 6409 4965 6520 s’a-

2879 6531 3104 6649 vance
3175 6531 3210 6649 là
3304 6531 3541 6649 deſſus
3600 6531 3765 6649 avec
3836 6531 3883 6649 le
3942 6531 4107 6649 pied
4178 6531 4355 6649 droit
4403 6531 4509 6649 ſur
4556 6531 4603 6649 le
4698 6531 4969 6649 Diame-

2869 6655 2963 6771 tre
3021 6655 3244 6771 lettre
3349 6655 3396 6771 R,
3467 6655 3795 6771 trainant
3853 6655 3900 6771 le
3970 6655 4252 6771 gauche
4310 6655 4310 6771 à
4357 6655 4802 6771 l’advenant
4872 6655 4978 6771 ſur

2871 6769 2909 6909 la
2986 6769 3215 6909 lettre
3316 6769 3329 6909 X
3405 6769 3583 6909 pour
3685 6769 4054 6909 maiſtriſer
4156 6769 4169 6909 &
4232 6769 4601 6909 aſſujettir
4665 6769 4703 6909 la
4779 6769 4970 6909 lame

4814 6939 4972 6997 Con-

2875 4949 3163 5076 Cependant
3221 4949 3648 5076 qu’Alexandre
3694 4949 3855 5076 oblige
3913 4949 4098 5076 l’eſpee
4144 4949 4409 5076 contraire
4466 4949 4466 5076 à
4524 4949 4547 5076 la
4616 4949 4824 5076 Seconde
4893 4949 4962 5076 I-

2975 5068 3170 5211 ſtance,
3243 5068 3487 5211 Zacharie
3536 5068 3780 5211 s’avance
3829 5068 3853 5211 là
3914 5068 4061 5211 deſſus
4171 5068 4171 5211 &
4244 5068 4378 5211 entre
4427 5068 4549 5211 pour
4610 5068 4964 5211 l’aſſujettir;

2967 5200 3042 5333 ſur
3096 5200 3213 5333 quoy
3321 5200 3600 5333 Alexandre
3675 5200 3868 5333 avance
3921 5200 4297 5333 pareillement
4361 5200 4404 5333 au
4490 5200 4650 5333 meſme
4704 5200 4876 5333 temps
4929 5200 4951 5333 le

2972 5321 3083 5456 pied
3127 5321 3348 5456 gauche,
3403 5321 3437 5456 ſe
3481 5321 3724 5456 courbant
3780 5321 3802 5456 le
3846 5321 3957 5456 bras
3990 5321 4100 5456 vers
4145 5321 4167 5456 le
4211 5321 4366 5456 haut,
4454 5321 4454 5456 &
4499 5321 4576 5456 luy
4631 5321 4709 5456 met
4742 5321 4775 5456 la
4820 5321 4952 5456 poin-

2976 5454 3010 5571 te
3066 5454 3145 5571 par
3190 5454 3460 5571 courtoiſie
3516 5454 3696 5571 devant
3741 5454 3764 5571 le
3809 5454 4068 5571 viſage.

3367 1051 3751 1162 Operation
3850 1051 3900 1162 du
4023 1051 4259 1162 Cercle
4370 1051 4408 1162 N.
4457 1051 4494 1162 1.
4556 1051 4779 1162 eſtant
4841 1051 4940 1162 ac-

3307 1175 3671 1298 complie,
3741 1175 3799 1298 où
3881 1175 3975 1298 les
4057 1175 4244 1298 deux
4315 1175 4596 1298 parties
4654 1175 4701 1298 ſe
4771 1175 4935 1298 ſont

3287 1299 3594 1410 plantez
3662 1299 3708 1410 en
3798 1299 4162 1410 Premiere
4219 1299 4559 1410 Inſtance
4616 1299 4662 1410 en
4753 1299 4934 1410 droi-

3291 1421 3351 1545 te
3400 1421 3629 1545 ligne,
3678 1421 3835 1545 lors
3919 1421 4535 1545 ALEXANDRE
4584 1421 4934 1545 procede

2844 1541 2890 1666 en
2972 1541 3181 1666 outre
3227 1541 3239 1666 à
3320 1541 3646 1666 marcher
3751 1541 3751 1666 &
3821 1541 4065 1666 entrer
4135 1541 4181 1666 du
4251 1541 4414 1666 pied
4483 1541 4704 1666 droit,
4751 1541 4937 1666 pour

2847 1669 3140 1786 obliger
3202 1669 3324 1786 par
3410 1669 3544 1786 delà
3605 1669 3654 1786 le
3764 1669 4132 1786 Diametre
4205 1669 4205 1786 à
4278 1669 4315 1786 la
4413 1669 4756 1786 Seconde
4841 1669 4939 1786 In-

2833 1793 3084 1912 ſtance
3156 1793 3419 1912 l’eſpee
3502 1793 3921 1912 contraire,
3980 1793 4315 1912 laquelle
4386 1793 4410 1912 il
4482 1793 4494 1912 a
4566 1793 4936 1912 ſurprinſe

2894 1916 2894 2034 &
2955 1916 3330 2034 attaquée
3379 1916 3500 2034 par
3572 1916 3863 2034 deſſous
3923 1916 4093 2034 avec
4141 1916 4190 2034 la
4262 1916 4541 2034 ſienne.
4589 1916 4759 2034 auſſi
4807 1916 4940 2034 toſt

2856 2040 2986 2163 que
3033 2040 3092 2163 le
3150 2040 3315 2163 pied
3398 2040 3621 2163 eſlevé
3680 2040 3809 2163 luy
3880 2040 4351 2163 commence
4398 2040 4410 2163 à
4469 2040 4939 2163 tresbucher

2842 2165 3011 2280 avec
3056 2165 3113 2280 le
3180 2165 3428 2280 corps,
3485 2165 3541 2280 au
3643 2165 3902 2280 meſme
3958 2165 4240 2280 temps,
4331 2165 4342 2280 Z
4398 2165 4782 2280 ACHARIE
4838 2165 4951 2280 s’a-

2845 2277 3011 2404 vãce
3141 2277 3141 2404 &
3200 2277 3402 2404 entre
3461 2277 3627 2404 avec
3674 2277 3734 2404 le
3781 2277 3959 2404 pied
4030 2277 4243 2404 droit,
4291 2277 4362 2404 un
4433 2277 4551 2404 peu
4634 2277 4741 2404 par
4812 2277 4943 2404 delà

2832 2416 2879 2530 le
2973 2416 3347 2530 Diametre
3405 2416 3569 2530 plus
3615 2416 3837 2530 avant
3896 2416 4024 2530 que
4071 2416 4106 2530 la
4165 2416 4398 2530 lettre
4480 2416 4527 2530 V,
4585 2416 4808 2530 tirant
4866 2416 4948 2530 vi-

2834 2536 2931 2654 ſte
3039 2536 3039 2654 &
3100 2536 3523 2654 rudement
3607 2536 3656 2654 en
3740 2536 3982 2654 droite
4030 2536 4224 2654 ligne
4284 2536 4381 2654 (en
4441 2536 4683 2654 pliant
4731 2536 4779 2654 le
4840 2536 4949 2654 ge-

2843 2660 2957 2777 nou
3094 2660 3094 2777 &
3163 2660 3552 2777 panchant
3621 2660 3678 2777 le
3746 2660 3964 2777 corps
4021 2660 4261 2777 deſſus
4307 2660 4353 2777 le
4433 2660 4684 2777 meſme
4764 2660 4810 2777 en
4902 2660 4947 2777 a-

2845 2785 3069 2900 vant)
3152 2785 3412 2900 devers
3459 2785 3495 2900 la
3566 2785 3897 2900 poitrine
3991 2785 4050 2900 de
4098 2785 4653 2900 l’Adverſaire.
4783 2785 4961 2900 ALE-

2857 2909 3213 3025 XANDRE
3296 2909 3402 3025 dés
3497 2909 3651 3025 qu’il
3699 2909 4114 3025 apperçoit
4185 2909 4292 3025 par
4351 2909 4411 3025 le
4505 2909 4944 3025 Sentiment

2853 3033 2989 3146 que
3046 3033 3091 3146 la
3159 3033 3351 3146 lame
3430 3033 3803 3146 contraire
3860 3033 3917 3146 ſe
3984 3033 4030 3146 va
4109 3033 4527 3146 deſtacher,
4573 3033 4606 3146 il
4652 3033 4946 3146 avance

2833 3154 2881 3273 la
2940 3154 3227 3273 ſienne,
3286 3154 3334 3273 en
3393 3154 3751 3273 joignant
3799 3154 3858 3273 le
3942 3154 4192 3273 Centre
4252 3154 4299 3273 au
4430 3154 4466 3273 N.
4514 3154 4550 3273 3.
4621 3154 4669 3273 ou
4764 3154 4812 3273 4.
4883 3154 4943 3273 de

2857 3278 3025 3395 celle
3097 3278 3145 3395 du
3241 3278 3649 3395 contraire,
3709 3278 4045 3395 laquelle
4093 3278 4189 3395 (en
4273 3278 4633 3395 plantant
4681 3278 4729 3395 le
4777 3278 4945 3395 pied

2868 3402 3090 3516 droit,
3160 3402 3276 3516 qui
3346 3402 3731 3516 chemine,
3801 3402 3894 3516 ſur
3953 3402 3988 3516 la
4104 3402 4548 3516 Deuxieſme
4594 3402 4944 3516 Inſtance

2847 3527 3077 3645 lettre
3199 3527 3199 3645 G
3271 3527 3393 3645 par
3453 3527 3587 3645 delà
3647 3527 3696 3645 le
3793 3527 4205 3645 Diametre)
4253 3527 4278 3645 il
4338 3527 4617 3645 gradue
4666 3527 4847 3645 avec
4896 3527 4957 3645 le

2849 3650 3014 3765 bras
3120 3650 3132 3765 &
3167 3650 3226 3765 le
3285 3650 3497 3765 corps
3556 3650 3909 3765 eſtendu,
3967 3650 4321 3765 pouſſant
4368 3650 4403 3765 ſa
4485 3650 4674 3765 lame
4721 3650 4944 3765 (avec

2849 3774 3257 3891 pourſuite
3329 3774 3377 3891 du
3448 3774 3616 3891 pied
3676 3774 3964 3891 gauche
4023 3774 4694 3891 proportionnée)
4742 3774 4754 3891 à
4814 3774 4946 3891 tra-

2858 3897 3007 3995 vers
3076 3897 3110 3995 la
3179 3897 3362 3995 teſte
3466 3897 3523 3995 de
3592 3897 3695 3995 ſon
3821 3897 4256 3995 Contraire;
4336 3897 4371 3995 en
4474 3897 4944 3995 conformité

2873 4020 2970 4137 des
3019 4020 3346 4137 figures.
