5520 7640
3374 5301 3387 5468 A
3451 5301 3824 5468 preſente
3901 5301 4273 5468 provient
4350 5301 4402 5468 du
4543 5301 4787 5468 Cercle
4916 5301 4954 5468 N.
5018 5301 5057 5468 1.

3360 5444 3409 5598 où
3484 5444 3583 5598 les
3645 5444 3930 5598 parties
3979 5444 4140 5598 ſont
4190 5444 4475 5598 placez
4525 5444 4624 5598 ſur
4673 5444 4735 5598 le
4810 5444 5045 5598 Cercle

3355 5569 3403 5699 en
3511 5569 3883 5699 Premiere
3955 5569 4327 5699 Inſtance
4387 5569 4387 5699 ,
4495 5569 4507 5699 A
4579 5569 5047 5699 LEXANDRE

3346 5697 3625 5843 tenant
3689 5697 3968 5843 l’eſpee
4044 5697 4399 5843 parallele
4488 5697 4602 5843 par
4691 5697 4932 5843 deſſus
5008 5697 5047 5843 la

2896 5832 3316 5971 contraire.
3468 5832 3526 5971 Or
3584 5832 3888 5971 comme
3946 5832 3981 5971 il
4028 5832 4390 5971 procede
4437 5832 4600 5971 plus
4670 5832 4927 5971 outre,
4986 5832 5032 5971 en

2914 5954 3310 6074 marchant
3370 5954 3551 6074 avec
3611 5954 3659 6074 le
3719 5954 3887 6074 pied
3971 5954 4164 6074 droit
4248 5954 4512 6074 devers
4560 5954 4608 6074 la
4692 5954 5041 6074 Seconde

2883 6069 3273 6226 Inſtance,
3348 6069 3537 6226 pour
3599 6069 3976 6226 attaquer
4027 6069 4140 6226 par
4240 6069 4579 6226 deſſous,
4680 6069 4692 6226 &
4755 6069 5044 6226 obliger

2881 6201 3152 6357 l’eſpee
3246 6201 3683 6357 contraire,
3777 6201 4084 6357 comme
4155 6201 4214 6357 au
4344 6201 4592 6357 Cercle
4722 6201 4757 6357 N.
4828 6201 4887 6357 2.
4970 6201 5017 6357 au

2880 6321 3140 6479 temps
3223 6321 3353 6479 que
3412 6321 3601 6479 ledit
3672 6321 3849 6479 pied
3920 6321 4039 6479 luy
4122 6321 4606 6479 commence
4666 6321 4666 6479 à
4737 6321 5044 6479 tresbu-

2892 6450 3054 6600 cher
3112 6450 3297 6600 avec
3332 6450 3389 6600 le
3459 6450 3702 6600 corps,
3806 6450 3817 6600 Z
3887 6450 4338 6600 ACHARIE
4407 6450 4766 6600 S’avance
4870 6450 4882 6600 &
4940 6450 5044 6600 en-

2885 6570 2988 6732 tre
3039 6570 3077 6732 là
3166 6570 3409 6732 deſſus
3473 6570 3652 6732 avec
3715 6570 3767 6732 le
3818 6570 3996 6732 pied
4073 6570 4303 6732 droit,
4367 6570 4482 6732 par
4558 6570 4686 6732 delà
4763 6570 4814 6732 le
4916 6570 5044 6732 Dia-

2919 6699 3138 6854 metre
3198 6699 3307 6854 ſur
3356 6699 3404 6854 la
3477 6699 3828 6854 ſeconde
3877 6699 4386 6854 interſeion
4483 6699 4543 6854 de
4604 6699 4652 6854 la
4737 6699 5052 6854 collate-

2884 6826 3026 6987 rale
3073 6826 3558 6987 interieure,
3665 6826 3677 6987 &
3724 6826 3783 6987 ſe
3842 6826 4138 6987 panche
4221 6826 4280 6987 du
4375 6826 4600 6987 corps
4683 6826 4730 6987 en
4825 6826 5038 6987 avant

2909 6952 3145 7108 deſſus
3207 6952 3256 7108 le
3356 6952 3678 7108 meſme,
3752 6952 3938 7108 pour
4025 6952 4335 7108 domter
4472 6952 4472 7108 &
4546 6952 4930 7108 aſſujettir
4992 6952 5029 7108 la

4848 7122 5040 7208 lame

1382 3794 1693 3974 Cercle
1893 3794 2138 3974 N.7.

650 4013 754 4131 Ainſi
812 4013 893 4131 que
985 4013 1240 4131 Zacharie
1297 4013 1505 4131 s’atend
1586 4013 1609 4131 de
1679 4013 1829 4131 parer
1887 4013 1910 4131 le
1967 4013 2083 4131 coup
2152 4013 2187 4131 du
2268 4013 2430 4131 Cercle
2476 4013 2765 4131 precedent

781 4122 816 4256 N.
862 4122 908 4256 5.
966 4122 1000 4256 en
1070 4122 1323 4256 hauſſant
1439 4122 1439 4256 &
1508 4122 1739 4256 eſlevant
1796 4122 1935 4256 encor
2004 4122 2350 4256 d’avantage
2396 4122 2431 4256 le
2465 4122 2580 4256 bras
2638 4122 2753 4256 avec

729 4269 963 4383 l’eſpee;
1104 4269 1396 4383 Alexandre
1455 4269 1478 4383 ſe
1537 4269 1736 4383 ſuſleve
1806 4269 1841 4383 au
1935 4269 2099 4383 meſme
2157 4269 2333 4383 temps
2391 4269 2415 4383 le
2473 4269 2661 4383 corps,
2719 4269 2754 4383 en

733 4390 980 4510 hauſſant
1039 4390 1169 4510 aui
1204 4390 1580 4510 pareillement
1616 4390 1651 4510 le
1698 4390 1804 4510 bras
1863 4390 1969 4510 avec
2016 4390 2204 4510 l’eſpee
2274 4390 2639 4510 d’avantage,
2698 4390 2768 4510 de-

739 4512 848 4635 quoy
891 4512 935 4635 en
1000 4512 1272 4635 panchant
1349 4512 1381 4635 du
1425 4512 1566 4635 corps
1610 4512 1643 4635 en
1697 4512 1860 4635 avant
1958 4512 1958 4635 &
2002 4512 2242 4635 eſlevant
2285 4512 2318 4635 le
2361 4512 2481 4635 pied
2547 4512 2666 4635 droit
2710 4512 2753 4635 en

727 4642 861 4759 l’air
917 4642 939 4759 il
995 4642 1085 4759 tire
1141 4642 1186 4759 un
1253 4642 1365 4759 coup
1444 4642 1477 4759 de
1522 4642 1668 4759 taille
1735 4642 1780 4759 au
1869 4642 1981 4759 gras
2060 4642 2094 4759 de
2161 4642 2194 4759 la
2262 4642 2430 4759 jambe
2497 4642 2654 4759 droite
2732 4642 2766 4759 de

730 4774 1220 4879 l’Adverſire.

1098 4923 1110 5046 A
1172 4923 1542 5046 preſente
1616 4923 1703 5046 eſt
1764 4923 1814 5046 la
1875 4923 2060 5046 ſuite
2134 4923 2196 5046 de
2258 4923 2739 5046 l’operation

1086 5051 1135 5169 du
1271 5051 1506 5169 Cercle
1580 5051 2025 5169 precedent
2148 5051 2185 5169 N.
2260 5051 2309 5169 5.
2383 5051 2433 5169 ou
2568 5051 2754 5169 ALE-

1097 5178 1446 5294 XANDRE
1516 5178 1516 5294 a
1585 5178 1946 5294 preſenté
2004 5178 2051 5294 ſa
2132 5178 2400 5294 pointe
2481 5178 2748 5294 devant

1073 5300 1124 5421 le
1187 5300 1415 5421 viſage
1491 5300 1542 5421 du
1643 5300 2074 5421 Contraire,
2151 5300 2189 5421 en
2277 5300 2632 5421 hauſſant
2746 5300 2746 5421 &

620 5425 1010 5559 courbant
1058 5425 1119 5559 le
1168 5425 1362 5559 bras.
1508 5425 1606 5559 Car
1654 5425 1825 5559 ainſi
1898 5425 2019 5559 que
2116 5425 2189 5559 ZA
2262 5425 2579 5559 CHARIE
2627 5425 2749 5559 luy

627 5552 674 5685 va
756 5552 968 5685 parer
1026 5552 1496 5685 l’eſtocade,
1590 5552 1637 5685 en
1708 5552 1931 5685 allant
2002 5552 2166 5685 plus
2213 5552 2389 5685 haut
2448 5552 2625 5685 avec
2695 5552 2742 5685 le

605 5678 772 5797 bras
915 5678 915 5797 &
974 5678 1284 5797 l’eſpee;
1355 5678 1415 5797 au
1522 5678 1772 5797 meſme
1843 5678 2105 5797 temps
2188 5678 2748 5797 ALEXANDRE

622 5802 945 5921 s’eſtend
1016 5802 1064 5921 le
1148 5802 1422 5921 corps,
1542 5802 1888 5921 montant
1960 5802 2127 5921 auſſi
2198 5802 2760 5921 pareillement

605 5928 794 6054 avec
829 5928 1111 6054 l’eſpee
1182 5928 1335 6054 plus
1394 5928 1605 6054 haut,
1676 5928 1735 6054 en
1805 5928 2182 6054 tournant
2300 5928 2300 6054 &
2370 5928 2758 6054 courbant

602 6050 659 6175 le
727 6050 897 6175 bras
976 6050 1441 6175 davantage,
1509 6050 1554 6175 la
1622 6050 1973 6175 branche
2053 6050 2494 6175 exterieure
2585 6050 2744 6175 con-

605 6179 999 6298 tremont,
1092 6179 1371 6298 marche
1441 6179 1615 6298 avec
1685 6179 1743 6298 le
1813 6179 1975 6298 pied
2056 6179 2347 6298 gauche
2417 6179 2463 6298 en
2568 6179 2730 6298 decà

601 6309 650 6436 le
771 6309 1148 6436 Diametre
1221 6309 1319 6436 ſur
1404 6309 1440 6436 la
1525 6309 1744 6436 lettre
1853 6309 1914 6436 L,
2024 6309 2206 6436 pour
2303 6309 2644 6436 pancher
2692 6309 2753 6436 le

622 6429 836 6557 corps
908 6429 1146 6557 deſſus
1206 6429 1253 6557 en
1325 6429 1587 6557 avant,
1658 6429 1920 6557 durant
1992 6429 2147 6557 qu’il
2206 6429 2433 6557 eſleve
2480 6429 2742 6557 l’autre

630 6551 818 6676 pied,
939 6551 939 6676 &
1006 6551 1395 6676 enſemble
1448 6551 1784 6676 (laiſſant
1838 6551 2079 6676 gliſſer
2146 6551 2200 6676 le
2267 6551 2549 6676 poulce
2629 6551 2763 6676 deſ-

610 6684 777 6803 ſous
825 6684 872 6803 la
920 6684 1265 6803 branche
1325 6684 1802 6803 interieure)
1861 6684 1980 6803 luy
2052 6684 2183 6803 tire
2242 6684 2314 6803 un
2409 6684 2588 6803 coup
2683 6684 2743 6803 de

625 6807 817 6927 taille
913 6807 973 6927 de
1057 6807 1237 6927 haut
1321 6807 1369 6927 en
1453 6807 1585 6927 bas
1645 6807 1741 6927 ſur
1825 6807 1885 6927 le
1981 6807 2126 6927 gras
2210 6807 2282 6927 de
2366 6807 2402 6927 la
2474 6807 2738 6927 jambe

632 6934 983 7058 gauche;
1049 6934 1231 7058 ſelon
1322 6934 1478 7058 qu’il
1531 6934 1622 7058 eſt
1700 6934 2026 7058 monftré
2065 6934 2078 7058 à
2130 6934 2169 7058 la
2221 6934 2508 7058 figure.

1133 2324 1412 2458 Autant
1497 2324 1619 2458 que
1716 2324 1728 2458 Z
1789 2324 2178 2458 ACHARIE
2239 2324 2312 2458 ne
2372 2324 2494 2458 fait
2555 2324 2774 2458 point

1113 2449 1173 2583 de
1245 2449 1522 2583 parade
1594 2449 1702 2583 par
1775 2449 2232 2583 l’operation
2316 2449 2773 2583 preceden-

1085 2578 1186 2705 te,
1275 2578 1286 2705 A
1342 2578 1811 2705 LEXANDRE
1867 2578 1911 2705 la
1990 2578 2045 2705 va
2112 2578 2615 2705 pourſuivre,
2693 2578 2738 2705 en

1082 2702 1452 2834 pouſſant
1523 2702 1798 2834 l’eſpee
1869 2702 2048 2834 avec
2120 2702 2167 2834 le
2239 2702 2406 2834 bras
2477 2702 2764 2834 courbé

637 2823 682 2951 en
761 2823 1008 2951 avant,
1075 2823 1086 2951 à
1142 2823 1434 2951 travers
1513 2823 1547 2951 la
1625 2823 1805 2951 teſte
1884 2823 2310 2951 contraire,
2389 2823 2456 2951 de
2524 2823 2737 2951 façon

631 2954 770 3074 que
817 2954 909 3074 les
979 2954 1164 3074 deux
1257 2954 1512 3074 gardes
1570 2954 2311 3074 s’entre-heurtent
2380 2954 2554 3074 avec
2624 2954 2774 3074 for-

629 3082 728 3199 ce,
814 3082 863 3199 ce
937 3082 1060 3199 qu’i
1122 3082 1171 3199 le
1233 3082 1626 3199 contraint
1700 3082 1762 3199 de
1823 3082 1996 3199 plier
2045 3082 2094 3199 le
2156 3082 2353 3199 bras,
2464 3082 2464 3199 &
2513 3082 2759 3199 laiſſer

649 3201 928 3323 monter
975 3201 1021 3323 ſa
1079 3201 1347 3323 pointe
1417 3201 1452 3323 en
1522 3201 1661 3323 l’air
1708 3201 1720 3323 à
1789 3201 2046 3323 vuide.

670 380 1049 516 contraire
1122 380 1305 516 avec
1391 380 1599 516 Poids
1672 380 1745 516 de
1806 380 2063 516 force:
2124 380 2222 516 ſur
2307 380 2503 516 quoy
2601 380 2784 516 ALE-

671 514 1020 637 XANDRE
1092 514 1321 637 ayant
1369 514 1622 637 planté
1682 514 1731 637 le
1779 514 1959 637 pied
2032 514 2224 637 droit
2272 514 2284 637 à
2333 514 2369 637 la
2429 514 2658 637 lettre
2766 514 2766 637 G

656 635 764 766 par
836 635 968 766 delà
1040 635 1088 766 le
1208 635 1628 766 Diametre,
1712 635 1916 766 entre
1988 635 2168 766 avec
2228 635 2276 766 le
2348 635 2529 766 pied
2601 635 2769 766 gau-

661 766 819 890 che,
868 766 1051 890 pour
1112 766 1160 890 le
1209 766 1514 890 planter
1563 766 1660 890 ſur
1709 766 1758 890 le
1855 766 2111 890 Centre
2184 766 2233 890 du
2343 766 2587 890 Cercle
2672 766 2769 890 de-

657 888 824 1013 dans
884 888 1374 1013 l’ouverture
1445 888 1505 1013 de
1565 888 1863 1013 l’angle,
1935 888 2066 1013 que
2114 888 2388 1013 l’eſpee
2448 888 2782 1013 contrai-

643 1014 702 1145 re
749 1014 866 1145 luy
948 1014 1230 1145 donne,
1301 1014 1348 1145 en
1430 1014 1805 1145 tournant
1864 1014 2134 1145 l’eſpee
2216 1014 2263 1145 en
2369 1014 2639 1145 dedans
2756 1014 2768 1145 &

663 1140 1042 1267 courbant
1103 1140 1152 1267 le
1225 1140 1421 1267 bras,
1494 1140 1678 1267 pour
1751 1140 1800 1267 le
1861 1140 2142 1267 bleſſer
2203 1140 2264 1267 au
2362 1140 2631 1267 viſage;
2765 1140 2778 1267 &

654 1266 951 1394 comme
1053 1266 1509 1394 ZACHARIE
1589 1266 1646 1394 le
1725 1266 1885 1394 pare
1976 1266 2022 1394 en
2113 1266 2432 1394 portant
2489 1266 2546 1394 le
2614 1266 2774 1394 bras

634 1391 811 1513 avec
871 1391 1155 1513 l’eſpee
1238 1391 1404 1513 vers
1475 1391 1522 1513 le
1605 1391 1854 1513 haut;
1949 1391 2114 1513 auſſi
2233 1391 2766 1513 ALEXANDRE

634 1509 758 1644 fait
807 1509 856 1644 le
906 1509 1337 1644 ſemblable
1387 1509 1448 1644 au
1547 1509 1806 1644 meſme
1856 1509 2152 1644 temps,
2213 1509 2571 1644 hauſſant
2633 1509 2781 1644 l’eſ-

625 1641 765 1766 pee
812 1641 1000 1766 avec
1046 1641 1093 1766 le
1163 1641 1327 1766 bras
1421 1641 1702 1766 courbé
1784 1641 1819 1766 en
1912 1641 2217 1766 arriere,
2357 1641 2357 1766 &
2416 1641 2544 1766 luy
2603 1641 2767 1766 pre-

627 1763 930 1899 ſentant
978 1763 1027 1899 la
1075 1763 1354 1899 pointe
1426 1763 1463 1899 en
1559 1763 1971 1899 courtoiſie
2044 1763 2310 1899 devant
2383 1763 2431 1899 le
2492 1763 2758 1899 viſage;

638 1893 938 2017 comme
998 1893 1034 2017 la
1094 1893 1334 2017 figure
1419 1893 1899 2017 demonſtre.

3664 1577 3978 1743 Cercle
4201 1577 4470 1743 N.9.

3427 1810 3573 1936 Oicy
3658 1810 4070 1936 comment
4192 1810 4750 1936 ALEXANDRE
4848 1810 5078 1936 pour-

3380 1935 3510 2055 ſuit
3569 1935 3616 2055 la
3711 1935 3972 2055 meſme
4055 1935 4457 2055 operation
4564 1935 4729 2055 plus
4800 1935 5073 2055 outre,

3383 2062 3702 2188 aſſavoir
3778 2062 3931 2188 qu’il
3994 2062 4287 2188 delivre
4338 2062 4376 2188 ſa
4427 2062 4631 2188 lame
4682 2062 4695 2188 à
4758 2062 4937 2188 fleur
5013 2062 5077 2188 de

3381 2187 3629 2312 terre,
3715 2187 3777 2312 de
3839 2187 4185 2312 laquelle
4284 2187 4606 2312 dreſſant
4668 2187 4717 2312 la
4792 2187 5064 2312 pointe

2922 2314 3071 2439 vers
3121 2314 3170 2439 le
3220 2314 3444 2439 haut,
3481 2314 3518 2439 il
3580 2314 3630 2439 ſe
3704 2314 3903 2439 volte
3953 2314 4003 2439 le
4077 2314 4288 2439 corps
4338 2314 4450 2439 ſur
4499 2314 4549 2439 le
4611 2314 4785 2439 pied
4859 2314 5071 2439 droit,

2919 2443 3031 2571 qui
3093 2443 3167 2571 eſt
3229 2443 3477 2571 planté
3539 2443 3539 2571 à
3626 2443 3775 2571 main
3861 2443 4196 2571 gauche,
4258 2443 4308 2571 en
4395 2443 4729 2571 eſlevant
4779 2443 4829 2571 le
4915 2443 5064 2571 meſ-

2939 2569 3011 2696 me
3070 2569 3285 2696 pied,
3357 2569 3632 2696 lequel
3691 2569 3727 2696 il
3787 2569 4073 2696 tourne
4181 2569 4193 2696 &
4264 2569 4563 2696 avance
4635 2569 4897 2696 devers
4945 2569 5052 2696 ſon

2942 2698 3370 2819 Contraire,
3432 2698 3811 2819 abaiſſant
3873 2698 4522 2819 enſemblement
4583 2698 4620 2819 ſa
4669 2698 4902 2819 lame,
4963 2698 5061 2819 qui

2905 2822 2991 2946 eſt
3065 2822 3349 2946 dreſſée
3423 2822 4003 2946 contremont,
4077 2822 4188 2946 par
4274 2822 4520 2946 deſſus
4582 2822 4631 2946 ſa
4718 2822 4903 2946 teſte
4964 2822 5075 2946 ſur

2887 2950 2947 3073 le
2995 2950 3163 3073 bras
3236 2950 3560 3073 gauche,
3608 2950 4198 3073 l’affermiſſant
4246 2950 4403 3073 bien
4475 2950 4679 3073 pour
4739 2950 5076 3073 accour-

2909 3076 2991 3197 cir
3073 3076 3330 3197 contre
3400 3076 3447 3197 ſa
3517 3076 3903 3197 poitrine,
4020 3076 4032 3197 &
4090 3076 4266 3197 ainſi
4360 3076 4699 3197 marcher
4769 3076 4945 3197 avec
5015 3076 5062 3197 le

2901 3200 3063 3326 pied
3138 3200 3426 3326 gauche
3488 3200 3763 3326 contre
3813 3200 4213 3326 l’Ennemi
4275 3200 4375 3326 ſur
4438 3200 4488 3326 la
4563 3200 4800 3326 lettre
4887 3200 4937 3326 S,
5062 3200 5062 3326 &

2885 3326 3013 3452 luy
3095 3326 3397 3452 donner
3456 3326 3514 3452 au
3619 3326 3886 3452 meſme
3956 3326 4224 3452 temps
4271 3326 4340 3452 un
4434 3326 4620 3452 coup
4701 3326 5062 3452 d’eſtoca-

2914 3452 3002 3582 de,
3066 3452 3330 3582 (aſſiſté
3444 3452 3457 3582 &
3507 3452 3873 3582 renforcé
3948 3452 3999 3582 du
4075 3452 4642 3582 panchement
4705 3452 4756 3582 du
4844 3452 5058 3582 corps

2906 3580 2942 3708 en
3027 3580 3281 3708 avant,
3318 3580 3318 3708 )
3366 3580 3415 3708 au
3524 3580 3717 3708 coſté
3790 3580 4081 3708 gauche
4141 3580 4141 3708 à
4202 3580 4516 3708 travers
4565 3580 4613 3708 le
4674 3580 4928 3708 corps;
4976 3580 5061 3708 ſe-

2884 3707 2984 3832 lon
3060 3707 3098 3832 la
3160 3707 3789 3832 repreſentation
3890 3707 3990 3832 des
4053 3707 4380 3832 figures.

3600 4285 3930 4458 Cercle
4172 4285 4480 4458 N.10.

2933 4504 3118 4632 Durant
3175 4504 3615 4632 qu’Alexandre
3649 4504 3684 4632 ſe
3730 4504 4054 4632 tranſporte
4112 4504 4135 4632 de
4181 4504 4216 4632 la
4297 4504 4551 4632 Premiere
4598 4504 4829 4632 Inſtance
4898 4504 5072 4632 devers

3008 4632 3042 4753 la
3109 4632 3378 4753 Seconde,
3434 4632 3557 4753 pour
3613 4632 3815 4753 obliger
3871 4632 3916 4753 la
3960 4632 4084 4753 lame
4128 4632 4431 4753 contraire,
4520 4632 4778 4753 Zacharie
4823 4632 5069 4753 s’avance

3066 4762 3079 4896 &
3115 4762 3262 4896 entre
3311 4762 3421 4896 avec
3482 4762 3519 4896 le
3567 4762 3677 4896 pied
3738 4762 3910 4896 droit,
4007 4762 4117 4896 pour
4191 4762 4386 4896 domter
4484 4762 4484 4896 &
4545 4762 4826 4896 aſſujettir
4887 4762 5070 4896 l’eſpee

3004 4889 3276 5015 contraire
3331 4889 3440 5015 avec
3494 4889 3538 5015 un
3603 4889 3701 5015 fort
3756 4889 3941 5015 poids;
4028 4889 4126 5015 dont
4235 4889 4529 5015 Alexandre
4605 4889 4703 5015 fait
4769 4889 4812 5015 au
4899 4889 5063 5015 meſme

3003 5015 3176 5148 temps
3219 5015 3467 5148 cavation
3521 5015 3640 5148 avec
3683 5015 3705 5148 le
3748 5015 3942 5148 ſienne,
3996 5015 4071 5148 luy
4136 5015 4352 5148 mettant
4395 5015 4427 5148 la
4481 5015 4654 5148 pointe
4697 5015 4730 5148 en
4783 5015 5053 5148 courtoiſie

3019 5141 3210 5253 devant
3258 5141 3282 5253 le
3329 5141 3604 5253 viſage.

3683 367 4005 575 Cercle
4188 367 4464 575 N.8.

3414 588 3890 721 LEXANDRE
3951 588 4317 721 pourſuit
4366 588 4830 721 l’operation
4915 588 5074 721 pre-

3395 718 3780 843 cedente,
3908 718 3920 843 &
4001 718 4293 843 marche
4363 718 4526 843 plus
4607 718 4829 843 outre
4899 718 5074 843 avec

3375 847 3425 981 le
3488 847 3663 981 pied
3750 847 3925 981 droit
4000 847 4250 981 eſleve
4313 847 4313 981 à
4400 847 4438 981 ſa
4526 847 4688 981 main
4788 847 5076 981 gauche

3386 976 3491 1109 par
3582 976 3752 1109 deçà
3830 976 3883 1109 le
4000 976 4327 1109 Cercle,
4418 976 4470 1109 ſe
4549 976 4954 1109 panchant
5019 976 5071 1109 le

2919 1102 3145 1231 corps
3220 1102 3458 1231 deſſus
3545 1102 3871 1231 derriere
3934 1102 3996 1231 le
4071 1102 4197 1231 dos
4259 1102 4322 1231 de
4372 1102 4422 1231 ſa
4472 1102 4760 1231 partie,
4898 1102 4898 1231 &
4973 1102 5086 1231 en-

2915 1230 3253 1363 trainant
3316 1230 3366 1363 le
3441 1230 3617 1363 pied
3705 1230 4005 1363 gauche
4093 1230 4306 1363 apres
4381 1230 4494 1363 ſur
4569 1230 4669 1363 les
4770 1230 5083 1363 orteils;

2926 1363 3218 1490 comme
3266 1363 3315 1490 la
3376 1363 3619 1490 figure
3704 1363 4057 1490 monſtre.

1362 2092 1670 2264 Cercle
1890 2092 2155 2264 N.6.
