5520 7640
609 3654 718 3777 C’eſt
762 3654 871 3777 tout
914 3654 936 3777 le
1002 3654 1154 3777 meſme
1209 3654 1645 3777 commencement
1700 3654 1776 3777 que
1820 3654 1852 3777 le
1896 3654 2180 3777 precedent
2256 3654 2409 3777 Cercle
2529 3654 2550 3777 N.
2616 3654 2725 3777 10.

712 3788 745 3901 où
844 3788 1142 3901 Alexandre
1187 3788 1198 3901 à
1264 3788 1330 3901 mis
1363 3788 1407 3901 ſa
1474 3788 1639 3901 pointe
1694 3788 1871 3901 devant
1915 3788 1948 3901 le
1993 3788 2169 3901 viſage
2236 3788 2269 3901 du
2335 3788 2633 3901 Contraire;
2677 3788 2721 3901 la

728 3911 1000 4024 difference
1060 3911 1131 4024 giſt
1178 3911 1214 4024 en
1285 3911 1321 4024 ce
1356 3911 1499 4024 qu’au
1582 3911 1736 4024 Cercle
1783 3911 2032 4024 preſent,
2104 3911 2258 4024 ayant
2305 3911 2471 4024 planté
2531 3911 2554 4024 le
2626 3911 2732 4024 pied

734 4034 846 4143 droit
901 4034 969 4143 ſur
1013 4034 1047 4143 la
1103 4034 1326 4143 Seconde
1371 4034 1628 4143 Inſtance,
1673 4034 1706 4143 il
1740 4034 1874 4143 entre
1919 4034 2031 4143 avec
2087 4034 2109 4143 le
2176 4034 2366 4143 gauche
2411 4034 2478 4143 ſur
2534 4034 2556 4143 le
2623 4034 2724 4143 Cen-

720 4155 787 4269 tre
843 4155 876 4269 du
954 4155 1132 4269 Cercle,
1188 4155 1455 4269 delivrant
1511 4155 1911 4269 enſemblement
1956 4155 2000 4269 ſa
2045 4155 2167 4269 lame
2234 4155 2267 4269 de
2323 4155 2501 4269 deſſous
2557 4155 2590 4269 la
2657 4155 2724 4269 ſu-

716 4281 984 4398 perieure,
1129 4281 1196 4398 luy
1241 4281 1275 4398 en
1342 4281 1565 4398 donnant
1610 4281 1655 4398 au
1711 4281 1878 4398 viſage
1923 4281 1968 4398 un
2024 4281 2124 4398 coup
2192 4281 2214 4398 de
2270 4281 2505 4398 taille.

1119 4458 1402 4581 Origine
1513 4458 1525 4581 &
1562 4458 1611 4581 la
1673 4458 2129 4581 procedure
2203 4458 2264 4581 de
2326 4458 2388 4581 ce
2486 4458 2720 4581 Cercle

1051 4583 1365 4706 preſent
1409 4583 1812 4706 s’accorde
1890 4583 1935 4706 en
2024 4583 2192 4706 tout
2259 4583 2438 4706 avec
2505 4583 2718 4706 celuy

1081 4706 1130 4823 du
1253 4706 1290 4823 N.
1339 4706 1449 4823 10.
1498 4706 1792 4823 juſqu’à
1853 4706 2000 4823 tant
2074 4706 2196 4823 que
2294 4706 2723 4823 ZACHARIE

1062 4825 1406 4948 s’avance
1475 4825 1670 4948 pour
1739 4825 2117 4948 aſſujettir
2186 4825 2232 4948 la
2290 4825 2485 4948 lame
2565 4825 2737 4948 con-

1315 1858 1630 2035 Cercle
1855 1858 2124 2035 N.11.

1106 2102 1253 2249 Oicy
1302 2102 1339 2249 la
1400 2102 1584 2249 ſuite
1694 2102 1694 2249 &
1756 2102 2246 2249 cõtinuation
2332 2102 2393 2249 de
2455 2102 2492 2249 la
2553 2102 2712 2249 pre-

1062 2251 1430 2365 cedente,
1496 2251 1886 2365 executée
1942 2251 2053 2365 par
2153 2251 2710 2365 ALEXANDRE

1074 2375 1121 2491 en
1216 2375 1608 2491 avançant
1667 2375 1715 2491 le
1774 2375 1952 2491 pied
2011 2375 2201 2491 droit
2273 2375 2379 2491 par
2462 2375 2593 2491 delà
2664 2375 2712 2491 le

1100 2500 1462 2614 Diametre
1509 2500 1520 2614 à
1567 2500 1800 2614 lettre
1882 2500 1917 2614 L,
1964 2500 2022 2614 où
2080 2500 2115 2614 il
2162 2500 2209 2614 ſe
2267 2500 2325 2614 va
2384 2500 2722 2614 pancher

603 2619 649 2743 en
730 2619 949 2743 avant
1007 2619 1180 2743 avec
1238 2619 1284 2743 le
1353 2619 1572 2743 genou
1653 2619 1815 2743 plié,
1861 2619 2230 2743 pouſſant
2288 2619 2345 2743 au
2461 2619 2715 2743 meſme

600 2742 850 2861 temps
918 2742 964 2861 ſa
1032 2742 1214 2861 lame
1317 2742 1362 2861 en
1464 2742 1772 2861 riguenr
1829 2742 1840 2861 à
1908 2742 2204 2861 travers
2261 2742 2306 2861 la
2386 2742 2568 2861 teſte
2659 2742 2716 2861 de

590 2870 1170 2986 l’Adverſaire;
1250 2870 1545 2986 comme
1613 2870 1670 2986 on
1750 2870 1897 2986 voit
1954 2870 2091 2986 aux
2136 2870 2466 2986 figures.

585 283 784 412 lame
834 283 1258 412 inferieure
1320 283 1482 412 avec
1557 283 1769 412 Poids
1844 283 1894 412 de
1968 283 2243 412 Force;
2367 283 2430 412 De
2517 283 2704 412 quoy

592 410 1205 535 s’appercevant
1321 410 1969 535 ALEXANDRE
2050 410 2165 535 par
2235 410 2709 535 l’attouche-

626 528 860 666 ment,
921 528 958 666 il
1019 528 1278 666 plante
1327 528 1388 666 le
1462 528 1634 666 pied
1708 528 1942 666 droit,
2016 528 2126 666 qui
2188 528 2545 666 chemine
2594 528 2705 666 par

611 658 746 765 delà
820 658 869 765 le
992 658 1359 765 Diametre
1433 658 1531 765 ſur
1592 658 1641 765 la
1727 658 2083 765 Seconde
2157 658 2512 765 Inſtance
2586 658 2721 765 let-

595 783 692 913 tre
826 783 862 913 G,
935 783 1117 913 pour
1177 783 1638 913 pourſuivre
1699 783 2342 913 circulairement
2427 783 2475 913 du
2548 783 2718 913 pied

609 905 895 1032 gauche
966 905 1062 1032 ſur
1121 905 1169 1032 la
1241 905 1467 1032 lettre
1574 905 1646 1032 D,
1753 905 2063 1032 mettant
2134 905 2182 1032 le
2253 905 2468 1032 corps
2539 905 2706 1032 tout

602 1026 791 1161 droit
874 1026 1147 1161 deſſus,
1230 1026 1490 1161 cavant
1573 1026 2201 1161 enſemblement
2249 1026 2284 1161 ſa
2343 1026 2533 1161 lame
2604 1026 2711 1161 par

614 1152 908 1258 deſſous
964 1152 1009 1258 la
1100 1152 1484 1258 contraire
1563 1152 1608 1258 en
1710 1152 1992 1258 dehors
2071 1152 2128 1258 du
2207 1152 2376 1258 bras
2433 1152 2591 1258 vers
2647 1152 2704 1258 le

594 1275 798 1395 haut,
866 1275 1037 1395 dont
1082 1275 1127 1395 la
1196 1275 1582 1395 contraire
1639 1275 1684 1395 en
1763 1275 1911 1395 tres
1945 1275 2195 1395 buche
2263 1275 2422 1395 vers
2456 1275 2513 1395 le
2558 1275 2706 1395 bas,

585 1393 711 1524 luy
792 1393 1102 1524 mettant
1148 1393 1182 1524 la
1251 1393 1515 1524 pointe
1596 1393 1630 1524 en
1734 1393 2159 1524 courtoiſie
2228 1393 2400 1524 avec
2446 1393 2503 1524 le
2549 1393 2710 1524 bras

607 1528 887 1649 courbé
945 1528 1189 1649 (pour
1248 1528 1329 1649 ne
1387 1528 1445 1649 le
1515 1528 1900 1649 toucher)
1981 1528 2249 1649 devant
2307 1528 2354 1649 le
2424 1528 2715 1649 viſage;

589 1649 771 1774 ſelon
843 1649 892 1774 la
952 1649 1569 1774 repreſentation
1654 1649 1763 1774 des
1811 1649 2138 1774 figures.

2871 293 3135 412 traire;
3219 293 3267 412 ce
3351 293 3495 412 qu’il
3555 293 3675 412 fait
3747 293 4360 412 preſentement
4420 293 4600 412 avec
4672 293 4828 412 plus
4912 293 4972 412 de

2889 412 3126 530 Poids.
3256 412 3256 530 &
3326 412 3586 530 durant
3646 412 3705 530 ce
3787 412 4047 530 meſme
4106 412 4355 530 temps
4437 412 4969 530 ALEXANDRE

2877 536 3125 661 plante
3175 536 3225 661 le
3274 536 3448 661 pied
3523 536 3696 661 droit
3771 536 3883 661 par
3945 536 4069 661 delà
4131 536 4193 661 le
4280 536 4652 661 Diametre
4702 536 4714 661 à
4764 536 4801 661 la
4876 536 4975 661 Se-

2876 658 3122 773 conde
3216 658 3568 773 Inſtance
3638 658 3861 773 lettre
3990 658 4049 773 G,
4131 658 4307 773 avec
4377 658 4518 773 une
4600 658 4976 773 ſoudaine

2865 783 3265 910 pourſuite
3353 783 3403 910 du
3478 783 3653 910 pied
3728 783 4041 910 gauche,
4104 783 4291 910 pour
4354 783 4617 910 porter
4717 783 4729 910 &
4779 783 4980 910 plan-

2866 906 2974 1016 ter
3034 906 3130 1016 ſur
3179 906 3227 1016 le
3335 906 3588 1016 Centre
3660 906 3708 1016 du
3816 906 4093 1016 Cercle,
4178 906 4214 1016 en
4310 906 4635 1016 retirant
4743 906 4755 1016 &
4827 906 4984 1016 deli-

2878 1029 3082 1156 vrant
3142 1029 3190 1156 ſa
3251 1029 3443 1156 lame
3527 1029 3587 1156 de
3672 1029 3972 1156 deſſous
4080 1029 4092 1156 &
4153 1029 4213 1156 au
4297 1029 4477 1156 long
4562 1029 4622 1156 de
4682 1029 4718 1156 la
4814 1029 4971 1156 con-

2861 1151 3112 1277 traire,
3195 1151 3303 1277 qui
3374 1151 3816 1277 tresbuche
3875 1151 3983 1277 par
4054 1151 4090 1277 la
4150 1151 4353 1277 force
4448 1151 4496 1277 du
4615 1151 4818 1277 Poids
4901 1151 4949 1277 en

2889 1279 3189 1406 deſſus,
3302 1279 3415 1406 don
3540 1279 3590 1406 en
3665 1279 4003 1406 eſlevant
4053 1279 4103 1406 le
4178 1279 4340 1406 pied
4416 1279 4666 1406 droit,
4753 1279 4791 1406 il
4841 1279 4966 1406 luy

2860 1401 3085 1518 porte
3132 1401 3203 1518 un
3286 1401 3464 1518 coup
3547 1401 3618 1518 de
3689 1401 3891 1518 taille
3962 1401 4009 1518 en
4116 1401 4389 1518 dedans
4472 1401 4519 1518 du
4614 1401 4827 1518 bras,
4887 1401 4981 1518 aſ-

2863 1519 3011 1649 ſiſté
3097 1519 3146 1649 du
3232 1519 3762 1649 panchement
3860 1519 3922 1649 de
3995 1519 4205 1649 corps
4266 1519 4328 1649 au
4426 1519 4709 1649 viſage;
4808 1519 4968 1649 ainſi

2873 1648 3032 1769 qu’il
3093 1648 3166 1769 eſt
3252 1648 3558 1769 monſtré
3606 1648 3716 1769 par
3765 1648 3802 1769 la
3863 1648 4438 1769 pourtraiture.

1540 5065 1658 5282 IL
1794 5065 2068 5282 eſtoit
2146 5065 2596 5282 poſsible
2694 5065 3280 5282 d’aſſuiettir
3378 5065 3906 5282 touſiours
3964 5065 4316 5282 l’eſpee
4414 5065 4981 5282 contraire,

1483 5266 1526 5415 il
1597 5266 1668 5415 ne
1739 5266 1966 5415 ſeroit
2023 5266 2293 5415 jamais
2364 5266 2704 5415 beſoing
2775 5266 2832 5415 de
2903 5266 3315 5415 l’obliger,
3400 5266 3471 5415 ne
3542 5266 3769 5415 raiſon
3883 5266 3940 5415 de
4011 5266 4280 5415 perdre
4351 5266 4422 5415 un
4508 5266 4948 5415 advantage

1493 5409 1684 5560 pour
1752 5409 1806 5560 le
1861 5409 2309 5560 reprendre
2364 5409 2595 5560 apres.
2758 5409 2894 5560 Mais
2934 5409 3098 5560 puis
3166 5409 3369 5560 qu’on
3451 5409 3465 5560 y
3533 5409 3614 5560 eſt
3669 5409 4185 5560 aucunesfois
4253 5409 4620 5560 ſurprins,
4675 5409 4743 5560 ou
4824 5409 4946 5560 par

1495 5548 1740 5694 force,
1821 5548 1876 5694 ou
1957 5548 2066 5694 par
2134 5548 2446 5694 viſteſſe,
2501 5548 2569 5694 ou
2637 5548 2745 5694 par
2840 5548 3289 5694 meſgardre,
3343 5548 3370 5694 il
3411 5548 3574 5694 faut
3628 5548 4077 5694 apprendre
4158 5548 4158 5694 à
4226 5548 4280 5694 ſe
4335 5548 4742 5694 remettre,
4865 5548 4865 5694 &
4933 5548 4946 5694 à

1496 5684 1665 5825 tirer
1757 5684 1809 5825 du
1926 5684 2017 5825 des
2070 5684 2448 5825 avantage
2552 5684 2813 5825 meſme
2904 5684 3009 5825 des
3074 5684 3387 5825 bonnes
3452 5684 3974 5825 executions,
4052 5684 4535 5825 ſemblables
4600 5684 4600 5825 à
4691 5684 4939 5825 celles,

1523 5817 1729 5970 qu’on
1819 5817 1819 5970 a
1897 5817 2051 5970 ſceu
2129 5817 2296 5970 tirer
2386 5817 2438 5970 de
2502 5817 3289 5970 l’aſſujettiſſement;
3353 5817 3675 5970 comme
3727 5817 3920 5970 nous
3997 5817 4294 5970 voyons
4358 5817 4951 5970 qu’Alexandre

628 5955 835 6120 vient
900 5955 965 6120 de
1017 5955 1470 6120 pratiquer.
1586 5955 1651 6120 Et
1716 5955 1871 6120 c’eſt
1936 5955 1988 6120 ce
2052 5955 2169 6120 qui
2208 5955 2480 6120 ſervira
2557 5955 2609 6120 de
2661 5955 3049 6120 reſponce
3101 5955 3114 6120 à
3179 5955 3386 6120 ceux,
3451 5955 3567 6120 qui
3606 5955 3800 6120 nous
3852 5955 4266 6120 voudront
4318 5955 4434 6120 par
4499 5955 4939 6120 adventure

624 6091 1100 6264 reprendre;
1181 6091 1440 6264 d’avoir
1494 6091 1957 6264 repreſenté
2011 6091 2066 6264 en
2147 6091 2202 6264 ce
2297 6091 2596 6264 Tableau
2678 6091 2977 6264 preſent
3045 6091 3426 6264 quelques
3481 6091 3971 6264 operations,
4039 6091 4147 6264 qui
4202 6091 4324 6264 ont
4392 6091 4515 6264 eſté
4596 6091 4950 6264 deſcrites

619 6233 1075 6399 autrepart,
1139 6233 1456 6399 comme
1506 6233 1532 6399 ſi
1595 6233 1899 6399 c’eſtoit
1950 6233 2013 6399 un
2115 6233 2343 6399 crime
2419 6233 2483 6399 de
2533 6233 2774 6399 redire
2825 6233 2863 6399 la
2952 6233 3218 6399 meſme
3281 6233 3535 6399 choſe.
3598 6233 3649 6399 Ie
3712 6233 3865 6399 leur
3941 6233 4131 6399 diray
4181 6233 4232 6399 au
4321 6233 4739 6399 contraire,
4815 6233 4942 6399 que

626 6368 668 6535 le
738 6368 906 6535 ſage
990 6368 1340 6535 Socrates
1410 6368 1606 6535 avoit
1704 6368 1760 6535 de
1844 6368 2264 6535 couſtume
2348 6368 2404 6535 de
2475 6368 2727 6535 redire
2797 6368 3189 6535 touſiours
3245 6368 3287 6535 le
3385 6368 3651 6535 meſme
3707 6368 3707 6535 à
3763 6368 3861 6535 ſes
3931 6368 4295 6535 diſciples,
4394 6368 4408 6535 &
4464 6368 4632 6535 qu’il
4674 6368 4954 6535 laiſſoit

623 6509 754 6676 aux
819 6509 1225 6676 Sophiſtes
1277 6509 1316 6676 la
1395 6509 1735 6676 vanterie
1826 6509 1879 6676 de
1944 6509 2023 6676 ne
2088 6509 2389 6676 repeter
2441 6509 2703 6676 jamais
2755 6509 2938 6676 rien.
3043 6509 3095 6676 Et
3161 6509 3645 6676 cependant,
3710 6509 3841 6676 que
3893 6509 4090 6676 nous
4129 6509 4456 6676 n’avons
4508 6509 4613 6676 pas
4678 6509 4783 6676 uſé
4875 6509 4940 6676 de

640 6647 818 6814 ceſte
900 6647 1324 6814 repetition
1392 6647 1543 6814 ſans
1625 6647 1858 6814 cauſe,
1926 6647 2091 6814 puis
2145 6647 2748 6814 qu’autrement
2789 6647 2830 6814 il
2884 6647 3035 6814 euſt
3090 6647 3227 6814 eſté
3268 6647 3733 6814 impoſſible
3815 6647 3870 6814 de
3938 6647 4472 6814 demonſtrer,
4513 6647 4609 6814 les
4650 6647 4951 6814 appen-

4782 6789 4939 6886 dan-

3599 1864 3908 2033 Cercle
4084 1864 4371 2033 N.

1277 3419 1602 3608 Cercle
1798 3419 2123 3608 N.12.

3309 2142 3456 2262 ’Eſt
3518 2142 3629 2262 icy
3702 2142 3924 2262 encor
3985 2142 4121 2262 une
4219 2142 4724 2262 dependance
4810 2142 4871 2262 de
4921 2142 4970 2262 la

3321 2267 3883 2384 precedente,
3988 2267 4433 2384 pourſuivie
4491 2267 4667 2384 tout
4737 2267 4749 2384 à
4831 2267 4971 2384 l’in-

3322 2389 3511 2504 ſtant
3593 2389 3699 2504 par
3829 2389 4441 2504 ALEXANDRE,
4547 2389 4594 2504 en
4688 2389 4971 2504 paſſant

3325 2509 3505 2628 avec
3564 2509 3624 2628 le
3684 2509 3863 2628 pied
3947 2509 4126 2628 droit
4198 2509 4245 2628 au
4341 2509 4508 2628 deçà
4568 2509 4628 2628 le
4711 2509 4986 2628 Diame-

2877 2635 2968 2753 tre
3046 2635 3149 2753 ſur
3201 2635 3253 2753 le
3382 2635 3641 2753 Quarré
3745 2635 4198 2753 Circonſcrit
4263 2635 4483 2753 lettre
4626 2635 4665 2753 V,
4729 2635 4833 2753 ſur
4898 2635 4988 2753 le-

2884 2757 3048 2874 quel
3095 2757 3119 2874 il
3166 2757 3224 2874 ſe
3271 2757 3553 2874 tourne
3600 2757 3658 2874 le
3717 2757 3928 2874 corps
3987 2757 3987 2874 à
4069 2757 4222 2874 main
4315 2757 4621 2874 gauche,
4703 2757 4984 2874 enſem-

2873 2879 3224 2967 blement
3292 2879 3609 2967 conduit
3677 2879 3722 2967 ſa
3790 2879 3971 2967 lame
4039 2879 4221 2967 avec
4277 2879 4492 2967 l’aide
4583 2879 4628 2967 du
4730 2879 4968 2967 coude

2872 3001 2872 3117 à
2933 3001 2969 3117 la
3042 3001 3285 3117 roude
3358 3001 3467 3117 par
3552 3001 3782 3117 deſſus
3855 3001 3891 3117 ſa
3964 3001 4183 3117 teſte,
4243 3001 4292 3117 en
4377 3001 4668 3117 voltant
4765 3001 4777 3117 &
4826 3001 4971 3117 paſ-

2874 3122 3017 3241 ſant
3100 3122 3421 3241 derriere
3480 3122 4004 3241 l’Adverſaire
4075 3122 4242 3241 avec
4313 3122 4360 3241 le
4432 3122 4598 3241 pied
4682 3122 4967 3241 gauche

2873 3248 3062 3360 pour
3120 3248 3415 3360 planter
3462 3248 3520 3360 au
3603 3248 3768 3360 deçà
3815 3248 3862 3360 le
3956 3248 4191 3360 Cercle
4274 3248 4368 3360 viz
4438 3248 4438 3360 à
4509 3248 4603 3360 viz
4697 3248 4756 3360 de
4815 3248 4980 3360 l’an-

2888 3369 2987 3486 gle
3097 3369 3147 3486 Z,
3208 3369 3319 3486 ſur
3368 3369 3638 3486 lequel
3688 3369 3724 3486 il
3786 3369 3835 3486 ſe
3884 3369 4179 3486 panche
4229 3369 4278 3486 le
4364 3369 4573 3486 corps
4634 3369 4684 3486 en
4757 3369 4979 3486 avant

2873 3491 3049 3608 avec
3108 3491 3167 3608 le
3249 3491 3472 3608 genou
3590 3491 3777 3608 plié,
3883 3491 3930 3608 en
4036 3491 4365 3608 donnant
4447 3491 4811 3608 derechef
4881 3491 4952 3608 un

2870 3613 3158 3730 ſecond
3230 3613 3410 3730 coup
3494 3613 3554 3730 de
3602 3613 3794 3730 taille
3854 3613 3902 3730 au
3986 3613 4310 3730 derriere
4394 3613 4454 3730 de
4514 3613 4562 3730 la
4634 3613 4814 3730 teſte
4898 3613 4946 3730 du

2906 3736 3346 3852 Contraire;
3417 3736 3714 3852 comme
3774 3736 3821 3852 il
3905 3736 3988 3852 eſt
4047 3736 4487 3852 repreſenté
4571 3736 4678 3852 par
4737 3736 4844 3852 les
4904 3736 4975 3852 fi-

2890 3888 3127 3973 gures.
