5520 7640
654 277 922 444 dances
1011 277 1071 444 de
1130 277 1621 444 l’obligation
1710 277 1888 444 eſtre
1948 277 2453 444 ſemblables
2513 277 2513 444 à
2587 277 2795 444 celles
2869 277 2914 444 de
2973 277 3791 444 l’aſſujettiſſement.
3880 277 4029 444 s’Ils
4088 277 4371 444 diſent,
4430 277 4594 444 qu’il
4653 277 4846 444 nous
4921 277 5010 444 de-

633 420 824 577 vroit
879 420 1124 577 ſuffire
1206 420 1465 577 d’avoir
1519 420 1819 577 touché
1874 420 1997 577 par
2078 420 2146 577 cy
2228 420 2515 577 devant
2555 420 2651 577 les
2692 420 3251 577 fondements
3319 420 3387 577 de
3442 420 3496 577 la
3578 420 3932 577 Pratique
4014 420 4069 577 en
4178 420 4505 577 general,
4546 420 4709 577 ſans
4778 420 5009 577 recer-

638 562 792 718 cher
875 562 1155 718 toutes
1210 562 1294 718 les
1350 562 1992 718 particularitez,
2062 562 2174 718 qui
2243 562 2299 718 en
2411 562 2913 718 dependent,
3011 562 3011 718 &
3081 562 3192 718 qui
3262 562 3304 718 ſe
3416 562 3932 718 manifeſtent
3988 562 4128 718 peu
4211 562 4211 718 a
4295 562 4421 718 peu
4532 562 4770 718 d’elles
4867 562 5021 718 meſ-

658 708 823 857 mes;
878 708 933 857 je
1001 708 1495 857 reſpondray
1592 708 2003 857 derechef,
2099 708 2223 857 que
2292 708 2635 857 lVtilité
2717 708 2786 857 de
2868 708 2964 857 ces
3046 708 3760 857 demonſtrations
3829 708 3925 857 eſt
3980 708 4144 857 trop
4227 708 4583 857 notoire,
4680 708 4693 857 &
4762 708 4885 857 que
4968 708 5009 857 ce

616 841 780 993 ſont
875 841 971 993 des
1026 841 1299 993 parties
1354 841 1518 993 trop
1600 841 2064 993 eſſentielles
2160 841 2215 993 de
2269 841 2310 993 la
2406 841 2803 993 Pratique,
2871 841 3062 993 pour
3131 841 3226 993 les
3281 841 3636 993 omettre
3705 841 3869 993 ſous
3951 841 4279 993 couleur
4361 841 4429 993 de
4484 841 4880 993 brieveté,
4935 841 4976 993 en

609 984 945 1133 laquelle
1015 984 1043 1133 il
1113 984 1127 1133 y
1197 984 1379 1133 peut
1449 984 1659 1133 avoir
1743 984 2176 1133 desfautes,
2218 984 2400 1133 auſſi
2456 984 2610 1133 bien
2722 984 2918 1133 qu’en
2988 984 3030 1133 la
3100 984 3505 1133 prolixité,
3547 984 3589 1133 ſi
3659 984 4023 1133 prolixité
4079 984 4135 1133 ſe
4233 984 4373 1133 doit
4443 984 4890 1133 nommer,
4960 984 5016 1133 ce

628 1128 737 1272 qui
805 1128 1171 1272 eſclaircit
1267 1128 1810 1272 grandement
1878 1128 1919 1272 la
2027 1128 2353 1272 matiere.
2475 1128 2543 1272 Et
2611 1128 2801 1272 pour
2896 1128 3005 1272 con
3087 1128 3413 1272 cluſion,
3481 1128 3603 1272 que
3657 1128 3820 1272 ſans
3888 1128 4078 1272 ceſte
4146 1128 4635 1272 repetition,
4676 1128 4717 1272 il
4771 1128 5002 1272 ſeroit

611 1259 1075 1415 impoſſible
1159 1259 1215 1415 de
1300 1259 1483 1415 vous
1539 1259 2045 1415 repreſenter
2115 1259 2622 1415 l’amplitude
2734 1259 2734 1415 &
2790 1259 2846 1415 le
2917 1259 3437 1415 granduſage
3507 1259 3564 1415 de
3634 1259 3760 1415 nos
3817 1259 4407 1415 fondements,
4478 1259 4590 1415 qui
4660 1259 4829 1415 ſont
4899 1259 5012 1415 pe-

602 1402 722 1550 tits
789 1402 843 1550 en
990 1402 1350 1550 Nombre,
1457 1402 1457 1550 &
1510 1402 1818 1550 ſervent
1884 1402 2338 1550 cependant
2392 1402 2392 1550 à
2485 1402 2779 1550 domter
2846 1402 3006 1550 tant
3086 1402 3140 1550 de
3220 1402 3540 1550 diverſes
3594 1402 3901 1550 aions
3994 1402 4048 1550 du
4195 1402 4649 1550 Contraire;
4716 1402 4782 1550 au
4863 1402 4983 1550 lieu

610 1541 745 1689 que
826 1541 880 1689 ce
961 1541 1177 1689 ſeroit
1258 1541 1473 1689 choſe
1541 1541 1851 1689 infinie,
1891 1541 1986 1689 s’il
2040 1541 2282 1689 falloit
2350 1541 2741 1689 imaginer
2795 1541 3078 1689 autant
3159 1541 3213 1689 de
3307 1541 3617 1689 diverſes
3671 1541 4184 1689 rencontres,
4251 1541 4575 1689 comme
4642 1541 4683 1689 il
4750 1541 4764 1689 y
4831 1541 4845 1689 a
4939 1541 4993 1689 de

609 1682 1036 1828 variations
1105 1682 1160 1828 de
1215 1682 1257 1828 la
1326 1682 1477 1828 part
1560 1682 1615 1828 de
1656 1682 2138 1828 l’Ennemy.
