5520 7640
2839 4923 3106 5073 vienne
3166 4923 3179 5073 à
3227 4923 3748 5073 tresbucher,
3797 4923 4063 5073 durant
4112 4923 4451 5073 laquelle
4499 4923 4536 5073 il
4596 4923 4936 5073 ſouſleve

2824 5067 3096 5199 l’eſpee
3170 5067 3478 5199 obligée
3528 5067 3700 5199 avec
3762 5067 3812 5199 la
3886 5067 4132 5199 ſienne
4206 5067 4367 5199 vers
4429 5067 4478 5199 le
4552 5067 4799 5199 haut,
4922 5067 4935 5199 &

2836 5192 3536 5320 conſequemmẽt,
3594 5192 3641 5320 en
3711 5192 4072 5320 plantant
4107 5192 4166 5320 le
4224 5192 4387 5320 pied
4457 5192 4632 5320 droit
4714 5192 4936 5320 eſlevé

2824 5311 2836 5442 à
2887 5311 2937 5442 la
3026 5311 3430 5442 Troiſieme
3494 5311 3835 5442 Inſtance
3886 5311 4113 5442 lettre
4227 5311 4277 5442 N,
4366 5311 4366 5442 &
4429 5311 4935 5442 pourſuivant

2835 5438 2885 5566 du
2960 5438 3135 5566 pied
3198 5438 3473 5566 gauche
3535 5438 3860 5566 àmener
3898 5438 3998 5566 ſur
4048 5438 4098 5566 le
4185 5438 4435 5566 Quarré
4497 5438 4935 5566 circonſcrit

2826 5562 2839 5680 à
2890 5562 2929 5680 la
2993 5562 3261 5680 ſeion
3338 5562 3402 5680 de
3453 5562 3492 5680 la
3556 5562 4029 5680 traverſante
4080 5562 4502 5680 interieure
4617 5562 4617 5680 Q
4745 5562 4784 5680 N,
4809 5562 4848 5680 il
4886 5562 4924 5680 la

2823 5686 3271 5814 tranſporte
3320 5686 3320 5814 à
3417 5686 3550 5814 main
3635 5686 3962 5814 gauche,
4010 5686 4071 5814 de
4119 5686 4313 5814 ſorte
4385 5686 4640 5814 qu’elle
4688 5686 4930 5814 reviẽt

2818 5807 3194 5933 juſtemẽt
3242 5807 3303 5933 au
3388 5807 3630 5933 deſſus
3691 5807 3739 5933 du
3860 5807 4224 5933 Diametre
4285 5807 4333 5933 en
4418 5807 4648 5933 droite
4709 5807 4939 5933 ligne,

2839 5931 2889 6059 où
2964 5931 2989 6059 il
3039 5931 3464 6059 l’aſſujettit
3540 5931 3665 6059 d’un
3765 5931 3965 6059 Poids
4040 5931 4115 6059 vif
4178 5931 4240 6059 au
4378 5931 4416 6059 N.
4466 5931 4503 6059 1.
4578 5931 4754 6059 avec
4816 5931 4916 6059 ſon

2883 6053 2919 6188 N.
2991 6053 3027 6188 2.
3086 6053 3122 6188 la
3182 6053 3457 6188 pointe
3505 6053 3565 6188 un
3648 6053 3768 6188 peu
3840 6053 4354 6188 aſcendante,
4438 6053 4450 6188 &
4497 6053 4545 6188 le
4605 6053 4773 6188 bras
4832 6053 4940 6188 de-

2821 6178 3142 6314 ſcendãt
3191 6178 3364 6314 avec
3414 6178 3451 6314 la
3525 6178 3772 6314 garde,
3846 6178 4006 6314 dont
4055 6178 4093 6314 il
4130 6178 4191 6314 ſe
4253 6178 4574 6314 garentit
4697 6178 4697 6314 &
4771 6178 4944 6314 cou-

2836 6302 2944 6434 vre
2991 6302 3027 6434 la
3099 6302 3338 6434 partie
3373 6302 3803 6434 inferieure
3875 6302 3923 6434 du
4006 6302 4257 6434 corps,
4317 6302 4508 6434 pour
4567 6302 4675 6434 n’y
4747 6302 4926 6434 eſtre

2825 6421 3153 6549 touché,
3189 6421 3371 6549 ſelon
3444 6421 3480 6549 la
3541 6421 4160 6549 repreſentation
4245 6421 4305 6549 de
4354 6421 4560 6549 leurs
4609 6421 4936 6549 figures,

2899 6546 2899 6685 &
2974 6546 3074 6685 des
3150 6546 3413 6685 eſpees
3501 6546 3601 6685 qui
3651 6546 3802 6685 ſont
3889 6546 4278 6685 marquées
4341 6546 4454 6685 ſur
4491 6546 4541 6685 le
4604 6546 4780 6685 plain
4867 6546 4918 6685 du

2873 6691 3143 6784 Cercle.

1336 4956 1658 5134 Cercle
1864 4956 2048 5134 N.1.

594 5166 886 5305 Alexandre
942 5166 1098 5305 ayant
1143 5166 1502 5305 auparavant
1569 5166 1737 5305 obligé
1770 5166 1804 5305 la
1849 5166 1983 5305 lame
2050 5166 2319 5305 Contraire
2364 5166 2454 5305 par
2521 5166 2610 5305 delà
2666 5166 2689 5305 le

718 5288 977 5427 Diametre
1044 5288 1044 5427 à
1100 5288 1134 5427 la
1190 5288 1404 5427 Seconde
1472 5288 1742 5427 Inſtance,
1787 5288 1809 5427 il
1854 5288 2090 5427 pourſuit
2147 5288 2147 5427 à
2214 5288 2439 5427 marcher
2484 5288 2676 5427 preſen-

673 5415 871 5549 tement
926 5415 937 5549 à
991 5415 1024 5549 la
1101 5415 1397 5549 Troiſieme,
1441 5415 1474 5549 en
1540 5415 1924 5549 tranſportant
1979 5415 2154 5549 l’eſpee
2209 5415 2472 5549 contraire
2527 5415 2560 5549 en
2626 5415 2692 5549 de-

690 5537 803 5676 dans
866 5537 904 5676 du
954 5537 1055 5676 bras
1143 5537 1156 5676 &
1219 5537 1672 5676 l’aſſujettiſſant
1723 5537 1760 5676 au
1836 5537 1974 5676 deſſus
2037 5537 2063 5676 du
2151 5537 2440 5676 Diametre.

1037 5687 1049 5823 A
1124 5687 1495 5823 preſente
1557 5687 1953 5823 operation
2039 5687 2336 5823 depend
2411 5687 2695 5823 duCer-

1028 5813 1116 5946 cle
1241 5813 1292 5946 N.
1342 5813 1392 5946 2.
1467 5813 1518 5946 de
1580 5813 1631 5946 la
1731 5813 1944 5946 Table
1995 5813 2547 5946 precedente,
2623 5813 2673 5946 où

1040 5935 1593 6074 ALEXANDRE
1667 5935 1667 6074 a
1753 5935 1999 6074 obligé
2048 5935 2306 6074 l’eſpee
2380 5935 2700 6074 contrai-

1024 6061 1073 6193 re
1133 6061 1243 6193 par
1315 6061 1449 6193 delà
1521 6061 1570 6193 le
1691 6061 2067 6193 Diametre
2128 6061 2128 6193 à
2201 6061 2237 6193 la
2334 6061 2686 6193 Seconde

562 6183 982 6306 Inſtance;
1110 6183 1110 6306 &
1180 6183 1483 6306 comme
1600 6183 1600 6306 Z
1670 6183 1682 6306 A
1763 6183 2113 6306 CHARIE
2195 6183 2557 6306 demeure
2627 6183 2673 6306 en

546 6311 979 6452 attendant
1025 6311 1059 6452 la
1128 6311 1606 6452 pourſuite,
1697 6311 2267 6452 ALEXANDRE
2347 6311 2677 6452 s’avance

549 6435 599 6576 le
649 6435 823 6576 pied
898 6435 1085 6576 droit
1147 6435 1272 6576 par
1359 6435 1496 6576 delà
1571 6435 1621 6576 le
1733 6435 2157 6576 Diametre,
2231 6435 2281 6576 au
2344 6435 2530 6576 long
2605 6435 2668 6576 du

610 6563 868 6701 Quarré
945 6563 1254 6701 Inſcrit,
1344 6563 1627 6701 duquel
1691 6563 1987 6701 (eſtant
2065 6563 2065 6701 à
2168 6563 2528 6701 my-voye
2631 6563 2682 6701 de

555 6684 1011 6823 l’Inſtance)
1061 6684 1099 6823 il
1163 6684 1289 6823 fait
1353 6684 1492 6823 une
1568 6684 1809 6823 petite
1885 6684 2163 6823 pauſe,
2227 6684 2442 6823 avant
2531 6684 2683 6823 qu’il

1137 1310 2531 1480 DECLARATION
2777 1310 3043 1480 DES
3289 1310 4458 1480 OPERATIONS

1863 1487 1979 1591 DV
2139 1487 2764 1591 TABLEAV
2953 1487 3752 1591 VINGTIEME.

4805 6803 4935 6888 Cer-

1583 1694 1728 1934 Out
1811 1694 2415 1934 l’avantage
2540 1694 2810 1934 qu’on
2914 1694 3372 1934 ſçauroit
3476 1694 3934 1934 prendre
3996 1694 4142 1934 ſur
4184 1694 4954 1934 l’Adverlaire,

1434 1904 1475 2053 il
1515 1904 1569 2053 le
1623 1904 1784 2053 faut
1851 1904 2161 2053 cercher
2214 1904 2900 2053 necellairement
2968 1904 3021 2053 ou
3089 1904 3156 2053 au
3250 1904 3492 2053 corps,
3559 1904 3613 2053 ou
3694 1904 3842 2053 bien
3909 1904 3923 2053 à
3976 1904 4286 2053 l’eſpee.
4461 1904 4514 2053 Et
4568 1904 4730 2053 puis
4797 1904 4918 2053 que

1449 2043 1491 2190 le
1575 2043 1786 2190 corps
1856 2043 1941 2190 eſt
2011 2043 2658 2190 ordinairement
2714 2043 2770 2190 en
2869 2043 3220 2190 defenſe,
3304 2043 3487 2190 auſſi
3558 2043 3642 2190 eſt
3698 2043 3740 2190 il
3797 2043 3965 2190 plus
4036 2043 4373 2190 ſouvent
4471 2043 4528 2190 de
4612 2043 4921 2190 difficile

1450 2179 1912 2329 approche;
1968 2179 2024 2329 au
2122 2179 2515 2329 contraire
2599 2179 2669 2329 de
2711 2179 3019 2329 l’eſpee,
3103 2179 3215 2329 qui
3271 2179 3341 2329 ne
3397 2179 3580 2329 peut
3636 2179 3804 2329 faire
3902 2179 4000 2329 ſon
4126 2179 4350 2329 office
4448 2179 4518 2329 de
4602 2179 4925 2329 garantir

1449 2321 1477 2467 la
1547 2321 1995 2467 perſonne,
2066 2321 2094 2467 ſi
2164 2321 2276 2467 elle
2346 2321 2416 2467 ne
2514 2321 2879 2467 demeure
2963 2321 3005 2467 en
3089 2321 3510 2467 preſence.
3706 2321 4000 2467 N’ayant
4071 2321 4267 2467 nulle
4365 2321 4659 2467 defenſe
4730 2321 4926 2467 pour

1442 2460 1567 2605 ſoy
1664 2460 1942 2605 meſme
2011 2460 2233 2605 (auſſi
2288 2460 2441 2605 n’en
2511 2460 2511 2605 a
2580 2460 2705 2605 elle
2774 2460 2899 2605 que
2955 2460 3204 2605 faire)
3288 2460 3440 2605 mais
3482 2460 3940 2605 ſeulement
3996 2460 4190 2605 pour
4231 2460 4287 2605 la
4342 2460 4787 2605 perſonne;
4870 2460 4925 2605 de

568 2599 793 2742 façon
877 2599 1144 2742 qu’elle
1214 2599 1284 2742 ne
1355 2599 1411 2742 ſe
1467 2599 1650 2742 peut
1734 2599 2001 2742 garder
2071 2599 2324 2742 d’eſtre
2380 2599 2802 2742 attaquée.
2998 2599 3181 2742 Ceux
3251 2599 3364 2742 qui
3420 2599 3743 2742 penſent
3799 2599 3841 2742 la
3912 2599 4108 2742 tenir
4165 2599 4319 2742 bien
4389 2599 4614 2742 libre,
4670 2599 4923 2742 quand

560 2737 625 2879 ils
664 2737 716 2879 la
782 2737 1108 2879 retirent
1173 2737 1225 2879 en
1304 2737 1578 2879 arriere
1643 2737 1695 2879 ou
1787 2737 1839 2879 en
1904 2737 2061 2879 bas,
2113 2737 2165 2879 ou
2256 2737 2465 2879 qu’ils
2518 2737 2570 2879 en
2648 2737 2818 2879 font
2883 2737 2987 2879 des
3040 2737 3366 2879 feintes,
3418 2737 3744 2879 hautes,
3797 2737 4084 2879 baſſes,
4175 2737 4488 2879 droites,
4567 2737 4932 2879 courbes,

574 2877 763 3021 pour
816 2877 1193 3021 tromper
1247 2877 1866 3021 l’Adverſaire,
1933 2877 1987 3021 ſe
2054 2877 2485 3021 trompent
2566 2877 2700 3021 eux
2794 2877 3171 3021 meſmes,
3265 2877 3319 3021 en
3400 2877 3454 3021 ce
3534 2877 3723 3021 qu’ils
3776 2877 3898 3021 luy
3951 2877 4409 3021 accordent
4463 2877 4934 3021 l’avantage,

594 3016 650 3161 de
720 3016 1071 3161 prendre
1113 3016 1127 3161 à
1183 3016 1225 3161 ſa
1282 3016 1618 3161 fantaſie
1675 3016 1717 3161 la
1815 3016 2194 3161 meilleure
2250 3016 2615 3161 ſituation
2755 3016 2769 3161 &
2812 3016 2854 3161 la
2910 3016 3120 3161 place
3191 3016 3317 3161 que
3373 3016 3513 3161 bon
3570 3016 3696 3161 luy
3752 3016 4089 3161 ſemble,
4145 3016 4328 3161 pour
4398 3016 4566 3161 faire
4650 3016 4735 3161 ſes
4805 3016 4917 3161 ap-

564 3151 919 3310 proches
990 3151 1160 3310 avec
1231 3151 1401 3310 plus
1471 3151 2053 3310 d’aſſeurance,
2095 3151 2180 3310 s’il
2237 3151 2322 3310 eſt
2379 3151 2549 3310 vray
2620 3151 2747 3310 que
2790 3151 3059 3310 l’eſpee
3130 3151 3215 3310 eſt
3272 3151 3683 3310 ſuffiſante
3739 3151 3739 3310 à
3824 3151 4193 3310 defendre
4235 3151 4292 3310 le
4377 3151 4618 3310 corps,
4675 3151 4930 3310 quand

575 3294 628 3434 on
707 3294 747 3434 la
813 3294 999 3434 tient
1065 3294 1118 3434 en
1197 3294 1475 3434 bonne
1541 3294 1793 3434 garde.
1886 3294 2111 3434 Choſe
2164 3294 2190 3434 ſi
2256 3294 2653 3434 evidente,
2720 3294 2918 3434 qu’ils
2971 3294 3024 3434 en
3104 3294 3262 3434 ſont
3342 3294 3792 3434 contraints
3845 3294 3858 3434 à
3924 3294 3964 3434 la
4017 3294 4321 3434 longue
4401 3294 4454 3434 de
4507 3294 4930 3434 recercher

579 3432 705 3576 eux
789 3432 1111 3576 meſmes
1153 3432 1419 3576 l’eſpee
1475 3432 1517 3576 la
1601 3432 1839 3576 quelle
1881 3432 1923 3576 il
1965 3432 2427 3576 penſoyent
2483 3432 2693 3576 avoir
2749 3432 3029 3576 evitée.
3197 3432 3253 3576 Et
3323 3432 3631 3576 partant
3715 3432 3869 3576 c’eſt
3911 3432 3953 3576 le
4009 3432 4177 3576 plus
4219 3432 4415 3576 ſeur,
4485 3432 4751 3576 quand
4807 3432 4933 3576 elle

556 3571 610 3726 ſe
676 3571 1103 3726 preſente,
1183 3571 1237 3726 de
1290 3571 1370 3726 ne
1424 3571 1464 3726 la
1530 3571 1664 3726 fuir
1717 3571 2038 3726 jamais,
2131 3571 2144 3726 &
2184 3571 2478 3726 l’ayant
2545 3571 2692 3726 une
2745 3571 2878 3726 fois
2932 3571 3412 3726 attouchée,
3452 3571 3719 3726 jamais
3772 3571 3853 3726 ne
3893 3571 3946 3726 la
4013 3571 4293 3726 quitter
4360 3571 4613 3726 tandis
4693 3571 4813 3726 que
4867 3571 4920 3726 le

575 3706 1056 3849 Sentiment
1123 3706 1323 3849 nous
1403 3706 1537 3849 dit,
1630 3706 1898 3849 qu’elle
1978 3706 2058 3849 eſt
2138 3706 2365 3849 toute
2459 3706 2700 3849 preſte
2780 3706 2780 3849 à
2887 3706 3368 3849 deſtourner
3501 3706 3515 3849 &
3595 3706 4063 3849 empeſcher
4156 3706 4277 3849 nos
4370 3706 4931 3849 entreprinſes.

615 3840 722 3983 Car
802 3840 855 3983 en
962 3840 1055 3983 ces
1135 3840 1268 3983 cas,
1321 3840 1361 3983 il
1401 3840 1574 3983 faut
1641 3840 2054 3983 touſiours
2120 3840 2546 3983 continuer
2613 3840 2613 3983 à
2693 3840 3079 3983 travailler
3159 3840 3412 3983 deſſus,
3465 3840 3625 3983 tant
3705 3840 3905 3983 qu’on
3971 3840 4011 3983 la
4065 3840 4304 3983 puiſſe
4384 3840 4917 3983 commander

560 3978 560 4126 à
643 3978 1101 4126 ſuffiſance.
1212 3978 1268 4126 Et
1323 3978 1518 4126 pour
1587 3978 1643 4126 ce
1698 3978 1934 4126 faire,
1976 3978 2142 4126 faut
2198 3978 2295 4126 ſur
2350 3978 2531 4126 tout
2600 3978 2989 4126 entendre
3031 3978 3072 4126 la
3156 3978 3586 4126 difference
3655 3978 3752 4126 des
3836 3978 4086 4126 Poids,
4155 3978 4335 4126 pour
4419 3978 4433 4126 y
4502 3978 4918 4126 appliquer

559 4114 653 4257 les
719 4114 906 4257 vrais
973 4114 1399 4257 remedes,
1493 4114 1493 4257 à
1599 4114 1879 4257 meſure
1973 4114 2093 4257 que
2159 4114 2253 4257 les
2333 4114 2546 4257 effets
2639 4114 2693 4257 en
2799 4114 2959 4257 ſont
3066 4114 3613 4257 grandement
3693 4114 4359 4257 diſſemblables;
4439 4114 4759 4257 comme
4853 4114 4906 4257 on

572 4257 723 4401 voit
777 4257 791 4401 à
859 4257 1187 4401 l’entrée
1256 4257 1324 4401 de
1392 4257 1447 4401 ce
1515 4257 1843 4401 preſent
1939 4257 2253 4401 Tableau
2335 4257 2335 4401 à
2404 4257 2445 4401 la
2527 4257 2718 4401 ſuite
2786 4257 2895 4401 des
2964 4257 3196 4401 cincq
3237 4257 3633 4401 premiers
3715 4257 4030 4401 Cercles,
4125 4257 4125 4401 &
4180 4257 4180 4401 à
4235 4257 4699 4401 l’advenant
4754 4257 4931 4401 auſſi

572 4394 626 4537 és
666 4394 962 4537 autres;
1030 4394 1084 4537 où
1151 4394 1191 4537 il
1258 4394 1420 4537 faut
1487 4394 1904 4537 touſiours
1985 4394 2335 4537 obſerver
2429 4394 2496 4537 de
2564 4394 2752 4537 tenir
2819 4394 3088 4537 l’eſpee
3223 4394 3613 4537 Contraire
3694 4394 3734 4537 en
3828 4394 4286 4537 ſujeion,
4353 4394 4393 4537 ſi
4447 4394 4662 4537 loing
4743 4394 4810 4537 de
4878 4394 4918 4537 la

563 4533 892 4707 pointe,
964 4533 1164 4707 qu’on
1265 4533 1408 4707 ſoit
1465 4533 1866 4707 affranchi
1952 4533 2009 4707 de
2066 4533 2167 4707 ſes
2238 4533 2696 4707 cavations,
2811 4533 2811 4707 &
2868 4533 2911 4707 ſi
2969 4533 3169 4707 pres,
3241 4533 3441 4707 qu’on
3527 4533 3670 4707 ſoit
3742 4533 3914 4707 hors
3971 4533 4014 4707 le
4100 4533 4372 4707 danger
4458 4533 4558 4707 des
4615 4533 4930 4707 Imbro-

577 4700 820 4807 cades.
