5520 7640
3381 5239 3796 5361 Ontinuant
3882 5239 4347 5361 l’operation
4457 5239 5019 5361 precedente,

3356 5363 3926 5459 ALEXANDRE
4046 5363 4396 5459 s’avance
4495 5363 5021 5459 incontinent

3326 5486 3398 5609 un
3506 5486 3734 5609 grand
3818 5486 3926 5609 pas
4022 5486 4190 5609 plus
4262 5486 4478 5609 outre
4550 5486 4562 5609 à
4634 5486 5018 5609 l’envers,

3343 5612 3813 5742 conduiſant
3924 5612 4296 5742 derechef
4382 5612 4481 5742 ſon
4605 5612 4828 5742 eſpee
4914 5612 5026 5742 par

2886 5735 3125 5867 deſſus
3175 5735 3213 5867 ſa
3276 5735 3502 5867 teſte,
3565 5735 3615 5867 en
3704 5735 3993 5867 voltant
4043 5735 4106 5867 le
4157 5735 4333 5867 pied
4396 5735 4761 5867 gauche,
4836 5735 5025 5867 pour

2858 5864 3160 5994 frapper
3245 5864 3620 5994 derechef
3680 5864 3728 5994 en
3813 5864 3873 5994 ce
3958 5864 4212 5994 meſme
4272 5864 4538 5994 temps
4599 5864 4659 5994 de
4720 5864 4756 5994 la
4828 5864 5022 5994 taille

2860 5989 2921 6103 au
3006 5989 3336 6103 derriere
3409 5989 3470 6103 de
3519 5989 3568 6103 la
3629 5989 3812 6103 teſte
3873 5989 3934 6103 du
4044 5989 4496 6103 Contraire;
4545 5989 4728 6103 ſelon
4801 5989 4838 6103 la
4923 5989 5021 6103 re-

2862 6119 3396 6240 preſentation
3495 6119 3607 6240 des
3669 6119 4004 6240 figures.

1126 669 1274 806 Oicy
1336 669 1485 806 une
1534 669 1720 806 ſuite
1807 669 1868 806 de
1930 669 2388 806 l’operation
2475 669 2747 806 prece-

1098 800 1343 920 dente.
1429 800 1528 920 Car
1577 800 1749 920 ainſi
1810 800 1995 920 qu’A
2056 800 2523 920 LEXANDRE
2597 800 2732 920 viẽt

1087 927 1533 1050 d’aſſujettir
1573 927 1844 1050 l’eſpee
1925 927 2263 1050 obligée,
2317 927 2493 1050 ſelon
2574 927 2736 1050 qu’il

1079 1051 1162 1156 eſt
1234 1051 1305 1156 dit
1388 1051 2042 1156 dernierement;
2173 1051 2173 1156 Z
2233 1051 2625 1156 ACHARIE
2685 1051 2720 1156 la

590 1173 780 1278 laiſſe
876 1173 1244 1278 decheoir
1340 1173 1566 1278 morte
1637 1173 1792 1278 ſans
1851 1173 1982 1278 nul
2042 1173 2529 1278 ſentiment;
2625 1173 2732 1278 ſur

616 1300 815 1428 qoy
890 1300 914 1428 A
977 1300 1500 1428 LEXANDRE,
1562 1300 1674 1428 qui
1736 1300 2209 1428 l’apperçoit
2259 1300 2384 1428 par
2433 1300 2745 1428 l’attou-

596 1423 1040 1543 chement,
1109 1423 1154 1543 ſe
1234 1423 1519 1543 tourne
1587 1423 1644 1543 au
1758 1423 2020 1543 meſme
2089 1423 2339 1543 temps
2396 1423 2453 1543 le
2545 1423 2738 1543 coſté

607 1552 790 1678 droit
864 1552 912 1678 du
998 1552 1218 1678 corps
1279 1552 1560 1678 devant
1621 1552 1670 1678 en
1743 1552 2024 1678 pourfil
2073 1552 2073 1678 à
2134 1552 2354 1678 pieds
2403 1552 2733 1678 fermes,

579 1676 738 1802 ſans
787 1676 884 1802 les
933 1676 1275 1802 bouger,
1348 1676 1690 1802 quittant
1751 1676 2397 1802 enſemblement
2446 1676 2727 1802 l’eſpee

601 1802 1044 1928 contraire,
1172 1802 1172 1928 &
1277 1802 1592 1928 mettant
1650 1802 1697 1928 la
1755 1802 2023 1928 pointe
2093 1802 2163 1928 de
2198 1802 2245 1928 la
2326 1802 2583 1928 ſienne
2653 1802 2699 1928 en

606 1928 842 2057 droite
892 1928 1165 2057 ligne,
1239 1928 1413 2057 avec
1475 1928 1537 2057 le
1612 1928 1773 2057 bras
1848 1928 2146 2057 eſtendu
2307 1928 2307 2057 &
2369 1928 2419 2057 le
2505 1928 2716 2057 corps

581 2052 755 2180 tout
829 2052 1053 2180 droit,
1115 2052 1389 2180 devant
1426 2052 1488 2180 le
1550 2052 1774 2180 viſage
1874 2052 1923 2180 de
1973 2052 2023 2180 ſa
2085 2052 2321 2180 partie
2371 2052 2731 2180 adverſe,

575 2182 796 2306 uſant
857 2182 918 2306 de
980 2182 1421 2306 courtoiſie,
1470 2182 1814 2306 combien
1900 2182 2059 2306 qu’il
2108 2182 2182 2306 ne
2243 2182 2501 2306 tienne
2574 2182 2709 2306 qu’à

576 2307 698 2433 luy
772 2307 894 2433 d’en
967 2307 1138 2433 faire
1186 2307 1711 2433 l’execution;
1760 2307 2065 2433 comme
2114 2307 2211 2433 les
2260 2307 2553 2433 figures
2626 2307 2724 2433 de-

608 2441 1054 2529 monſtrent.

1315 3118 1627 3292 Cercle
1850 3118 2095 3292 N.3.

606 3361 894 3481 Alexandre
938 3361 1093 3481 ayant
1137 3361 1447 3481 tranſporté
1513 3361 1690 3481 l’eſpee
1768 3361 2111 3481 Contraire,
2177 3361 2354 3481 comme
2421 3361 2465 3481 au
2553 3361 2719 3481 Cercle

775 3486 822 3607 N.
857 3486 893 3607 1,
999 3486 1259 3607 Zacharie
1294 3486 1330 3607 la
1377 3486 1519 3607 laiſſe
1578 3486 1897 3607 tresbucher
1979 3486 2310 3607 maintenant
2357 3486 2404 3607 au
2475 3486 2617 3607 poids
2700 3486 2723 3607 de

737 3613 1076 3735 Sentiment;
1121 3613 1200 3735 ſur
1245 3613 1357 3735 quoy
1447 3613 1752 3735 Alexandre
1797 3613 2045 3735 s’avance
2146 3613 2146 3735 &
2191 3613 2338 3735 entre
2383 3613 2496 3735 avec
2541 3613 2575 3735 le
2620 3613 2732 3735 pied

725 3741 887 3862 droit,
922 3741 1199 3862 frappant
1246 3741 1650 3862 l’Aderſaire
1708 3741 1812 3862 d’un
1859 3741 1974 3862 coup
2044 3741 2067 3862 de
2113 3741 2298 3862 revers
2345 3741 2460 3862 avec
2507 3741 2541 3862 le
2588 3741 2738 3862 corps

720 3866 909 3987 panché
956 3866 992 3987 en
1051 3866 1252 3987 avant,
1299 3866 1346 3987 au
1393 3866 1511 3987 coſté
1559 3866 1759 3987 gauche
1818 3866 1854 3987 de
1889 3866 1925 3987 la
1972 3866 2184 3987 teſte.

1038 4070 1176 4193 Inſi
1264 4070 1979 4193 qu’ALEXANDRE
2054 4070 2067 4193 a
2129 4070 2581 4193 tranſporté
2706 4070 2719 4193 &

1032 4196 1318 4319 ſujetté
1380 4196 1654 4319 l’eſpee
1766 4196 2213 4319 Contraire,
2313 4196 2624 4319 comme
2686 4196 2723 4319 il

1051 4322 1139 4446 eſt
1203 4322 1659 4446 repreſenté
1723 4322 1774 4446 au
1888 4322 2129 4446 Cercle
2243 4322 2281 4446 N.
2332 4322 2370 4446 1.
2421 4322 2738 4446 preſen-

1035 4445 1278 4541 temẽt
1380 4445 1828 4541 ZACHARIE
1892 4445 2288 4541 l’affoiblit
2364 4445 2416 4541 en
2518 4445 2722 4541 Poids

589 4573 651 4702 de
726 4573 1210 4702 Sentiment,
1284 4573 1334 4702 ou
1421 4573 1483 4702 un
1557 4573 1669 4702 peu
1756 4573 2265 4702 d’avantage;
2327 4573 2438 4702 ſur
2525 4573 2724 4702 quoy

601 4700 1143 4825 ALEXANDRE
1224 4700 1744 4825 pourſuivant
1813 4700 1824 4825 à
1905 4700 2332 4825 travailler,
2390 4700 2610 4825 entre
2679 4700 2725 4825 a-

580 4825 702 4946 vec
762 4825 811 4946 le
872 4825 1043 4946 pied
1116 4825 1299 4946 droit
1372 4825 1494 4946 par
1555 4825 1689 4946 delà
1737 4825 1798 4946 le
1896 4825 2310 4946 Diametre,
2359 4825 2566 4946 entre
2627 4825 2737 4946 les

593 4950 786 5072 deux
907 4950 1220 5072 Quarrez
1269 4950 1655 5072 interieur
1763 4950 1775 5072 &
1848 4950 2246 5072 exterieur
2306 4950 2379 5072 un
2451 4950 2572 5072 peu
2656 4950 2704 5072 en

599 5073 763 5195 deçà
814 5073 864 5195 la
915 5073 1143 5195 lettre
1244 5073 1294 5195 T,
1370 5073 1547 5195 dont
1598 5073 1636 5195 il
1699 5073 1990 5195 avance
2027 5073 2091 5195 le
2154 5073 2343 5195 coſté
2407 5073 2596 5195 droit
2647 5073 2710 5195 au

599 5199 875 5323 dedans
938 5199 1001 5323 de
1052 5199 1329 5323 l’angle
1429 5199 1442 5323 &
1505 5199 1618 5323 des
1681 5199 2436 5323 perpendiculaires
2499 5199 2562 5323 de
2612 5199 2738 5323 l’e-

570 5326 742 5450 ſpee
803 5326 1221 5450 ennemie,
1258 5326 1270 5450 à
1332 5326 1676 5450 laquelle
1725 5326 1749 5450 il
1835 5326 2081 5450 donne
2167 5326 2560 5450 enſemble
2634 5326 2695 5450 un

581 5448 776 5577 petit
824 5448 1055 5577 heurt
1104 5448 1286 5577 avec
1335 5448 1371 5577 la
1432 5448 1699 5577 ſienne
1772 5448 1930 5577 vers
1979 5448 2028 5577 le
2101 5448 2271 5577 bas,
2356 5448 2416 5577 de
2489 5448 2708 5577 façon

586 5576 751 5705 qu’il
827 5576 954 5705 luy
1030 5576 1347 5705 amortit
1410 5576 1461 5705 le
1550 5576 2045 5705 Sentiment,
2172 5576 2172 5705 &
2235 5576 2349 5705 par
2464 5576 2717 5705 meſme

588 5700 772 5831 voye
838 5700 878 5831 il
917 5700 957 5831 la
1036 5700 1312 5831 quitte,
1378 5700 1418 5831 en
1497 5700 1734 5831 pliant
1774 5700 1826 5831 le
1919 5700 2222 5831 genou,
2274 5700 2380 5831 ſur
2446 5700 2723 5831 lequel

568 5827 604 5953 il
652 5827 700 5953 ſe
747 5827 1058 5953 panche
1106 5827 1166 5953 le
1249 5827 1464 5953 corps
1548 5827 1596 5953 en
1703 5827 2038 5953 devant,
2181 5827 2181 5953 &
2265 5827 2612 5953 entraine
2671 5827 2719 5953 le

571 5957 751 6082 pied
824 5957 1113 6082 gauche
1173 5957 1221 6082 en
1317 5957 1546 6082 ſuite,
1618 5957 1654 6082 en
1739 5957 2136 6082 avançant
2184 5957 2256 6082 un
2329 5957 2449 6082 peu
2509 5957 2569 6082 le
2630 5957 2738 6082 co-

571 6081 657 6205 ſté
719 6081 1088 6205 gauche,
1223 6081 1223 6205 &
1309 6081 1949 6205 enſemblement
2047 6081 2367 6205 mettant
2429 6081 2466 6205 ſa
2539 6081 2724 6205 lame

583 6205 629 6303 en
709 6205 1131 6303 courtoiſie
1211 6205 1257 6303 en
1337 6205 1588 6303 forme
1656 6205 1725 6303 de
1771 6205 2033 6303 revers
2102 6205 2159 6303 au
2262 6205 2444 6303 coſté
2536 6205 2718 6303 droit

601 6328 653 6457 de
705 6328 744 6457 la
822 6328 1004 6457 teſte
1108 6328 1550 6457 Contraire;
1602 6328 1797 6457 ſelon
1901 6328 2056 6457 qu’il
2121 6328 2199 6457 eſt
2251 6328 2719 6457 repreſenté

576 6462 710 6579 aux
783 6462 1101 6579 figures.

739 6581 962 6709 Notez
1024 6581 1197 6709 qu’A
1259 6581 1718 6709 LEXANDRE
1805 6581 1942 6709 doit
1991 6581 2177 6709 tenir
2227 6581 2276 6709 le
2338 6581 2500 6709 pied
2574 6581 2723 6709 gau-

594 6706 709 6811 che
801 6706 847 6811 en
916 6706 1250 6811 arriere,
1307 6706 1399 6811 s’il
1457 6706 1629 6811 veut
1721 6706 2078 6811 moderer
2204 6706 2216 6811 &
2273 6706 2595 6811 arreſter
2664 6706 2722 6811 le

587 6837 827 6973 coup;
911 6837 1055 6973 mais
1127 6837 1211 6973 s’il
1283 6837 1331 6973 en
1415 6837 1584 6973 veut
1656 6837 1836 6973 faire
1896 6837 2376 6973 l’execution
2472 6837 2581 6973 par
2653 6837 2725 6973 ri-

3653 1961 3987 2146 Cercle
4187 1961 4454 2146 N.4.

2890 2229 2928 2354 En
2990 2229 3027 2354 ce
3089 2229 3250 2354 Cercle
3313 2229 3511 2354 preſent
3573 2229 3611 2354 la
3660 2229 3784 2354 lame
3859 2229 3896 2354 de
3995 2229 4256 2354 Zacharie
4318 2229 4442 2354 tient
4504 2229 4529 2354 le
4591 2229 4740 2354 poids
4802 2229 4902 2354 vif;
4964 2229 5038 2354 ſur

3161 2351 3247 2602 a
3333 2351 5140 2602 d'W'd.

3069 2606 3081 2732 &
3129 2606 3595 2732 conſequemment
3643 2606 3679 2732 la
3715 2606 3930 2732 conduit
3978 2606 4062 2732 par
4121 2606 4277 2732 deſſus
4325 2606 4361 2732 ſa
4408 2606 4564 2732 teſte,
4612 2606 4648 2732 en
4695 2606 4875 2732 tirant
4923 2606 5042 2732 avec

3012 2735 3047 2856 la
3106 2735 3235 2856 volte
3294 2735 3329 2856 du
3376 2735 3494 2856 pied
3552 2735 3799 2856 gauche,
3846 2735 3893 2856 un
3952 2735 4057 2856 coup
4128 2735 4163 2856 de
4198 2735 4351 2856 taille
4398 2735 4445 2856 au
4492 2735 4609 2856 coſté
4668 2735 4868 2856 gauche
4926 2735 4962 2856 de
5009 2735 5044 2856 la

3016 2861 3130 2974 teſte
3198 2861 3563 2974 Contraire.

1353 405 1649 580 Cercle
1855 405 2128 580 N.2.

2907 322 3173 440 gueur,
3233 322 3402 440 qu’il
3439 322 3487 440 le
3584 322 3717 440 doit
3789 322 4031 440 volter
4152 322 4152 440 &
4200 322 4442 440 jetter
4514 322 4562 440 en
4647 322 4876 440 avant
4949 322 5009 440 un

2901 444 3121 565 grand
3178 444 3294 565 pas
3363 444 3698 565 derriere
3744 444 4044 565 l’autre,
4136 444 4136 565 &
4194 444 4356 565 puis
4413 444 4736 565 avancer
4806 444 5037 565 encor

2882 568 2952 692 un
3047 568 3437 692 autrefois
3484 568 3555 692 un
3626 568 3744 692 pas
3791 568 3969 692 avec
4016 568 4075 692 le
4122 568 4300 692 pied
4371 568 4607 692 droit,
4725 568 4725 692 &
4784 568 5032 692 volter

2896 693 3280 818 derechef
3331 693 3498 818 avec
3549 693 3600 818 le
3651 693 3817 818 pied
3881 693 4227 818 gauche,
4291 693 4496 818 durãt
4547 693 4828 818 lequel
4867 693 5033 818 tẽps

2872 820 2911 944 il
2976 820 3340 944 conduira
3392 820 3665 944 l’eſpee
3717 820 3730 944 à
3769 820 3991 944 l’aide
4069 820 4121 944 du
4199 820 4524 944 poignet
4602 820 4719 944 par
4797 820 5044 944 deſſus

2875 947 2922 1065 ſa
2981 947 3230 1065 teſte,
3301 947 3349 1065 en
3432 947 3657 1065 tirant
3728 947 3799 1065 un
3894 947 4083 1065 coup
4178 947 4237 1065 de
4296 947 4498 1065 taille
4557 947 4604 1065 au
4699 947 5031 1065 derriere

2889 1068 2964 1196 de
3027 1068 3077 1196 la
3140 1068 3328 1196 teſte
3416 1068 3478 1196 de
3528 1068 4093 1196 l’Adverſaire,
4168 1068 4206 1196 en
4293 1068 4532 1196 partie
4594 1068 4783 1196 ſelon
4883 1068 5046 1196 qu’il

2891 1194 2978 1324 eſt
3040 1194 3499 1324 repreſenté
3586 1194 3698 1324 par
3773 1194 3872 1324 les
3971 1194 4157 1324 deux
4244 1194 4629 1324 ſuyvants
4741 1194 5039 1324 Cercles

2943 1324 2986 1432 N.
3056 1324 3098 1432 4.
3211 1324 3310 1432 &5.

3562 4955 3892 5133 Cercle
4135 4955 4399 5133 N.'.

4890 6829 5037 6919 Cer-

3367 3072 4110 3202 Aſſujettiſſement
4188 3072 4253 3202 de
4318 3072 4592 3202 l’eſpee
4709 3072 5048 3202 Contrai-

3326 3202 3433 3321 re,
3505 3202 3743 3321 ayant
3803 3202 4148 3321 precedé
4232 3202 4280 3321 en
4387 3202 4876 3321 conformité
4959 3202 5019 3321 du

3365 3330 3610 3422 Cercle
3733 3330 3782 3422 N.
3819 3330 3855 3422 1.
3990 3330 3990 3422 &
4112 3330 4578 3422 ZACHARIE
4639 3330 4688 3422 la
4761 3330 5031 3422 tenant

3340 3453 3387 3555 en
3504 3453 3713 3555 Poids
3795 3453 3947 3555 vif;
4063 3453 4611 3555 ALEXANDRE
4681 3453 5031 3555 sS’avance

2928 3577 2928 3699 &
3016 3577 3229 3699 entre
3291 3577 3329 3699 là
3429 3577 3667 3699 deſſus
3730 3577 3918 3699 avec
3980 3577 4031 3699 le
4093 3577 4281 3699 pied
4356 3577 4557 3699 droit
4619 3577 4732 3699 par
4807 3577 4933 3699 delà
4983 3577 5033 3699 le

2906 3707 3292 3827 Diametre
3357 3707 3460 3827 ſur
3511 3707 3563 3827 le
3665 3707 3923 3827 Quarré
4000 3707 4463 3827 circonſcrit
4502 3707 4515 3827 à
4566 3707 4618 3827 la
4669 3707 4901 3827 lettre
4991 3707 5042 3827 T.

2872 3836 2920 3957 en
2991 3836 3109 3957 luy
3192 3836 3535 3957 donnant
3594 3836 3665 3957 un
3736 3836 3925 3957 petit
3996 3836 4292 3957 branſle
4363 3836 4552 3957 avec
4611 3836 4658 3957 la
4741 3836 5025 3957 ſienne,

2898 3958 2951 4088 de
3031 3958 3231 4088 ſorte
3325 3958 3485 4088 qu’il
3552 3958 3899 4088 l’abaiſſe
3979 3958 4032 4088 en
4152 3958 4686 4088 deſgraduant
4819 3958 4833 4088 &
4913 3958 5033 4088 luy

2869 4087 3184 4211 trouble
3229 4087 3286 4211 le
3353 4087 3860 4211 Sentiment,
3939 4087 3995 4211 au
4119 4087 4367 4211 moyen
4479 4087 4794 4211 dequoy
4862 4087 4896 4211 il
4963 4087 5020 4211 va

2880 4204 3270 4323 conduire
3307 4204 3356 4323 la
3417 4204 3673 4323 ſienne
3734 4204 3844 4323 par
3942 4204 4186 4323 deſſus
4234 4204 4283 4323 ſa
4356 4204 4601 4323 teſte,
4674 4204 4723 4323 en
4808 4204 5028 4323 tirant

2862 4330 2924 4454 un
3011 4330 3197 4454 coup
3284 4330 3333 4454 de
3383 4330 3593 4454 taille
3631 4330 3965 4454 (durant
4027 4330 4188 4454 qu’il
4238 4330 4535 4454 avance
4646 4330 4646 4454 &
4721 4330 4919 4454 volte
4981 4330 5031 4454 le

2867 4458 3037 4589 pied
3129 4458 3417 4589 gauche
3496 4458 3771 4589 dehors
3836 4458 3889 4589 du
4006 4458 4255 4589 Cercle
4295 4458 4386 4589 )au
4478 4458 4661 4589 coſté
4740 4458 5028 4589 gauche

2875 4587 2948 4694 de
2985 4587 3034 4694 la
3095 4587 3279 4694 teſte
3352 4587 3401 4694 du
3512 4587 3964 4694 Contraire;
4026 4587 4332 4694 comme
4405 4587 4454 4694 on
4540 4587 4589 4694 le
4674 4587 4821 4694 voit
4907 4587 4907 4694 à
4981 4587 5029 4694 la

2872 4723 3156 4842 figure.
