5520 7640
1290 292 1610 469 Cercle
1838 292 2112 469 N.6.

1087 4815 1569 4930 LEXANDRE
1639 4815 2004 4930 pourſuit
2051 4815 2498 4930 l’operation
2580 4815 2733 4930 pre-

1064 4938 1469 5053 cedente,
1571 4938 1627 5053 en
1706 4938 2100 5053 avançant
2235 4938 2246 5053 &
2314 4938 2606 5053 voltant
2674 4938 2730 5053 le

1061 5059 1236 5181 pied
1323 5059 1498 5181 droit
1585 5059 1710 5181 d’un
1823 5059 2048 5181 grand
2122 5059 2235 5181 pas
2322 5059 2597 5181 dehors
2722 5059 2722 5181 &

1062 5185 1112 5304 au
1212 5185 1361 5304 deçà
1411 5185 1461 5304 le
1573 5185 1860 5304 Cercle,
1910 5185 2010 5304 ſur
2060 5185 2372 5304 lequel,
2447 5185 2484 5304 en
2572 5185 2734 5304 eſle-

603 5303 772 5433 vant
811 5303 863 5433 le
915 5303 1097 5433 pied
1162 5303 1448 5433 gauche
1539 5303 1578 5433 en
1656 5303 1851 5433 l’air,
1916 5303 1955 5433 il
2020 5303 2072 5433 ſe
2163 5303 2384 5433 dreſſe
2501 5303 2501 5433 &
2553 5303 2722 5433 pan-

601 5437 731 5558 che
779 5437 850 5558 un
921 5437 1040 5558 peu
1111 5437 1502 5558 alenvers,
1550 5437 1585 5558 en
1668 5437 1988 5558 attirant
2036 5437 2071 5558 la
2154 5437 2368 5558 garde
2427 5437 2736 5558 captive

601 5560 992 5684 enſemble
1051 5560 1229 5684 avec
1277 5560 1312 5684 la
1371 5560 1561 5684 lame
1620 5560 1620 5684 à
1692 5560 1787 5684 ſon
1870 5560 2059 5684 coſté
2130 5560 2474 5684 gauche,
2581 5560 2735 5684 met-

589 5681 756 5779 tant
804 5681 839 5779 la
911 5681 1173 5779 ſienne
1245 5681 1257 5779 à
1328 5681 1424 5779 ſon
1507 5681 1698 5779 coſté
1781 5681 1960 5779 droit
2020 5681 2199 5779 avec
2246 5681 2306 5779 le
2354 5681 2520 5779 bras
2604 5681 2735 5779 deſ-

608 5809 981 5932 cendant,
1089 5809 1089 5932 &
1149 5809 1185 5932 la
1257 5809 1522 5932 pointe
1582 5809 1823 5932 baſſe,
1871 5809 1919 5932 en
1991 5809 2364 5932 preſence
2436 5809 2484 5932 du
2568 5809 2737 5932 con-

596 5933 876 6057 traire,
1033 5933 1046 6057 &
1118 5933 1167 6057 en
1276 5933 1446 6057 eſtat
1543 5933 1604 6057 de
1665 5933 1726 6057 le
1798 5933 2138 6057 pouvoir
2211 5933 2479 6057 bleſſer
2576 5933 2734 6057 ſans

592 6059 801 6170 nulle
848 6059 1314 6170 reſiſtence;
1396 6059 1699 6170 comme
1780 6059 1827 6170 on
1897 6059 1943 6170 le
2013 6059 2153 6170 voit
2223 6059 2666 6170 clairement
2712 6059 2724 6170 à

606 6189 648 6311 la
717 6189 1009 6311 figure.

3563 5131 3872 5306 Cercle
4116 5131 4426 5306 N.10.

3367 5341 3523 5472 Oicy
3559 5341 3607 5472 la
3703 5341 4050 5472 derniere
4122 5341 4732 5472 continuation,
4792 5341 4972 5472 avec

3312 5463 3838 5598 l’execution,
3872 5463 4044 5598 faite
4101 5463 4215 5598 par
4295 5463 4833 5598 ALEXANDRE
4902 5463 4947 5598 en

3321 5584 3717 5728 accoſtant
3791 5584 3829 5728 ſa
3903 5584 4138 5728 partie
4224 5584 4534 5728 adverſe
4645 5584 4694 5728 du
4806 5584 4967 5728 pied

3334 5722 3629 5846 gauche
3693 5722 3808 5846 qui
3859 5722 4077 5846 eſtoit
4115 5722 4166 5846 jà
4230 5722 4487 5846 eſlevé,
4551 5722 4653 5846 ſur
4704 5722 4973 5846 lequel

2862 5842 2887 5975 il
2938 5842 2988 5975 ſe
3063 5842 3327 5975 charge
3440 5842 3453 5975 &
3503 5842 3553 5975 ſe
3616 5842 3905 5975 panche
3993 5842 4043 5975 du
4118 5842 4332 5975 corps
4395 5842 4445 5975 en
4508 5842 4696 5975 avãt,
4759 5842 4973 5975 pouſ-

2861 5963 3007 6104 ſant
3056 5963 3470 6104 l’eſtocade
3531 5963 4018 6104 precedente
4091 5963 4103 6104 à
4164 5963 4407 6104 pleine
4480 5963 4687 6104 force
4736 5963 4845 6104 par
4906 5963 4967 6104 le

2870 6086 3069 6226 coſté
3116 6086 3128 6226 à
3186 6086 3491 6226 travers
3550 6086 3597 6226 du
3690 6086 3902 6226 corps
3984 6086 4030 6226 du
4136 6086 4558 6226 contraire,
4640 6086 4699 6226 de
4781 6086 4968 6226 ſorte

2874 6206 3036 6355 qu’il
3086 6206 3160 6355 ne
3222 6206 3409 6355 tient
3471 6206 3608 6355 qu’à
3670 6206 3794 6355 luy
3869 6206 3931 6355 de
3981 6206 4031 6355 le
4093 6206 4491 6355 renverſer
4565 6206 4677 6355 par
4739 6206 4976 6355 terre;

2872 6346 2920 6474 en
3004 6346 3473 6474 conformité
3558 6346 3666 6474 des
3714 6346 4039 6474 figures.

3541 3487 3858 3650 Cercle
4196 3487 4344 3650 .9.

3301 3703 3445 3826 ’Eſt
3517 3703 3625 3826 icy
3697 3703 3745 3826 la
3829 3703 4368 3826 continuation
4475 3703 4535 3826 de
4595 3703 4631 3826 la
4703 3703 4979 3826 prece-

3340 3829 3583 3945 dente,
3629 3829 4081 3945 pourſuivie
4139 3829 4255 3945 par
4347 3829 4984 3945 ALEXANDRE

3330 3949 3376 4069 en
3467 3949 3753 4069 voltant
3799 3949 3856 4069 le
3914 3949 4074 4069 pied
4142 3949 4326 4069 droit
4394 3949 4623 4069 eſlevé
4715 3949 4978 4069 derrie-

3319 4074 3376 4193 re
3422 4074 3733 4193 l’autre,
3813 4074 3870 4193 de
3928 4074 4112 4193 ſorte
4204 4074 4330 4193 que
4399 4074 4491 4193 les
4571 4074 4824 4193 orteils
4904 4074 4950 4193 en

2876 4197 3242 4319 viennent
3290 4197 3301 4319 à
3360 4197 3703 4319 toucher
3738 4197 3797 4319 le
3880 4197 4140 4319 Quarre
4211 4197 4647 4319 circonſcrit
4695 4197 4706 4319 à
4765 4197 4801 4319 la
4848 4197 4990 4319 let-

2869 4317 2968 4439 tre
3067 4317 3117 4439 T,
3166 4317 3216 4439 ſe
3278 4317 3599 4439 dreſſant
3649 4317 3698 4439 le
3760 4317 3971 4439 corps
4032 4317 4317 4439 deſſus,
4391 4317 4441 4439 en
4540 4317 4861 4439 eſlevant
4923 4317 4973 4439 le

2870 4443 3046 4566 pied
3122 4443 3412 4566 gauche
3488 4443 3538 4566 en
3614 4443 3828 4566 l’air,
3979 4443 3979 4566 &
4055 4443 4433 4566 enſemble
4497 4443 4850 4566 pouſſant
4900 4443 4951 4566 au

2864 4567 3077 4690 loing
3159 4567 3218 4690 de
3289 4567 3407 4690 ſoy
3490 4567 3537 4690 en
3620 4567 3844 4690 avant
3926 4567 4103 4690 avec
4174 4567 4210 4690 ſa
4316 4567 4457 4690 main
4575 4567 4858 4690 gauche
4929 4567 4965 4690 la

2880 4689 3094 4814 garde
3207 4689 3220 4814 &
3270 4689 3320 4814 le
3371 4689 3534 4814 bras
3622 4689 3673 4814 du
3798 4689 4239 4814 Contraire,
4339 4689 4453 4814 luy
4528 4689 4868 4814 aſſenant
4931 4689 4981 4814 ſa

2868 4813 3138 4938 pointe
3212 4813 3507 4938 deſſous
3556 4813 3605 4938 le
3654 4813 3826 4938 bras
3875 4813 3924 4938 au
4010 4813 4195 4938 coſté
4281 4813 4514 4938 droit;
4575 4813 4747 4938 ainſi
4821 4813 4981 4938 qu’il

2881 4941 2958 5063 eſt
3010 4941 3458 5063 repreſenté
3509 4941 3625 5063 par
3663 4941 3765 5063 les
3830 4941 4163 5063 figures.

4832 6872 4972 6958 Cer-

3596 311 3900 518 Cercle
4111 311 4345 518 N.8.

2868 536 3000 669 Voicy
3061 536 3145 669 qui
3193 536 3338 669 ſourd
3398 536 3603 669 encores
3675 536 3699 669 du
3795 536 3952 669 meſme
4036 536 4193 669 Cercle
4301 536 4338 669 N.
4386 536 4434 669 1.
4494 536 4591 669 lors
4651 536 4735 669 que
4771 536 4952 669 l’eſpee

2980 670 3242 798 aſſujettie
3290 670 3361 798 uſe
3421 670 3444 798 du
3516 670 3659 798 poids
3718 670 3992 798 tresfort;
4052 670 4135 798 ſur
4195 670 4302 798 quoy
4409 670 4743 798 Alexandre,
4802 670 4957 798 ayant

2968 794 3413 923 preallablement
3460 794 3600 923 entré
3647 794 3753 923 avec
3800 794 3823 923 le
3882 794 3999 923 pied
4046 794 4175 923 droit
4221 794 4221 923 à
4280 794 4315 923 la
4350 794 4514 923 lettre
4631 794 4702 923 M,
4749 794 4784 923 il
4819 794 4960 923 ſaute

2984 924 3021 1047 du
3070 924 3181 1047 pied
3231 924 3428 1047 gauche
3490 924 3527 1047 au
3589 924 3700 1047 deçà
3737 924 3774 1047 le
3860 924 4120 1047 Diametre
4182 924 4194 1047 à
4243 924 4404 1047 lettre
4527 924 4577 1047 Q,
4651 924 4688 1047 en
4762 924 4972 1047 faiſant

2976 1053 3133 1173 prinſe
3189 1053 3222 1173 de
3267 1053 3301 1173 la
3357 1053 3502 1173 garde
3547 1053 3838 1173 contraire,
3883 1053 3995 1173 avec
4040 1053 4074 1173 le
4118 1053 4253 1173 corps
4298 1053 4488 1173 panché
4533 1053 4566 1173 en
4645 1053 4846 1173 avant,
4958 1053 4958 1173 &

2963 1177 2997 1292 la
3066 1177 3170 1292 main
3227 1177 3422 1292 gauche
3468 1177 3629 1292 allant
3675 1177 3767 1292 par
3824 1177 3974 1292 deſſus
4020 1177 4077 1292 les
4123 1177 4249 1292 deux
4295 1177 4456 1292 lames
4491 1177 4732 1292 croiſées.

3363 1315 3375 1434 N
3462 1315 3649 1434 ſuite
3774 1315 3836 1434 de
3936 1315 4384 1434 l’operation
4509 1315 4559 1434 du
4721 1315 4957 1434 Cercle

3361 1440 3410 1538 N.
3446 1440 3482 1538 1.
3567 1440 3615 1538 où
3736 1440 3748 1538 A
3821 1440 4280 1538 LEXANDRE
4353 1440 4365 1538 à
4438 1440 4559 1538 fait
4619 1440 4667 1538 le
4740 1440 4970 1538 tranſ-

3311 1562 3478 1690 port
3644 1562 3657 1690 &
3746 1562 4450 1690 aſſujettiſſement
4539 1562 4603 1690 de
4693 1562 4961 1690 l’eſpee

3321 1688 3705 1804 contraire
3767 1688 3779 1804 à
3853 1688 3891 1804 la
3990 1688 4386 1804 Troiſieme
4460 1688 4844 1804 Inſtance;
4956 1688 4968 1804 &

2865 1821 2993 1940 que
3121 1821 3632 1940 ZACHARIE
3701 1821 3748 1940 en
3852 1821 4282 1940 augmente
4364 1821 4956 1940 preſentement

2842 1939 2888 2036 la
2969 1939 3177 2036 force
3257 1939 3304 2036 en
3419 1939 3627 2036 Poids
3696 1939 4112 2036 tres-fort;
4216 1939 4770 2036 ALEXANDRE
4840 1939 4978 2036 tra-

2866 2061 3068 2185 vaille
3139 2061 3647 2185 alencontre,
3706 2061 3754 2185 en
3837 2061 3848 2185 y
3908 2061 4298 2185 oppoſant
4404 2061 4416 2185 &
4499 2061 4889 2185 moderant
4960 2061 4960 2185 à

2856 2186 3299 2303 l’advenant
3347 2186 3395 2303 le
3443 2186 3646 2303 ſien,
3718 2186 4005 2303 marche
4053 2186 4232 2303 avec
4280 2186 4328 2303 le
4388 2186 4556 2303 pied
4627 2186 4807 2303 droit
4867 2186 4867 2303 à
4914 2186 4962 2303 la

2856 2311 3086 2432 lettre
3195 2311 3267 2432 M,
3328 2311 3618 2432 duquel
3667 2311 3703 2432 il
3752 2311 3957 2432 ſaute
4018 2311 4066 2432 en
4151 2311 4357 2432 haut,
4417 2311 4599 2432 avec
4659 2311 4708 2432 le
4780 2311 4962 2432 coſté

2921 2432 2921 2557 &
2984 2432 3034 2557 le
3084 2432 3247 2557 pied
3322 2432 3610 2557 gauche
3673 2432 3986 2557 devant,
4036 2432 4224 2557 pour
4300 2432 4601 2557 planter
4651 2432 4701 2557 au
4814 2432 4977 2557 deçà

2846 2555 2909 2678 le
2997 2555 3363 2678 Diametre
3439 2555 3439 2678 à
3514 2555 3552 2678 la
3603 2555 3842 2678 lettre
3956 2555 4019 2678 Q,
4132 2555 4132 2678 &
4220 2555 4611 2678 enſemble
4687 2555 4864 2678 avec
4927 2555 4977 2678 le

2871 2683 3083 2808 corps
3133 2683 3433 2808 panché
3483 2683 3583 2808 ſur
3633 2683 3683 2808 le
3746 2683 4071 2808 devant,
4171 2683 4184 2808 &
4234 2683 4284 2808 le
4346 2683 4509 2808 pied
4596 2683 4784 2808 droit
4846 2683 4972 2808 fai-

2854 2808 2994 2930 ſant
3040 2808 3087 2930 la
3169 2808 3367 2930 volte
3437 2808 3554 2930 par
3624 2808 3799 2930 haut
3892 2808 3939 2930 en
4043 2808 4428 2930 derriere,
4487 2808 4522 2930 il
4580 2808 4872 2930 avance
4930 2808 4965 2930 la

2878 2933 3032 3057 main
3127 2933 3411 3057 gauche
3459 2933 3577 3057 par
3648 2933 3885 3057 deſſus
3920 2933 4027 3057 les
4086 2933 4275 3057 deux
4346 2933 4583 3057 lames
4666 2933 4974 3057 croiſées

2922 3057 2922 3177 &
2994 3057 3510 3177 accouplées,
3582 3057 3642 3177 de
3702 3057 3906 3177 façon
4014 3057 4171 3177 qu’il
4219 3057 4339 3177 fait
4423 3057 4471 3177 en
4567 3057 4627 3177 ce
4723 3057 4975 3177 meſme

2854 3181 3110 3303 temps
3168 3181 3413 3303 prinſe
3483 3181 3541 3303 de
3588 3181 3635 3303 la
3716 3181 3926 3303 garde
4008 3181 4439 3303 contraire;
4532 3181 4579 3303 en
4672 3181 4987 3303 confor-

2884 3309 3031 3426 mité
3105 3309 3215 3426 des
3276 3309 3594 3426 figures.

1365 4509 1695 4676 Cercle
2003 4509 2157 4676 .71.

596 583 826 714 L’Eſpee
877 583 1145 714 aſſujettie
1196 583 1196 714 a
1247 583 1350 714 tenu
1401 583 1439 714 en
1490 583 1528 714 ce
1592 583 1784 714 preſent
1861 583 2014 714 Cercle
2065 583 2103 714 du
2154 583 2295 714 poids
2333 583 2435 714 fort
2474 583 2512 714 ou
2589 583 2716 714 plus-

686 717 836 835 fort;
871 717 952 835 ſur
1010 717 1126 835 quoy
1230 717 1520 835 Alexandre
1577 717 1693 835 s’eſt
1728 717 1774 835 un
1855 717 1925 835 peu
1994 717 2191 835 avancé
2295 717 2295 835 &
2365 717 2504 835 entré
2585 717 2619 835 de
2677 717 2712 835 la

713 835 979 967 Troiſieme
1025 835 1257 967 Inſtance
1326 835 1500 967 devers
1546 835 1581 967 le
1673 835 1939 967 Diametre
1997 835 2113 967 avec
2171 835 2194 967 le
2252 835 2368 967 pied
2437 835 2599 967 droit,
2669 835 2703 967 en

687 962 917 1093 prenant
961 962 1137 1093 courſe
1203 962 1323 1093 pour
1367 962 1542 1093 ſauter
1586 962 1630 1093 en
1707 962 1860 1093 avant
1937 962 2047 1093 avec
2101 962 2123 1093 le
2189 962 2299 1093 pied
2354 962 2551 1093 gauche
2617 962 2704 1093 par

712 1086 818 1214 deça
865 1086 888 1214 le
971 1086 1265 1214 Diametre,
1300 1086 1477 1214 lequel
1512 1086 1676 1214 eſtant
1712 1086 1853 1214 encor
1888 1086 2076 1214 eſlevé,
2112 1086 2135 1214 il
2171 1086 2347 1214 quitte
2382 1086 2559 1214 l’eſpee
2606 1086 2712 1214 con-

690 1211 888 1337 traire,
932 1211 965 1337 en
1031 1211 1097 1337 luy
1141 1211 1361 1337 prenant
1405 1211 1449 1337 la
1504 1211 1658 1337 garde
1702 1211 1813 1337 avec
1857 1211 1890 1337 la
1967 1211 2066 1337 main
2132 1211 2363 1337 gauche,
2407 1211 2418 1337 à
2451 1211 2495 1337 ce
2550 1211 2704 1337 meſme

689 1343 864 1460 temps
910 1343 1179 1460 abaiſſant
1225 1343 1249 1460 le
1295 1343 1412 1460 pied
1459 1343 1657 1460 gauche
1704 1343 1739 1460 en
1785 1343 1914 1460 terre
1960 1343 2030 1460 ſur
2100 1343 2124 1460 le
2240 1343 2427 1460 Ouarré
2497 1343 2707 1460 Inſcrit,

682 1465 714 1595 il
757 1465 876 1595 volte
919 1465 952 1595 le
995 1465 1114 1595 pied
1168 1465 1287 1595 droit
1330 1465 1427 1595 par
1471 1465 1633 1595 haut,
1676 1465 1708 1595 en
1762 1465 1935 1595 tirant
1979 1465 2022 1595 un
2065 1465 2184 1595 coup
2249 1465 2270 1595 de
2314 1465 2497 1595 revers
2541 1465 2584 1595 au
2638 1465 2703 1595 co-

694 1592 753 1714 ſté
812 1592 929 1714 droit
988 1592 1024 1714 de
1059 1592 1094 1714 la
1141 1592 1259 1714 teſte
1318 1592 1353 1714 du
1412 1592 1765 1714 contraire.

1090 1783 1244 1910 Oicy
1315 1783 1541 1910 encor
1589 1783 1732 1910 une
1779 1783 1993 1910 autre
2053 1783 2516 1910 operation,
2600 1783 2707 1910 qui

1043 1910 1394 2038 procede
1469 1910 1519 2038 du
1632 1910 1870 2038 Cercle
1982 1910 2020 2038 N.
2070 1910 2108 2038 1.
2170 1910 2220 2038 où
2333 1910 2721 2038 ALEXAN-

1070 2031 1212 2159 DRE
1264 2031 1277 2159 à
1354 2031 1471 2159 fait
1510 2031 2273 2159 l’aſſujettiſſement
2337 2031 2402 2159 de
2441 2031 2712 2159 l’eſpee

1082 2160 1514 2284 Contraire;
1576 2160 1687 2284 qui
1736 2160 2119 2284 ſouſtient
2168 2160 2711 2284 preſentemẽt

570 2277 607 2409 la
682 2277 943 2409 ſienne
1006 2277 1180 2409 avec
1255 2277 1466 2409 Poids
1516 2277 1665 2409 fort
1728 2277 1777 2409 ou
1852 2277 2014 2409 plus
2064 2277 2251 2409 fort.
2350 2277 2412 2409 Là
2487 2277 2724 2409 deſſus

599 2402 621 2529 A
677 2402 1146 2529 LEXANDRE
1213 2402 1336 2529 fait
1402 2402 1548 2529 une
1615 2402 1860 2529 petite
1916 2402 2273 2529 intrade,
2351 2402 2396 2529 en
2485 2402 2708 2529 avan-

586 2525 746 2648 çant
795 2525 844 2648 le
906 2525 1078 2648 pied
1139 2525 1336 2648 droit
1409 2525 1667 2648 devers
1729 2525 1778 2648 le
1876 2525 2245 2648 Diametre
2294 2525 2405 2648 ſur
2442 2525 2491 2648 la
2577 2525 2724 2648 Tra-

579 2652 929 2757 verſante
987 2652 1464 2757 interieure,
1534 2652 1697 2757 dont
1755 2652 1790 2757 il
1825 2652 1883 2757 ſe
1930 2652 2279 2757 ſouſleve
2349 2652 2395 2757 en
2454 2652 2593 2757 l’air
2710 2652 2710 2757 &

566 2777 769 2898 ſaute
825 2777 1355 2898 incontinent
1412 2777 1581 2898 plus
1637 2777 1885 2898 outre,
1942 2777 1987 2898 en
2077 2777 2449 2898 tournant
2506 2777 2551 2898 le
2618 2777 2720 2898 co-

572 2897 671 3026 ſté
771 2897 783 3026 &
833 2897 882 3026 le
957 2897 1131 3026 pied
1193 2897 1492 3026 gauche
1579 2897 1902 3026 devant,
1989 2897 2387 3026 enſemble
2474 2897 2722 3026 quitte

571 3021 848 3152 l’eſpee
898 3021 1339 3152 aſſujettie,
1440 3021 1453 3152 &
1503 3021 1617 3152 luy
1680 3021 1932 3152 prend
1995 3021 2033 3152 la
2133 3021 2348 3152 garde
2423 3021 2600 3152 avec
2663 3021 2713 3152 ſa

603 3148 752 3273 main
843 3148 1164 3273 gauche,
1210 3148 1244 3273 la
1313 3148 1542 3273 tirant
1599 3148 1759 3273 vers
1805 3148 1851 3273 le
1920 3148 2034 3273 bas
2091 3148 2274 3273 avec
2332 3148 2377 3273 la
2435 3148 2709 3273 pointe

593 3273 1129 3400 deſcendante
1177 3273 1189 3400 à
1249 3273 1344 3400 ſon
1439 3273 1630 3400 coſté
1702 3273 2024 3400 gauche,
2083 3273 2548 3400 conduiſant
2620 3273 2727 3400 en-

570 3395 874 3524 ſemble
925 3395 1027 3524 ſon
1128 3395 1344 3524 eſpee
1395 3395 1395 3524 à
1458 3395 1496 3524 la
1560 3395 1801 3524 ronde
1864 3395 1978 3524 par
2055 3395 2296 3524 deſſus
2359 3395 2397 3524 ſa
2461 3395 2638 3524 teſte
2702 3395 2714 3524 à

570 3521 786 3650 l’aide
862 3521 913 3650 du
989 3521 1371 3650 poignet,
1434 3521 1625 3650 pour
1688 3521 1993 3650 planter
2070 3521 2120 3650 le
2184 3521 2362 3650 pied
2438 3521 2730 3650 gauche

574 3645 626 3776 au
716 3645 884 3776 deçà
935 3645 987 3776 le
1077 3645 1464 3776 Diametre
1503 3645 1606 3776 ſur
1658 3645 1709 3776 le
1826 3645 2084 3776 Quarré
2148 3645 2406 3776 Inſcrit
2471 3645 2484 3776 à
2548 3645 2716 3776 l’en-

576 3768 1077 3890 trecoupure
1145 3768 1213 3890 de
1259 3768 1304 3890 la
1361 3768 1850 3890 traverſante
1919 3768 2397 3890 exterieure,
2431 3768 2727 3890 auquel

580 3897 841 4008 temps
898 3897 943 4008 il
1011 3897 1136 4008 tire
1204 3897 1273 4008 un
1363 3897 1556 4008 coup
1647 3897 1704 4008 de
1784 3897 2079 4008 revers,
2124 3897 2227 4008 (en
2318 3897 2613 4008 voltant
2670 3897 2726 4008 le

571 4009 753 4129 pied
813 4009 1007 4129 droit
1068 4009 1177 4129 par
1226 4009 1444 4129 haut,
1480 4009 1577 4129 )au
1662 4009 1856 4129 coſté
1916 4009 2098 4129 droit
2171 4009 2244 4129 de
2280 4009 2328 4129 la
2389 4009 2571 4129 teſte
2656 4009 2704 4129 du

614 4134 1086 4252 Contraire;
1162 4134 1341 4252 ainſi
1417 4134 1583 4252 qu’il
1673 4134 1749 4252 eſt
1851 4134 2298 4252 demonſtré
2374 4134 2489 4252 par
2540 4134 2591 4252 la
2668 4134 2719 4252 fi-

593 4293 803 4384 gure.
