5520 7640
982 1503 1128 1629 ’Eſt
1221 1503 1287 1629 de
1340 1503 1393 1629 la
1499 1503 1710 1629 Table
1790 1503 2293 1629 precedente
2425 1503 2663 1629 Cercle

1056 1635 1093 1756 N.
1143 1635 1180 1756 2.
1267 1635 1403 1756 que
1465 1635 1514 1756 la
1589 1635 1960 1756 preſente
2034 1635 2430 1756 operation
2505 1635 2666 1756 pro-

1008 1760 1232 1883 cede.
1364 1760 1456 1883 Car
1535 1760 1759 1883 ayant
1838 1760 2075 1883 obligé
2141 1760 2405 1883 l’eſpee
2497 1760 2682 1883 Con-

992 1883 1218 2001 traire
1294 1883 1533 2001 (ſelon
1609 1883 1924 2001 leſdites
1987 1883 2529 2001 inſtruions
2605 1883 2668 2001 de

525 2010 564 2137 la
655 2010 876 2137 Table
954 2010 1499 2137 precedente)
1551 2010 1668 2137 par
1733 2010 1863 2137 delà
1928 2010 1980 2137 le
2097 2010 2473 2137 Diametre
2538 2010 2551 2137 à
2616 2010 2655 2137 la

533 2137 908 2259 Seconde
970 2137 1382 2259 Inſtance;
1482 2137 1494 2259 &
1569 2137 1706 2259 que
1744 2137 2280 2259 l’Adverſaire
2343 2137 2393 2259 la
2480 2137 2667 2259 tient

534 2262 583 2382 en
681 2262 902 2382 Poids
988 2262 1111 2382 Vif;
1209 2262 1234 2382 A
1295 2262 1762 2382 LEXANDRE
1823 2262 1860 2382 la
1921 2262 2363 2382 tranſporte
2437 2262 2670 2382 circu-

515 2390 939 2508 lairement
987 2390 998 2508 à
1057 2390 1317 2508 l’autre
1388 2390 1612 2508 coſté,
1683 2390 1730 2508 en
1813 2390 2214 2508 avançant
2273 2390 2332 2508 le
2415 2390 2663 2508 corps,

586 2510 586 2631 &
660 2510 959 2631 entrant
1021 2510 1083 2631 du
1145 2510 1332 2631 pied
1381 2510 1717 2631 gauche,
1779 2510 2102 2631 duquel,
2164 2510 2413 2631 eſtant
2463 2510 2475 2631 à
2562 2510 2686 2631 my-

532 2636 719 2758 voye
794 2636 857 2758 de
919 2636 1369 2758 l’Inſtance,
1419 2636 1645 2758 avant
1720 2636 1882 2758 qu’il
1932 2636 2420 2758 tresbuche,
2470 2636 2495 2758 il
2545 2636 2670 2758 fait

514 2763 584 2884 un
665 2763 781 2884 peu
873 2763 943 2884 de
1000 2763 1278 2884 pauſe,
1336 2763 2088 2884 conſequemment
2158 2763 2551 2884 avançant
2621 2763 2679 2884 le

537 2884 736 3008 coſté
811 2884 1097 3008 gauche
1197 2884 1259 3008 au
1359 2884 1645 3008 dedans
1732 2884 1844 3008 des
1907 2884 2679 3008 perpendiculaires

549 3015 599 3131 de
676 3015 955 3131 l’eſpee
1070 3015 1502 3131 Contraire,
1630 3015 1642 3131 &
1706 3015 1757 3131 le
1820 3015 2075 3131 plante
2151 3015 2265 3131 ſur
2342 3015 2405 3131 le
2545 3015 2685 3131 Dia-

547 3138 769 3253 metre
831 3138 843 3253 à
893 3138 930 3253 la
992 3138 1214 3253 lettre
1313 3138 1350 3253 R,
1399 3138 1967 3253 aſſujettiſſant
2029 3138 2684 3253 enſemblement

520 3264 520 3381 à
597 3264 699 3381 ſon
789 3264 981 3381 coſté
1058 3264 1340 3381 gauche
1405 3264 1674 3381 l’eſpee
1764 3264 2161 3381 Contraire
2251 3264 2302 3381 du
2443 3264 2495 3381 N.
2546 3264 2584 3381 2.
2661 3264 2674 3381 à

580 3392 617 3508 N.
679 3392 704 3508 1.
766 3392 952 3508 ſelon
1026 3392 1063 3508 la
1125 3392 1771 3508 repreſentation
1858 3392 1969 3508 des
2019 3392 2354 3508 figures.

4958 7012 5013 7115 Or

3312 1548 3790 1674 LEXANDRE
3878 1548 4267 1674 continue
4343 1548 4456 1674 icy
4544 1548 4556 1674 à
4632 1548 4983 1674 pourſui-

3283 1677 3391 1803 vre
3439 1677 3897 1803 l’operation
3981 1677 4523 1803 precedente,
4560 1677 4788 1803 avant
4849 1677 4981 1803 que

3272 1806 3320 1902 le
3403 1806 3915 1902 mouvement
3987 1806 4046 1902 du
4142 1806 4535 1902 Contraire
4594 1806 4725 1902 ſoit
4773 1806 4988 1902 ache-

3286 1926 3384 2052 vé,
3446 1926 3495 2052 en
3594 1926 3989 2052 marchant
4050 1926 4371 2052 ſoudain
4445 1926 4630 2052 avec
4704 1926 4753 2052 le
4827 1926 5000 2052 pied

2828 2053 3024 2179 droit
3090 2053 3417 2179 dedans,
3469 2053 3587 2179 par
3666 2053 3823 2179 deçà
3888 2053 3941 2179 le
4032 2053 4412 2179 Diametre
4464 2053 4569 2179 ſur
4621 2053 4674 2179 le
4792 2053 5001 2179 Quar-

2818 2180 2881 2303 ré
2957 2180 3223 2303 Inſcrit
3274 2180 3515 2303 lettre
3591 2180 3654 2303 S,
3705 2180 3882 2303 avec
3933 2180 4338 2303 pliement
4414 2180 4478 2303 du
4554 2180 4871 2303 genou,
4934 2180 4985 2303 le

2828 2306 3047 2432 corps
3108 2306 3413 2432 panché
3474 2306 3717 2432 deſſus
3790 2306 3839 2432 en
3912 2306 4217 2432 avant,
4375 2306 4388 2432 &
4448 2306 4497 2432 le
4546 2306 4717 2432 bras
4802 2306 4985 2432 droit

2812 2430 3380 2561 aucunement
3441 2430 3713 2561 abaiſſé
3787 2430 4058 2561 contre
4108 2430 4169 2561 le
4231 2430 4503 2561 corps;
4614 2430 4786 2561 ainſi
4860 2430 4984 2561 que

2820 2558 2922 2683 les
2986 2558 3291 2683 figures
3355 2558 3953 2683 demonſtrent.

3521 5130 3833 5300 Cercle
4100 5130 4367 5300 N.1.

574 859 867 1022 Alexandre
928 859 1087 1022 ayant
1136 859 1295 1022 obligé
1332 859 1515 1022 l’eſpee
1576 859 1846 1022 Contraire
1894 859 1980 1022 par
2041 859 2139 1022 delà
2200 859 2237 1022 le
2335 859 2592 1022 Diametre
2665 859 2665 1022 à

693 1000 727 1130 la
785 1000 1003 1130 Seconde
1049 1000 1303 1130 Inſtance;
1349 1000 1533 1130 comme
1590 1000 1613 1130 il
1671 1000 1706 1130 la
1752 1000 1993 1130 retrouve
2051 1000 2085 1130 en
2177 1000 2316 1130 Poids
2385 1000 2488 1130 vif,
2546 1000 2580 1130 il
2626 1000 2661 1130 la

685 1127 992 1257 tranſporte
1094 1127 1094 1257 &
1139 1127 1423 1257 aſſujettit
1457 1127 1491 1257 en
1559 1127 1752 1257 dedans
1798 1127 1798 1257 à
1866 1127 1968 1257 main
2036 1127 2252 1257 gauche,
2297 1127 2331 1257 en
2388 1127 2660 1257 marchant

694 1251 730 1382 du
778 1251 898 1382 pied
934 1251 1138 1382 gauche
1186 1251 1186 1382 à
1234 1251 1270 1382 la
1318 1251 1474 1382 lettre
1570 1251 1618 1382 R.

1206 3655 1524 3844 Cercle
1751 3655 2092 3844 N.12.

532 3987 702 4109 Contre
748 3987 1066 4109 l’operation
1123 3987 1429 4109 precedente
1520 3987 1770 4109 Zacharie
1815 3987 1849 4109 ſe
1895 3987 2054 4109 retire
2099 3987 2133 4109 le
2179 3987 2292 4109 bras
2338 3987 2451 4109 avec
2497 3987 2667 4109 l’eſpee

672 4113 706 4230 en
763 4113 993 4230 arriere,
1027 4113 1222 4230 faiſant
1268 4113 1486 4230 intrade
1532 4113 1646 4230 avec
1692 4113 1715 4230 le
1761 4113 1875 4230 pied
1933 4113 2082 4230 droit,
2116 4113 2231 4230 pour
2277 4113 2449 4230 bleſſer
2506 4113 2655 4230 l’Ad

666 4238 898 4351 verſaire
953 4238 997 4351 au
1053 4238 1163 4351 coſté
1218 4238 1417 4351 gauche
1461 4238 1539 4351 qui
1605 4238 1903 4351 s’avance,
2003 4238 2301 4351 Alexandre
2356 4238 2379 4351 le
2434 4238 2677 4351 previent

724 4363 724 4478 &
782 4363 924 4478 pare,
959 4363 995 4478 en
1054 4363 1301 4478 plantant
1348 4363 1384 4478 le
1419 4363 1537 4478 pied
1584 4363 1784 4478 gauche
1843 4363 1914 4478 ſur
1961 4363 1985 4478 le
2067 4363 2267 4478 Centre,
2303 4363 2338 4478 le
2385 4363 2503 4478 coſté
2550 4363 2680 4478 droit

667 4486 851 4602 tourné
894 4486 927 4602 en
992 4486 1219 4602 devant,
1273 4486 1392 4602 avec
1436 4486 1457 4602 le
1511 4486 1620 4602 bras
1674 4486 2042 4602 deſcendant,
2161 4486 2161 4602 &
2226 4486 2270 4602 la
2324 4486 2497 4602 pointe
2562 4486 2681 4602 mon-

667 4613 816 4728 tante
873 4613 873 4728 à
942 4613 1045 4728 main
1114 4613 1309 4728 gauche
1355 4613 1355 4728 à
1412 4613 1538 4728 coſté
1595 4613 1630 4728 de
1664 4613 1767 4728 luy.

1016 4826 1223 4944 Vrant
1292 4826 1982 4944 qu’ALEXANDRE
2051 4826 2408 4944 s’avance
2454 4826 2500 4944 le
2569 4826 2672 4944 co-

996 4949 1083 5070 ſté
1170 4949 1517 5070 gauche,
1566 4949 1752 5070 avec
1814 4949 1864 5070 le
1938 4949 2112 5070 pied
2198 4949 2248 5070 du
2360 4949 2669 5070 meſme,

1011 5076 1061 5195 en
1136 5076 1686 5195 tranſportant
1736 5076 2024 5195 l’eſpee
2086 5076 2424 5195 obligée,
2486 5076 2686 5195 pour

987 5201 1415 5320 l’aſſujettir
1475 5201 1487 5320 à
1582 5201 1725 5320 main
1820 5201 2165 5320 gauche,
2248 5201 2284 5320 en
2379 5201 2677 5320 confor-

555 5326 697 5447 mité
791 5326 839 5447 du
969 5326 1217 5447 Cercle
1276 5326 1772 5447 precedent;
1843 5326 1855 5447 à
1938 5326 1997 5447 ce
2079 5326 2339 5447 meſme
2410 5326 2670 5447 temps

566 5449 1038 5564 ZACHARIE
1119 5449 1338 5564 retire
1430 5449 1603 5564 tout
1695 5449 1994 5564 ſaudain
2075 5449 2351 5564 l’eſpee
2443 5449 2489 5564 en
2582 5449 2674 5564 ar-

532 5568 757 5676 riere,
804 5568 1396 5676 accourciſſant
1443 5568 1502 5676 le
1561 5568 1762 5676 bras,
1845 5568 1857 5676 &
1940 5568 2330 5676 marchant
2389 5568 2673 5676 enſem-

523 5694 644 5818 ble
693 5694 875 5818 avec
923 5694 972 5818 le
1032 5694 1202 5818 pied
1287 5694 1481 5818 droit
1542 5694 1590 5818 en
1675 5694 1893 5818 avant
1966 5694 2063 5818 ſur
2136 5694 2184 5818 le
2293 5694 2669 5818 Diametre

528 5813 762 5946 lettre
865 5813 930 5946 R,
982 5813 1177 5946 pour
1228 5813 1501 5946 bleſſer
1552 5813 2084 5946 l’Adverſaire
2149 5813 2214 5946 de
2265 5813 2304 5946 ſa
2369 5813 2667 5946 pointe,

534 5943 596 6075 au
682 5943 879 6075 coſté
940 5943 1235 6075 gauche
1297 5943 1408 6075 qui
1457 5943 1838 6075 s’avance;
1925 5943 2503 6075 ALEXANDRE,
2577 5943 2687 6075 qui

528 6072 1013 6202 l’apperçoit
1086 6072 1207 6202 par
1255 6072 1316 6202 le
1401 6072 1886 6202 Sentiment,
1934 6072 1983 6202 ſe
2055 6072 2334 6202 tourne
2407 6072 2686 6202 incon-

543 6195 793 6295 tinent
840 6195 888 6295 le
959 6195 1149 6295 coſté
1232 6195 1411 6295 droit
1482 6195 1530 6295 en
1625 6195 1958 6295 devant,
2041 6195 2552 6295 deſtournant
2624 6195 2671 6295 le

549 6322 740 6452 coſté
829 6322 1173 6452 gauche,
1275 6322 1288 6452 &
1339 6322 1695 6452 plantant
1746 6322 1797 6452 le
1899 6322 2154 6452 meſme
2230 6322 2396 6452 pied
2459 6322 2574 6452 ſur
2638 6322 2689 6452 le

577 6448 841 6571 Centre
929 6448 980 6571 du
1093 6448 1382 6571 Cercle,
1432 6448 1545 6571 ſur
1583 6448 1860 6571 lequel
1898 6448 1935 6571 il
1986 6448 2036 6571 ſe
2086 6448 2463 6571 panche,
2577 6448 2677 6571 en-

541 6575 776 6698 pliant
825 6575 874 6698 le
948 6575 1232 6698 genou,
1294 6575 1578 6698 dedans
1627 6575 1726 6698 les
1775 6575 2540 6698 perpendiculaires
2614 6575 2688 6698 de

538 6701 825 6826 l’Eſpee
938 6701 1375 6826 Contraire;
1450 6701 1787 6826 laquelle
1850 6701 1887 6826 il
1962 6701 2250 6826 forclot
2312 6701 2325 6826 à
2375 6701 2475 6826 ſon
2574 6701 2674 6826 co-

542 6823 641 6953 ſté
715 6823 1001 6953 gauche
1075 6823 1125 6953 en
1212 6823 1535 6953 dehors,
1584 6823 1696 6953 par
1746 6823 2218 6953 l’entremiſe
2292 6823 2354 6953 de
2404 6823 2441 6953 la
2503 6823 2689 6953 ſien-

544 6954 671 7084 ne,
735 6954 786 7084 le
837 6954 1002 7084 bras
1078 6954 1256 7084 avec
1320 6954 1371 7084 la
1447 6954 1676 7084 garde
1739 6954 2134 7084 abaiſſée,
2261 6954 2273 7084 &
2312 6954 2350 7084 la
2413 6954 2680 7084 pointe

3559 1198 4388 1376 Cercle.13.

1264 556 1567 733 Cercle
1801 556 2080 733 .11.

3538 2854 3861 3027 Cercle
4356 2854 4420 3027 4.

3319 3185 3392 3315 Cy
3478 3185 3660 3315 vous
3734 3185 3990 3315 voyez
4051 3185 4087 3315 la
4160 3185 4526 3315 derniere
4575 3185 4989 3315 pourſuite

3281 3314 3648 3438 annexée
3742 3314 3742 3438 à
3837 3314 3885 3438 la
3956 3314 4488 3438 precedente
4571 3314 4725 3438 ſans
4796 3314 4986 3438 nulle

3282 3440 3513 3567 pauſe
3573 3440 4277 3567 entremoyenne,
4338 3440 4398 3567 de
4471 3440 4690 3567 façon
4787 3440 5005 3567 qu’A-

3297 3568 3789 3692 LEXANDRE
3873 3568 4245 3692 pourſuit
4341 3568 4509 3692 tout
4581 3568 4893 3692 ſoudain
4977 3568 4989 3692 à

2819 3695 3148 3824 tourner
3197 3695 3258 3824 le
3319 3695 3539 3824 corps
3600 3695 3600 3824 à
3686 3695 3845 3824 main
3930 3695 4223 3824 gauche
4272 3695 4382 3824 ſur
4431 3695 4541 3824 les
4590 3695 4761 3824 pied
4822 3695 5005 3824 arre-

2820 3821 3010 3951 ſtez,
3060 3821 3212 3951 ſans
3288 3821 3491 3951 qu’ils
3541 3821 3921 3951 bougent
3984 3821 4048 3951 de
4098 3821 4263 3951 leur
4326 3821 4592 3951 place,
4655 3821 4997 3951 quittant

2828 3948 3482 4076 enſemblement
3530 3948 3577 4076 la
3625 3948 3827 4076 lame
3910 3948 4350 4076 Contraire,
4398 3948 4517 4076 par
4588 3948 4636 4076 le
4731 3948 4969 4076 moyen

2841 4074 3000 4194 qu’il
3037 4074 3232 4194 jette
3281 4074 3330 4194 la
3391 4074 3660 4194 ſienne
3733 4074 3733 4194 à
3806 4074 3843 4194 la
3929 4074 4197 4194 faveur
4283 4074 4344 4194 du
4430 4074 4588 4194 ſeul
4637 4074 5004 4194 poignet,

2816 4191 2996 4312 avec
3053 4191 3098 4312 le
3154 4191 3323 4312 bras
3391 4191 3707 4312 eſtendu
3797 4191 3977 4312 tout
4056 4191 4248 4312 droit
4338 4191 4383 4312 en
4473 4191 4811 4312 arriere,
4935 4191 4992 4312 de

2821 4311 3004 4438 haut
3053 4311 3065 4438 à
3126 4311 3249 4438 bas
3298 4311 3408 4438 ſur
3457 4311 3505 4438 le
3567 4311 3738 4438 bras
3799 4311 4129 4438 gauche,
4178 4311 4215 4438 la
4276 4311 4569 4438 ſerrant
4643 4311 4899 4438 contre
4961 4311 4997 4438 ſa

2822 4440 3259 4573 poitrine,
3421 4440 3421 4573 &
3484 4440 3884 4573 enſemble
3946 4440 4133 4573 avec
4171 4440 4233 4573 le
4296 4440 4496 4573 coſté
4558 4440 4845 4573 gauche
4920 4440 4970 4573 du

2833 4565 3051 4695 corps
3112 4565 3415 4695 panché
3500 4565 3536 4695 en
3645 4565 3949 4695 avant,
4033 4565 4070 4695 il
4142 4565 4397 4695 donne
4458 4565 4858 4695 l’atteinte
4943 4565 4991 4695 de

2822 4689 3099 4826 pointe
3175 4689 3225 4826 au
3313 4689 3502 4826 coſté
3590 4689 3766 4826 droit
3841 4689 3904 4826 de
3955 4689 4420 4826 l’Ennemy;
4458 4689 4760 4826 ſuivant
4810 4689 4848 4826 la
4911 4689 4999 4826 re-

2822 4823 3368 4947 preſentation
3455 4823 3566 4947 des
3628 4823 3963 4947 figures.

2824 377 3190 520 hauſſée,
3253 377 3531 520 tenant
3594 377 3695 520 les
3758 377 4010 520 lames
4086 377 4591 520 accouplées
4692 377 4755 520 de
4843 377 4944 520 ſon

2884 519 2924 659 N.
2990 519 3030 659 3.
3071 519 3124 659 le
3271 519 3311 659 N.
3364 519 3418 659 4.
3484 519 3538 659 du
3684 519 4152 659 Contraire,
4245 519 4365 659 luy
4459 519 4979 659 empeſchant

2834 651 2883 783 en
3006 651 3203 783 ceſte
3277 651 3474 783 ſorte
3560 651 3634 783 de
3732 651 3929 783 venir
4015 651 4015 783 à
4113 651 4605 783 l’execution
4716 651 4790 783 de
4863 651 4962 783 ſon

2840 776 3282 912 eſtocade;
3385 776 3684 912 comme
3749 776 3788 912 il
3878 776 3969 912 eſt
4047 776 4501 912 demonſtré
4566 776 4683 912 par
4748 776 4852 912 les
4917 776 4995 912 fi-

2848 913 3074 1045 gures.

3303 5481 3763 5604 Inalement
3838 5481 4062 5604 voicy
4124 5481 4696 5604 l’execution,
4783 5481 5006 5604 qu’A-

3304 5608 3788 5724 LEXANDRE
3859 5608 4224 5724 pourſuit
4307 5608 4484 5724 tout
4578 5608 4720 5724 d’un
4849 5608 4991 5724 meſ-

3335 5735 3407 5858 me
3467 5735 3636 5858 train
3708 5735 3864 5858 ſans
3924 5735 4045 5858 nul
4117 5735 4345 5858 arreſt
4430 5735 4995 5858 quelconque,

3313 5858 3360 5977 en
3501 5858 3889 5977 marchant
4018 5858 4312 5977 dedans
4418 5858 4594 5977 avec
4665 5858 4723 5977 le
4829 5858 4994 5977 pied

2841 5981 3143 6112 gauche
3206 5981 3319 6112 ſur
3382 5981 3420 6112 la
3559 5981 4175 6112 Circonference
4251 5981 4490 6112 lettre
4616 5981 4679 6112 X,
4742 5981 4843 6112 ſur
4906 5981 4994 6112 le-

2843 6106 3017 6236 quel
3054 6106 3091 6236 il
3141 6106 3191 6236 ſe
3253 6106 3526 6236 charge
3638 6106 3638 6236 &
3725 6106 4035 6236 panche
4097 6106 4147 6236 en
4234 6106 4594 6236 devant,
4706 6106 4879 6236 avec
4941 6106 4991 6236 le

2844 6228 3080 6364 genou
3167 6228 3379 6364 plié,
3453 6228 3814 6364 ravivant
3876 6228 4311 6364 l’eſtocade
4399 6228 4908 6364 precedente
4983 6228 4995 6364 à

2834 6361 3088 6491 pleine
3152 6361 3431 6491 force,
3596 6361 3596 6491 &
3647 6361 3685 6491 la
3761 6361 4130 6491 pouſſant
4219 6361 4257 6491 en
4358 6361 4676 6491 rigueur
4778 6361 4790 6491 à
4879 6361 5006 6491 tra-

2846 6485 3007 6604 vers
3144 6485 3193 6604 du
3342 6485 3553 6604 corps
3689 6485 3751 6604 de
3863 6485 4495 6604 l’Adverſaire,
4632 6485 4706 6604 de
4805 6485 5004 6604 ſorte

2849 6611 3012 6744 qu’il
3074 6611 3087 6744 a
3137 6611 3200 6744 le
3262 6611 3613 6744 pouvoir
3688 6611 3751 6744 de
3826 6611 3876 6744 le
3939 6611 4177 6744 jetter
4265 6611 4528 6744 meſme
4590 6611 4590 6744 à
4665 6611 5004 6744 l’envers

2833 6746 2954 6866 par
3051 6746 3330 6866 terre;
3439 6746 3743 6866 comme
3803 6746 3840 6866 il
3924 6746 3973 6866 ſe
4046 6746 4228 6866 peut
4337 6746 4482 6866 voir
4579 6746 4725 6866 aux
4822 6746 4991 6866 figu-

2834 6889 2983 6950 res.
