5520 7640
2884 298 3124 416 donne
3200 298 3415 416 point
3528 298 3579 416 de
3667 298 3857 416 loiſir
3933 298 3933 416 a
4009 298 4539 416 l’Adverſaire
4641 298 4704 416 de
4780 298 4956 416 faire

2860 435 3168 529 aucune
3212 435 3432 529 autre
3498 435 3707 529 choſe
3762 435 4257 529 alencontre.

1560 1014 2016 1228 Lleurs
2134 1014 2286 1228 qui
2387 1014 2640 1228 nous
2775 1014 3332 1228 voudront
3433 1014 4057 1228 reprendre,
4192 1014 4260 1228 en
4378 1014 4968 1228 penſeront

1500 996 1500 1068 t

1497 1220 1701 1374 avoir
1756 1220 2192 1374 rencontré
2260 1220 2301 1374 en
2397 1220 2451 1374 ce
2547 1220 2860 1374 Tableau
3133 1220 3133 1374 .
3188 1220 3229 1374 la
3310 1220 3474 1374 plus
3529 1220 3720 1374 juſte
3801 1220 4197 1374 occaſion,
4265 1220 4470 1374 qu’ils
4524 1220 4974 1374 ſauroyent

1498 1347 1990 1510 pretendre:
2058 1347 2181 1510 par
2263 1347 2318 1510 ce
2400 1347 2591 1510 qu’en
2687 1347 3152 1510 examinant
3220 1347 3302 1510 les
3370 1347 3712 1510 figures,
3753 1347 3794 1510 il
3835 1347 3985 1510 leur
4040 1347 4177 1510 ſera
4245 1347 4423 1510 peut
4477 1347 4669 1510 eſtre
4737 1347 4969 1510 advis,

1524 1495 1644 1650 que
1711 1495 1765 1650 ce
1818 1495 1898 1650 ne
1952 1495 2125 1650 ſont
2192 1495 2326 1650 que
2393 1495 2500 1650 des
2580 1495 2981 1650 occaſions
3048 1495 3622 1650 controuvées,
3689 1495 3809 1650 qui
3849 1495 4384 1650 reſſemblent
4437 1495 4771 1650 pluſtoſt
4838 1495 4852 1650 à
4918 1495 4959 1650 la

1527 1634 1791 1787 Parade
1874 1634 2083 1787 d’une
2138 1634 2597 1787 pompeuſe
2694 1634 3305 1787 magnificence,
3375 1634 3514 1787 qu’à
3569 1634 3611 1787 la
3667 1634 3903 1787 verité
3972 1634 4195 1787 d’une
4264 1634 4625 1787 bataille,
4764 1634 4764 1787 &
4834 1634 4959 1787 que

1498 1774 1582 1924 les
1652 1774 2098 1924 perſonnes
2168 1774 2182 1924 y
2252 1774 2629 1924 tiennent
2684 1774 2824 1924 une
2894 1774 3173 1924 gravité
3243 1774 3284 1924 ſi
3382 1774 3745 1924 modeſte,
3829 1774 3996 1924 qu’il
4066 1774 4289 1924 ſeroit
4345 1774 4805 1924 impoſſible
4903 1774 4959 1924 de

622 1916 663 2065 la
730 1916 1149 2065 pratiquer
1203 1916 1676 2065 autrement
1757 1916 1879 2065 qu’à
1960 1916 2216 2065 noſtre
2324 1916 2568 2065 mode,
2622 1916 2784 2065 c’eſt
2838 1916 2838 2065 à
2919 1916 3054 2065 dire
3148 1916 3203 2065 en
3284 1916 3743 2065 courtoiſie,
3797 1916 3851 2065 en
3919 1916 4175 2065 forme
4256 1916 4310 2065 de
4391 1916 4837 2065 ſpeacle,
4959 1916 4959 2065 &

621 2052 749 2201 par
813 2052 1340 2201 convenance
1442 2052 1814 2201 mutuelle
1904 2052 1956 2201 de
2007 2052 2251 2201 laiſſer
2328 2052 2520 2201 venir
2572 2052 2687 2201 l’un
2764 2052 3034 2201 l’autre
3098 2052 3137 2201 ſi
3201 2052 3483 2201 avant,
3586 2052 3599 2201 &
3650 2052 3663 2201 à
3753 2052 3997 2201 coſté,
4112 2052 4125 2201 &
4189 2052 4356 2201 avec
4420 2052 4510 2201 tel
4574 2052 4959 2201 avantage

645 2198 751 2340 qui
804 2198 883 2340 ne
950 2198 1281 2340 conſiſte
1373 2198 1558 2340 qu’en
1638 2198 2234 2340 imagination.
2406 2198 2459 2340 En
2551 2198 2869 2340 ſomme
2935 2198 3067 2340 que
3147 2198 3200 2340 ce
3266 2198 3650 2340 ſeroyent
3729 2198 3835 2340 des
3875 2198 4113 2340 belles
4193 2198 4497 2340 choſes,
4563 2198 4590 2340 ſi
4656 2198 4709 2340 on
4788 2198 4974 2340 pou-

637 2333 774 2480 voit
828 2333 1034 2480 avoir
1102 2333 1143 2480 la
1198 2333 1513 2480 bataille
1581 2333 1581 2480 à
1663 2333 1704 2480 ſa
1773 2333 2142 2480 fantaſie.
2279 2333 2457 2480 Voilà
2539 2333 2594 2480 ce
2663 2333 2868 2480 qu’on
2936 2333 3128 2480 nous
3210 2333 3593 2480 objeera
3662 2333 3812 2480 ſans
3867 2333 4086 2480 point
4182 2333 4237 2480 de
4305 2333 4552 2480 faute.
4716 2333 4825 2480 Car
4880 2333 4976 2480 les

618 2473 1048 2616 ignorants
1137 2473 1187 2616 ſe
1276 2473 1681 2616 prennent
1782 2473 2428 2616 ordinairement
2504 2473 2846 2616 pluſtoſt
2909 2473 3048 2616 aux
3124 2473 3795 2616 circonſtances,
3909 2473 4162 2616 qu’aux
4264 2473 4517 2616 choſes
4631 2473 4973 2616 meſmes.

672 2606 934 2758 Diſons
989 2606 1141 2758 leur
1224 2606 1416 2758 donc
1485 2606 1678 2758 pour
1747 2606 2160 2758 reſponſe,
2243 2606 2367 2758 que
2422 2606 2463 2758 ſi
2519 2606 2574 2758 on
2656 2606 2987 2758 pouvoit
3042 2606 3235 2758 avoir
3290 2606 3331 2758 la
3386 2606 3690 2758 bataille
3758 2606 3758 2758 à
3841 2606 3882 2758 ſa
3951 2606 4323 2758 fantaſie,
4406 2606 4544 2758 que
4613 2606 4668 2758 ce
4737 2606 4971 2758 ſeroit

617 2747 799 2898 aſſez
903 2747 955 2898 de
1046 2747 1202 2898 bien
1293 2747 1565 2898 porter
1617 2747 1669 2898 la
1734 2747 2033 2898 botte,
2163 2747 2163 2898 &
2228 2747 2396 2898 puis
2461 2747 2695 2898 encor
2786 2747 2968 2898 deux
3046 2747 3111 2898 ou
3189 2747 3370 2898 trois
3435 2747 3721 2898 petites
3786 2747 4085 2898 leçons,
4163 2747 4357 2898 qu’on
4448 2747 4682 2898 feroit
4747 2747 4968 2898 ſervir

619 2890 619 3034 à
715 2890 921 3034 touts
990 2890 1360 3034 propos,
1443 2890 1594 3034 ſans
1662 2890 1717 3034 ſe
1786 2890 2088 3034 ſoucier
2198 2890 2253 3034 du
2335 2890 2568 3034 reſte.
2774 2890 2898 3034 Mais
3008 2890 3351 3034 d’autant
3447 2890 3570 3034 que
3653 2890 3790 3034 cela
3859 2890 3941 3034 eſt
3996 2890 4531 3034 impoſsible,
4655 2890 4655 3034 &
4751 2890 4874 3034 que
4916 2890 4957 3034 la

634 3029 855 3172 vraye
946 3029 1309 3172 Pratique
1400 3029 1543 3172 doit
1621 3029 1802 3172 eſtre
1906 3029 2140 3172 munie
2231 3029 2503 3172 contre
2568 3029 2646 3172 un
2724 3029 2763 3172 ſi
2840 3029 3074 3172 grand
3126 3029 3463 3172 nombre
3554 3029 4229 3172 d’occurrences,
4281 3029 4320 3172 ſi
4385 3029 4761 3172 variables
4878 3029 4878 3172 &
4943 3029 4969 3172 ſi

626 3167 1125 3312 ſoudaines,
1219 3167 1381 3312 qu’il
1448 3167 1543 3312 eſt
1610 3167 1759 3312 ſans
1853 3167 2271 3312 contredit
2338 3167 2756 3312 neceſſaire
2837 3167 2972 3312 que
3053 3167 3525 3312 l’Eſcholier
3579 3167 3633 3312 en
3700 3167 3795 3312 ait
3862 3167 3916 3312 au
4010 3167 4388 3312 paravant
4455 3167 4752 3312 eſtudié
4819 3167 4968 3312 une

621 3307 908 3452 bonne
983 3307 1270 3452 partie;
1345 3307 1532 3452 nous
1582 3307 1906 3452 n’avons
1969 3307 2081 3452 pas
2143 3307 2356 3452 voulu
2480 3307 2855 3452 manquer
2905 3307 2905 3452 à
2967 3307 3054 3452 les
3154 3307 3416 3452 mettre
3466 3307 3578 3452 icy
3641 3307 3691 3452 en
3753 3307 3915 3452 leur
3978 3307 4240 3452 ordre;
4340 3307 4352 3452 &
4402 3307 4589 3452 ſelon
4664 3307 4702 3452 la
4776 3307 4964 3452 ſuite

650 3450 756 3592 des
796 3450 1060 3592 autres
1126 3450 1629 3592 operations,
1669 3450 1841 3592 avec
1894 3450 1986 3592 les
2053 3450 2330 3592 quelles
2410 3450 2569 3592 elles
2622 3450 2754 3592 ont
2807 3450 2966 3592 plus
3032 3450 3098 3592 de
3151 3450 3627 3592 ſimilitude.
3839 3450 3892 3592 Or
3958 3450 3984 3592 ſi
4050 3450 4209 3592 elles
4262 3450 4342 3592 ne
4408 3450 4791 3592 viennent
4858 3450 4977 3592 pas

643 3587 683 3731 en
764 3587 992 3731 uſage
1046 3587 1099 3731 en
1180 3587 1368 3731 ceſte
1462 3587 1730 3731 meſme
1784 3587 2012 3731 ſorte,
2052 3587 2092 3731 il
2132 3587 2213 3731 ne
2267 3587 2575 3731 s’enſuit
2642 3587 2763 3731 pas
2830 3587 3219 3731 pourtant
3313 3587 3608 3731 qu’elles
3662 3587 3783 3731 n’y
3850 3587 4239 3731 viennent
4293 3587 4601 3731 jamais?
4735 3587 4789 3731 Et
4856 3587 4977 3731 s’ils

656 3725 882 3868 diſent
975 3725 1095 3868 que
1188 3725 1334 3868 c’eſt
1387 3725 1507 3868 par
1573 3725 1906 3868 fortune
1972 3725 2026 3868 ou
2105 3725 2119 3868 à
2172 3725 2691 3868 l’improviſte
2771 3725 2970 3868 qu’on
3050 3725 3130 3868 s’y
3196 3725 3609 3868 retrouve,
3648 3725 3688 3868 je
3768 3725 3954 3868 diray
4048 3725 4207 3868 qu’il
4260 3725 4274 3868 y
4327 3725 4327 3868 a
4407 3725 4753 3868 d’autant
4806 3725 4965 3868 plus

651 3861 716 4005 de
769 3861 991 4005 raiſon
1083 3861 1148 4005 de
1200 3861 1501 4005 s’armer
1606 3861 1619 4005 &
1671 3861 2037 4005 preparer
2089 3861 2599 4005 alencontre,
2639 3861 2926 4005 pource
3031 3861 3188 4005 qu’il
3240 3861 3318 4005 ne
3384 3861 3554 4005 faut
3619 3861 3737 4005 pas
3789 3861 4155 4005 attendre
4247 3861 4508 4005 d’avoir
4561 3861 4600 4005 la
4652 3861 4966 4005 bataille

625 4001 625 4141 à
716 4001 755 4141 ſa
807 4001 1172 4141 fantaſie.
1303 4001 1368 4141 Et
1433 4001 1942 4141 cependant,
2033 4001 2163 4141 que
2228 4001 2320 4141 ces
2385 4001 2789 4141 occaſions
2854 4001 2933 4141 ne
2998 4001 3167 4141 ſont
3232 4001 3689 4141 nullement
3754 4001 3793 4141 ſi
3871 4001 4262 4141 eſtranges
4328 4001 4419 4141 ny
4484 4001 4680 4141 rares
4771 4001 4980 4141 com-

664 4137 743 4286 me
795 4137 861 4286 ils
914 4137 1296 4286 penſent;
1375 4137 1467 4286 car
1533 4137 1691 4286 elles
1743 4137 1914 4286 ſont
1980 4137 2125 4286 fort
2191 4137 2638 4286 ordinaires,
2744 4137 2744 4286 &
2836 4137 3152 4286 meſmes
3218 4137 3244 4286 il
3297 4137 3376 4286 ne
3441 4137 3560 4286 s’en
3652 4137 4007 4286 preſente
4100 4137 4284 4286 quaſi
4350 4137 4600 4286 nulles
4679 4137 4968 4286 autres,

656 4274 906 4423 quand
972 4274 1025 4423 ce
1104 4274 1302 4423 vient
1368 4274 1381 4423 à
1447 4274 1619 4423 faire
1711 4274 1817 4423 des
1883 4274 2278 4423 paſſades.
2463 4274 2568 4423 Car
2621 4274 2819 4423 alors
2885 4274 2951 4423 on
3017 4274 3070 4423 ſe
3149 4274 3518 4423 retrouve
3584 4274 3993 4423 touſiours
4046 4274 4059 4423 à
4138 4274 4389 4423 coſté,
4455 4274 4600 4423 fort
4679 4274 4837 4423 pres
4916 4274 4982 4423 de

628 4415 1203 4555 l’Adverſaire,
1310 4415 1323 4555 &
1390 4415 1444 4555 en
1524 4415 1631 4555 ces
1711 4415 2019 4555 meſmes
2099 4415 2152 4555 ou
2233 4415 2714 4555 ſemblables
2767 4415 3195 4555 ſituations
3262 4415 3369 4555 qui
3409 4415 3583 4555 ſont
3623 4415 3743 4555 icy
3797 4415 4371 4555 repreſentées.
4478 4415 4532 4555 De
4585 4415 4773 4555 ſorte
4853 4415 4973 4555 que

632 4554 764 4704 s’ils
818 4554 897 4704 ne
963 4554 1574 4704 comprennent
1640 4554 1746 4704 pas
1799 4554 2104 4704 l’utilité
2184 4554 2237 4704 de
2290 4554 2422 4704 nos
2489 4554 2913 4704 preceptes
2980 4554 3271 4704 pource
3364 4554 3563 4704 qu’ils
3616 4554 3789 4704 ſont
3855 4554 4200 4704 agencez
4293 4554 4346 4704 de
4425 4554 4797 4704 quelques
4863 4554 4982 4704 au-

636 4691 783 4838 tres
850 4691 1250 4838 couleurs,
1330 4691 1450 4838 que
1516 4691 1583 4838 de
1650 4691 1863 4838 celles
1916 4691 2037 4838 qui
2077 4691 2237 4838 leur
2303 4691 2717 4838 ſemblent
2783 4691 3277 4838 ordinaires,
3370 4691 3570 4838 qu’ils
3637 4691 3744 4838 s’en
3837 4691 4304 4838 attribuent
4357 4691 4397 4838 la
4477 4691 4690 4838 faute
4757 4691 4771 4838 à
4851 4691 4971 4838 eux

675 4831 1024 4979 meſmes,
1078 4831 1239 4979 ſans
1279 4831 1723 4979 reprendre
1790 4831 1844 4979 ce
1911 4831 2112 4979 qu’ils
2153 4831 2368 4979 n’ont
2421 4831 2542 4979 pas
2596 4831 3039 4979 comprins.
3187 4831 3281 4979 Car
3362 4831 3590 4979 quant
3644 4831 3778 4979 aux
3818 4831 4114 4979 figures
4181 4831 4288 4979 qui
4342 4831 4409 4979 ne
4463 4831 4638 4979 font
4718 4831 4826 4979 pas
4893 4831 4973 4979 aſ-

637 4969 742 5110 ſez
808 4969 874 5110 de
965 4969 1372 5110 mauvaiſes
1464 4969 1714 5110 mines,
1766 4969 2095 5110 comme
2134 4969 2173 5110 il
2213 4969 2370 5110 leur
2423 4969 2751 5110 ſemble,
2817 4969 2869 5110 ce
2922 4969 3158 5110 ſeroit
3211 4969 3382 5110 folie
3473 4969 3539 5110 de
3592 4969 3749 5110 leur
3802 4969 4196 5110 attribuer
4274 4969 4432 5110 plus
4511 4969 4576 5110 de
4681 4969 4983 5110 mouve-

673 5108 907 5259 ments
998 5108 1115 5259 que
1167 5108 1258 5259 les
1310 5108 1777 5259 operations
1829 5108 1907 5259 ne
1959 5108 2466 5259 requierent.
2595 5108 2647 5259 Et
2712 5108 3076 5259 combien
3167 5108 3362 5259 qu’on
3440 5108 3479 5259 le
3543 5108 3855 5259 vouluſt
3907 5108 4089 5259 ainſi
4141 5108 4388 5259 faire,
4453 5108 4894 5259 toutesfois
4946 5108 4972 5259 il

642 5249 754 5399 n’y
810 5249 1075 5399 auroit
1131 5249 1354 5399 point
1438 5249 1494 5399 de
1536 5249 1773 5399 raiſon
1871 5249 1927 5399 de
1983 5249 2262 5399 choiſir
2332 5249 2667 5399 pluſtoſt
2709 5249 2905 5399 l’une
2960 5249 3282 5399 poſture
3351 5249 3491 5399 que
3533 5249 3826 5399 l’autre.
3952 5249 4008 5399 De
4119 5249 4441 5399 maniere
4524 5249 4650 5399 que
4706 5249 4776 5399 c’a
4846 5249 4971 5399 eſté

640 5384 681 5541 le
748 5384 911 5541 plus
951 5384 1100 5541 ſeur
1181 5384 1235 5541 de
1330 5384 1587 5541 mettre
1641 5384 1722 5541 les
1776 5384 2222 5541 perſonnes
2290 5384 2344 5541 en
2411 5384 2736 5541 poſture
2803 5384 2871 5541 de
2911 5384 2952 5541 la
3033 5384 3263 5541 droite
3317 5384 3520 5541 ligne
3588 5384 3696 5541 qui
3763 5384 3844 5541 eſt
3885 5384 3926 5541 la
3993 5384 4155 5541 plus
4223 5384 4602 5541 naturelle
4683 5384 4737 5541 de
4818 5384 4980 5541 tou-

643 5521 783 5672 tes,
881 5521 881 5672 &
952 5521 1008 5672 de
1064 5521 1401 5672 laquelle
1471 5521 1527 5672 on
1597 5521 1653 5672 ſe
1738 5521 1878 5672 doit
1948 5521 2355 5672 touſiours
2426 5521 2875 5672 approcher
2945 5521 2987 5672 le
3057 5521 3226 5672 plus
3296 5521 3464 5672 qu’il
3535 5521 3619 5672 eſt
3689 5521 4054 5672 poſſible.
4166 5521 4363 5672 Auſſi
4433 5521 4602 5672 ſont
4658 5521 4728 5672 ils
4798 5521 4967 5672 con-

641 5665 935 5812 traints
1002 5665 1055 5812 de
1122 5665 1536 5812 confeſſer,
1630 5665 1884 5812 malgré
1964 5665 2151 5812 qu’ils
2218 5665 2258 5812 en
2338 5665 2605 5812 ayent,
2685 5665 2819 5812 que
2885 5665 3086 5812 celuy
3193 5665 3300 5812 qui
3340 5665 3553 5812 ſaura
3620 5665 4034 5812 pratiquer
4114 5665 4208 5812 ces
4288 5665 4742 5812 operations
4809 5665 4969 5812 avec

643 5797 819 5954 tant
900 5797 968 5954 de
1022 5797 1360 5954 facilité,
1427 5797 1549 5954 que
1603 5797 1738 5954 nos
1792 5797 2076 5954 figures
2144 5797 2752 5954 demonſtrent,
2806 5797 2982 5954 auſſi
3049 5797 3104 5954 en
3185 5797 3320 5954 fera
3374 5797 3401 5954 il
3455 5797 3509 5954 le
3604 5797 3874 5954 meſme
3928 5797 3982 5954 en
4077 5797 4401 5954 quelque
4483 5797 4685 5954 autre
4753 5797 4983 5954 ſitua-

646 5933 797 6097 tion
893 5933 1044 6097 qu’il
1099 5933 1140 6097 ſe
1195 5933 1607 6097 retrouve,
1690 5933 2198 6097 moyennant
2266 5933 2513 6097 qu’elle
2568 5933 2705 6097 ſoit
2774 5933 3090 6097 propre.
3255 5933 3323 6097 La
3392 5933 3735 6097 ſeconde
3804 5933 4078 6097 raiſon,
4147 5933 4257 6097 qui
4312 5933 4394 6097 eſt
4449 5933 4628 6097 auſſi
4669 5933 4710 6097 la
4779 5933 4984 6097 prin-

662 6072 934 6239 cipale,
1002 6072 1165 6239 c’eſt
1233 6072 1355 6239 que
1410 6072 1777 6239 l’examen
1872 6072 1981 6239 des
2035 6072 2456 6239 preceptes
2538 6072 2687 6239 doit
2755 6072 2932 6239 eſtre
3041 6072 3408 6239 modeſte,
3462 6072 3789 6239 encores
3870 6072 3992 6239 que
4060 6072 4346 6239 l’uſage
4414 6072 4468 6239 en
4536 6072 4686 6239 fuſt
4727 6072 4985 6239 autre.

693 6212 1028 6375 Comme
1093 6212 1131 6375 il
1183 6212 1234 6375 ſe
1312 6212 1672 6375 pratique
1750 6212 1801 6375 en
1879 6212 2149 6375 toutes
2201 6212 2291 6375 les
2381 6212 2780 6375 Sciences,
2870 6212 3128 6375 meſme
3192 6212 3244 6375 en
3334 6212 3540 6375 celles
3605 6212 3721 6375 qui
3759 6212 3836 6375 ne
3888 6212 4300 6375 ſemblent
4339 6212 4545 6375 avoir
4596 6212 4803 6375 nulle
4867 6212 4970 6375 ac-

661 6351 1130 6511 coinſtance
1198 6351 1254 6511 du
1405 6351 1653 6511 Monde
1708 6351 1777 6511 au
1860 6351 2080 6511 repos
2177 6351 2273 6511 des
2411 6351 2645 6511 Muſes.
2824 6351 3058 6511 Voyez
3127 6351 3169 6511 le
3251 6351 3375 6511 fait
3458 6351 3513 6511 de
3582 6351 3623 6511 la
3706 6351 3968 6511 guerre
4050 6351 4050 6511 ,
4147 6351 4271 6511 Les
4326 6351 4698 6511 aions,
4780 6351 4987 6511 com-

641 6486 799 6639 bien
878 6486 931 6639 en
1010 6486 1181 6639 ſont
1260 6486 1417 6639 elles
1483 6486 1865 6639 horribles
1970 6486 1983 6639 &
2049 6486 2694 6639 tumultueuſes,
2799 6486 2799 6639 &
2865 6486 3312 6639 cependant
3365 6486 3457 6639 les
3496 6486 4036 6639 inſtruions
4115 6486 4470 6639 combien
4549 6486 4970 6639 paiſibles?

674 6632 856 6786 L’art
954 6632 1010 6786 de
1079 6632 1331 6786 ſauter
1457 6632 1708 6786 danſer
1848 6632 1862 6786 &
1932 6632 1973 6786 la
2127 6632 2434 6786 Muſique
2602 6632 2854 6786 Vocale
2993 6632 2993 6786 &
3049 6632 3762 6786 inſtrumentalle,
3831 6632 3901 6786 ne
3985 6632 4460 6786 requierent
4516 6632 4586 6786 ils
4656 6632 4767 6786 pas
4837 6632 4977 6786 une

4600 6769 4630 6910 ſi
4706 6769 4980 6910 grande

787 285 835 412 Or
920 285 1029 412 ces
1090 285 1635 412 precedentes
1732 285 2278 412 operations,
2387 285 2726 412 qu’ALE-

628 416 974 534 XANDRE
1077 416 1273 534 vient
1377 416 1446 534 de
1538 416 1942 534 pratiquer
2023 416 2288 534 toutes
2391 416 2437 534 en
2530 416 2714 534 ſuite

593 541 878 662 juſqu’à
953 541 1510 662 l’execution,
1572 541 1597 662 il
1646 541 1807 662 faut
1894 541 2204 662 qu’elles
2290 541 2724 662 s’entreſui-

612 669 782 790 vent
855 669 891 790 ſi
976 669 1146 790 viſte
1292 669 1292 790 &
1353 669 1389 790 ſi
1462 669 2275 790 continuellement,
2372 669 2566 790 qu’on
2651 669 2724 790 ne
