5520 7640
664 354 693 535 ſi
778 354 1065 535 grande
1136 354 1723 535 promptitude
1837 354 1851 535 &
1923 354 2209 535 viſteſſe
2266 354 2309 535 en
2409 354 2452 535 la
2524 354 2939 535 pratique,
3010 354 3139 535 que
3210 354 3268 535 ce
3339 354 3568 535 ſeroit
3640 354 3797 535 une
3854 354 4026 535 folie
4083 354 4441 535 extreme
4541 354 4598 535 de
4655 354 4698 535 la
4755 354 5070 535 vouloir

665 500 935 669 imiter
1005 500 1062 669 au
1161 500 1926 669 commencement
2025 500 2082 669 de
2153 500 2861 669 l’apprentiſſage?
3003 500 3074 669 Le
3145 500 3598 669 ſemblable
3669 500 3725 669 en
3825 500 3910 669 eſt
3980 500 4009 669 il
4080 500 4278 669 auſsi
4363 500 4462 669 des
4533 500 4788 669 autres
4873 500 5071 669 diſci-

657 646 937 813 plines.
1119 646 1580 813 L’habitude
1650 646 1720 813 ne
1776 646 1832 813 ſe
1887 646 2069 813 peut
2139 646 2502 813 acquerir
2572 646 2726 813 ſans
2782 646 2922 813 une
2992 646 3229 813 ſolide
3313 646 3886 813 cognoiſſance
3984 646 4082 813 des
4166 646 4683 813 preceptes,
4809 646 4921 813 qui
4977 646 5061 813 ne

658 782 846 952 peut
927 782 1102 952 eſtre
1169 782 1330 952 ſans
1397 782 1760 952 examen,
1827 782 1921 952 ny
1962 782 2338 952 l’examen
2405 782 2567 952 ſans
2634 782 3037 952 patience,
3091 782 3185 952 ny
3225 782 3266 952 la
3333 782 3723 952 patience
3777 782 3938 952 ſans
4005 782 4314 952 temps,
4381 782 4543 952 ſans
4610 782 5067 952 induſtrie,

659 927 813 1089 ſans
910 927 1315 1089 modeſtie.
1510 927 1566 1089 Et
1649 927 1803 1089 c’eſt
1887 927 1928 1089 ce
2026 927 2152 1089 que
2221 927 2417 1089 nous
2500 927 2570 1089 ne
2640 927 3016 1089 pouvons
3086 927 3323 1089 laiſſer
3421 927 3476 1089 de
3546 927 3895 1089 blaſmer
3979 927 4536 1089 grandement
4620 927 4662 1089 en
4760 927 5066 1089 l’Exer-

674 1072 824 1222 cice
879 1072 1247 1222 vulgaire,
1315 1072 1438 1222 qui
1492 1072 1574 1222 eſt
1629 1072 1983 1222 façonné
2065 1072 2120 1222 de
2174 1072 2351 1222 telle
2392 1072 2651 1222 ſorte,
2720 1072 2924 1222 qu’on
3020 1072 3101 1222 s’y
3170 1072 3510 1222 adonne
3579 1072 3756 1222 tout
3824 1072 4369 1222 incontinent
4438 1072 4438 1222 à
4519 1072 4560 1222 la
4642 1072 5065 1222 pratique,

655 1213 814 1355 ſans
853 1213 1065 1355 nulle
1131 1213 1714 1355 conſideration
1806 1213 2270 1355 ulterieure,
2323 1213 2521 1355 ſinon
2640 1213 2693 1355 de
2759 1213 3421 1355 s’accouſtumer
3474 1213 3487 1355 à
3540 1213 3937 1355 travailler
4017 1213 4162 1355 fort
4228 1213 4427 1355 viſte,
4480 1213 4533 1355 en
4639 1213 5049 1355 eſperance

672 1352 723 1500 de
799 1352 1284 1500 rencontrer
1348 1352 1884 1500 aucunesfois
1922 1352 2011 1500 les
2088 1352 2496 1500 occaſions
2547 1352 3032 1500 favorables,
3083 1352 3402 1500 comme
3478 1352 3555 1500 s’il
3606 1352 3720 1500 n’y
3784 1352 3988 1500 avoit
4065 1352 4192 1500 rien
4282 1352 4294 1500 à
4384 1352 4843 1500 conſiderer
4945 1352 5060 1500 d’a-

646 1496 1018 1641 vantage,
1108 1496 1313 1641 apres
1403 1496 1595 1641 qu’on
1685 1496 1698 1641 a
1775 1496 1890 1641 veu
2006 1496 2377 1641 monſtrer
2454 1496 2595 1641 une
2659 1496 2877 1641 leçon
2980 1496 3159 1641 deux
3236 1496 3288 1641 ou
3365 1496 3557 1641 trois
3621 1496 3826 1641 fois,
3903 1496 4236 1641 comme
4288 1496 4378 1641 s’il
4442 1496 4660 1641 faloit
4724 1496 5044 1641 empor-

649 1639 744 1786 ter
799 1639 991 1786 l’Art
1073 1639 1182 1786 par
1237 1639 1634 1786 violence.
1853 1639 1908 1786 Et
1990 1639 2045 1786 de
2099 1639 2223 1786 fait
2264 1639 2332 1786 ils
2387 1639 2729 1786 arrivent
2784 1639 3126 1786 pluſtoſt
3181 1639 3181 1786 à
3236 1639 3400 1786 leur
3455 1639 3865 1786 pratique,
3920 1639 4043 1786 que
4112 1639 4303 1786 nous
4358 1639 4358 1786 à
4413 1639 4454 1786 la
4522 1639 4823 1786 noſtre,
4892 1639 5056 1786 mais

656 1779 811 1925 c’eſt
862 1779 1043 1925 avec
1133 1779 1365 1925 moins
1443 1779 1494 1925 de
1572 1779 2114 1925 fondement.
2281 1779 2475 1925 Auſſi
2539 1779 2810 1925 noſtre
2888 1779 3481 1925 conſideration
3559 1779 3597 1925 ſi
3649 1779 3907 1925 exae
3984 1779 4062 1925 ne
4139 1779 4320 1925 peut
4384 1779 4797 1925 compatir
4862 1779 5042 1925 avec

648 1920 798 2067 une
867 1920 1264 2067 haſtiveté
1332 1920 1359 2067 ſi
1428 1920 1907 2067 precipitée.
2085 1920 2140 2067 Et
2208 1920 2400 2067 pour
2482 1920 2605 2067 dire
2687 1920 2742 2067 en
2824 1920 2892 2067 un
3002 1920 3139 2067 mot
3221 1920 3276 2067 ce
3371 1920 3481 2067 qui
3536 1920 3905 2067 importe
3974 1920 4152 2067 plus
4234 1920 4371 2067 que
4439 1920 4617 2067 tout
4685 1920 4740 2067 le
4809 1920 5055 2067 reſte,

656 2059 972 2203 comme
1055 2059 1192 2203 nos
1247 2059 1550 2203 figures
1605 2059 1660 2203 ſe
1756 2059 2278 2203 demonſtent
2361 2059 2718 2203 paiſibles
2828 2059 2842 2203 &
2938 2059 3364 2203 modeſtes,
3419 2059 3598 2203 auſſi
3653 2059 3887 2203 l’effet
3969 2059 4024 2203 de
4079 2059 4341 2203 noſtre
4437 2059 4547 2203 Art
4616 2059 4698 2203 eſt
4780 2059 4835 2203 de
4890 2059 5055 2203 ren-

667 2197 763 2348 dre
818 2197 1037 2348 telles
1092 2197 1188 2348 les
1243 2197 1682 2348 perſonnes
1778 2197 1888 2348 qui
1956 2197 2039 2348 s’y
2107 2197 2588 2348 adonnent,
2629 2197 2697 2348 au
2752 2197 2890 2348 lieu
2986 2197 3123 2348 que
3178 2197 3631 2348 l’Exercice
3713 2197 4056 2348 vulgaire
4125 2197 4221 2348 les
4289 2197 4481 2348 rend
4536 2197 4701 2348 plus
4783 2197 5058 2348 farou-

646 2340 813 2481 ches
890 2340 1006 2481 par
1070 2340 1839 2481 l’accouſtumance
1929 2340 1993 2481 du
2096 2340 2519 2481 contraire.
