5520 7640
2885 5239 3508 5358 proportionné,
3557 5239 3924 5358 preſente
3960 5239 4266 5358 l’eſpee,
4327 5239 4449 5358 d’un
4535 5239 4694 5358 bras
4755 5239 4987 5358 eſten-

2900 5362 3008 5485 du,
3092 5362 3128 5485 en
3224 5362 3452 5485 droite
3524 5362 3764 5485 ligne,
3836 5362 4016 5485 pour
4076 5362 4161 5485 att
4209 5362 4437 5485 endre
4509 5362 4629 5485 que
4677 5362 4977 5485 l’Enne-

2907 5488 2991 5608 my
3063 5488 3449 5608 travaille.
3569 5488 3677 5608 Sur
3762 5488 3954 5608 quoy
4063 5488 4604 5608 ALEXANDRE
4665 5488 4990 5608 l’appro-

2896 5609 3016 5729 che
3100 5609 3160 5729 de
3245 5609 3425 5729 deux
3509 5609 3569 5729 ou
3654 5609 3834 5729 trois
3882 5609 4039 5729 pas,
4087 5609 4267 5729 ſelon
4351 5609 4387 5729 la
4484 5609 4796 5729 diſtance
4869 5609 4977 5729 qui

2894 5733 2975 5854 eſt
3044 5733 3241 5854 entre
3333 5733 3576 5854 deux,
3669 5733 3796 5854 met
3854 5733 3912 5854 le
3981 5733 4155 5854 pied
4236 5733 4421 5854 droit
4502 5733 4548 5854 en
4641 5733 4837 5854 terre
4907 5733 4953 5854 au

2946 5858 3415 5977 Quadrangle
3506 5858 3911 5977 oppoſite,
3989 5858 4041 5977 le
4119 5858 4315 5977 bout
4393 5858 4706 5977 d’iceluy
4771 5858 4875 5977 ſur
4928 5858 4980 5977 la

2920 5984 3522 6099 Circonference
3581 5984 3817 6099 lettre
3912 5984 3971 6099 C,
4018 5984 4301 6099 jettant
4349 5984 4408 6099 au
4502 5984 4762 6099 meſme
4821 5984 4986 6099 tẽps

2879 6106 3136 6223 l’eſpee
3222 6106 3283 6223 de
3357 6106 3602 6223 haut,
3675 6106 3994 6223 aſſavoir
4080 6106 4141 6223 de
4202 6106 4472 6223 l’angle
4546 6106 4827 6223 obtus,
4913 6106 4962 6223 en

2885 6223 3188 6352 pareille
3264 6223 3503 6352 droite
3554 6223 3781 6352 ligne,
3857 6223 4211 6352 parallele
4286 6223 4337 6352 au
4425 6223 4728 6352 deſſous
4817 6223 4867 6352 de
4931 6223 4981 6352 la

2883 6349 3299 6468 contraire,
3370 6349 3549 6468 avec
3608 6349 3656 6468 le
3703 6349 3870 6468 pied
3929 6349 4227 6468 gauche
4274 6349 4512 6468 trainé
4559 6349 4571 6468 à
4631 6349 4678 6468 la
4762 6349 4976 6468 ſuite,

2885 6473 3002 6599 qui
3061 6473 3143 6599 eſt
3202 6473 3507 6599 comme
3577 6473 3694 6599 tiré
3765 6473 3800 6599 en
3882 6473 4128 6599 avant,
4175 6473 4187 6599 à
4234 6473 4633 6599 l’occaſion
4727 6473 4774 6599 du
4844 6473 4985 6599 jet-

2876 6599 3179 6717 tement
3264 6599 3324 6717 de
3397 6599 3663 6717 l’eſpee
3736 6599 3845 6717 par
3906 6599 4015 6717 les
4075 6599 4281 6717 nerfs
4402 6599 4414 6717 &
4511 6599 4814 6717 muſcles
4911 6599 4959 6717 du

2889 6722 3145 6850 corps,
3247 6722 3350 6850 ſur
3401 6722 3452 6850 la
3516 6722 3708 6850 ligne
3810 6722 4066 6850 Pedale
4143 6722 4411 6850 devant
4475 6722 4526 6850 la
4590 6722 4808 6850 lettre
4910 6722 4987 6850 A,

4685 6881 4980 6943 comme

1635 1714 1836 1945 Oicy
1963 1714 2127 1945 que
2236 1714 2491 1945 nous
2582 1714 2855 1945 irons
2927 1714 3255 1945 parler
3364 1714 4146 1945 doresenavant
4274 1714 4401 1945 des
4510 1714 4820 1945 coups
4911 1714 4984 1945 de

1546 1918 1918 2072 Premiere
1998 1918 2462 2072 Intention,
2542 1918 2662 2072 qui
2715 1918 2887 2072 ſont
2954 1918 3113 2072 plus
3166 1918 3471 2072 furieux
3524 1918 3578 2072 en
3671 1918 4162 2072 apparence,
4228 1918 4348 2072 que
4414 1918 4507 2072 les
4573 1918 4865 2072 autres,
4985 1918 4998 2072 &

1515 2067 2101 2215 s’approchent
2178 2067 2229 2215 de
2292 2067 2445 2215 plus
2509 2067 2675 2215 pres
2726 2067 2726 2215 à
2789 2067 2840 2215 la
2942 2067 3261 2215 maniere
3312 2067 3707 2215 ancienne
3783 2067 4140 2215 deporter
4191 2067 4229 2215 la
4305 2067 4586 2215 botte:
4649 2067 4777 2215 non
4866 2067 4981 2215 pas

1529 2204 1737 2351 qu’ils
1789 2204 2075 2351 ſoyent
2140 2204 2439 2351 fondez
2491 2204 2595 2351 ſur
2646 2204 2906 2351 autres
2958 2204 3348 2351 axiomes,
3426 2204 3582 2351 mais
3647 2204 3777 2351 que
3829 2204 3919 2351 les
3984 2204 4244 2351 temps
4309 2204 4361 2351 en
4452 2204 4621 2351 ſont
4673 2204 4829 2351 plus
4907 2204 4985 2351 vi-

1522 2344 1687 2489 ſtes,
1812 2344 1812 2489 &
1881 2344 2088 2489 qu’ils
2129 2344 2171 2489 ſe
2226 2344 2709 2489 pratiquent
2765 2344 2820 2489 en
2917 2344 3013 2489 des
3069 2344 3220 2489 plus
3290 2344 3621 2489 grandes
3745 2344 4063 2489 Meſures.
4187 2344 4243 2489 De
4339 2344 4643 2489 maniere
4726 2344 4850 2489 que
4906 2344 4988 2489 les

1528 2483 1912 2628 vulgaires
1951 2483 2079 2628 s’en
2156 2483 2578 2628 tiendront
2629 2483 2822 2628 pour
2937 2483 3167 2628 mieux
3218 2483 3615 2628 ſatisfaits,
3667 2483 3705 2628 ſi
3769 2483 3807 2628 je
3884 2483 3961 2628 ne
4064 2483 4140 2628 me
4217 2483 4589 2628 trompe,
4678 2483 4793 2628 que
4896 2483 4985 2628 des

649 2621 1114 2767 operations
1166 2621 1747 2767 precedentes;
1824 2621 1941 2767 qui
2005 2621 2367 2767 eſtoyent
2432 2621 2587 2767 plus
2651 2621 3026 2767 tardives,
3077 2621 3374 2767 pource
3452 2621 3749 2767 qu’elles
3801 2621 4382 2767 travailloyent
4447 2621 4614 2767 avec
4692 2621 4847 2767 plus
4937 2621 4989 2767 de

641 2758 971 2905 reſerve.
1086 2758 1287 2905 Auſſi
1359 2758 1430 2905 ne
1488 2758 1646 2905 faut
1689 2758 1732 2905 il
1775 2758 1890 2905 pas
1961 2758 2277 2905 douter,
2363 2758 2550 2905 qu’ils
2607 2758 2679 2905 ne
2751 2758 3210 2905 choiſiſſent
3253 2758 3597 2905 pluſtoſt
3669 2758 3884 2905 celles
3942 2758 4042 2905 cy,
4114 2758 4229 2905 que
4315 2758 4530 2905 celles
4573 2758 4645 2905 là,
4688 2758 4774 2905 s’il
4831 2758 4989 2905 leur

647 2899 843 3043 vient
921 2899 974 3043 en
1052 2899 1091 3043 la
1170 2899 1535 3043 fantaſie,
1601 2899 1666 3043 de
1745 2899 2045 3043 vouloir
2150 2899 2385 3043 meſler
2450 2899 2529 3043 un
2607 2899 2725 3043 peu
2829 2899 2881 3043 de
2934 2899 3064 3043 nos
3130 2899 3548 3043 preceptes
3600 2899 3874 3043 parmy
3914 2899 4123 3043 leurs
4188 2899 4515 3043 propres
4554 2899 4828 3043 leçons
4907 2899 4972 3043 ou

634 3039 1139 3182 inventions.
1266 3039 1329 3182 En
1417 3039 1620 3182 quoy
1670 3039 1746 3182 ils
1797 3039 1872 3182 ne
1936 3039 2441 3182 s’abuſeront
2504 3039 2618 3182 pas
2681 3039 2972 3182 gueres,
3048 3039 3427 3182 d’eſtimer
3490 3039 3592 3182 ces
3667 3039 4047 3182 dernieres
4110 3039 4565 3182 operations
4628 3039 4792 3182 plus
4856 3039 4982 3182 no-

634 3178 832 3320 bles;
938 3178 1124 3320 mais,
1177 3178 1362 3320 peut
1442 3178 1654 3320 eſtre,
1720 3178 1773 3320 en
1879 3178 1932 3320 ce
2011 3178 2210 3320 qu’ils
2263 3178 2673 3320 voudront
2740 3178 3110 3320 pervertir
3163 3178 3468 3320 l’ordre,
3534 3178 4051 3320 d’apprendre
4144 3178 4448 3320 devant,
4514 3178 4567 3320 ce
4660 3178 4766 3320 qui
4846 3178 4991 3320 doit

631 3313 803 3455 aller
856 3313 1557 3455 neceſſairement
1650 3313 1994 3455 derriere.
2140 3313 2246 3455 Car
2312 3313 2497 3455 ceſte
2577 3313 2921 3455 derniere
2974 3313 3424 3455 aſſeurance
3477 3313 3556 3455 ne
3623 3313 3808 3455 peut
3874 3313 4232 3455 conſiſter
4298 3313 4457 3455 ſans
4510 3313 4682 3455 eſtre
4748 3313 4986 3455 baſtie

633 3453 738 3597 ſur
790 3453 842 3597 le
895 3453 1405 3597 fondement
1484 3453 1536 3597 de
1615 3453 1720 3597 ces
1785 3453 2047 3597 autres
2099 3453 2571 3597 operations
2623 3453 3134 3597 preallables;
3199 3453 3396 3597 voire
3461 3453 3736 3597 autant
3802 3453 3932 3597 que
3972 3453 4063 3597 les
4142 3453 4404 3597 temps
4443 3453 4613 3597 ſont
4666 3453 4770 3597 icy
4823 3453 4993 3597 plus

640 3590 880 3737 viſtes,
947 3590 1040 3737 les
1147 3590 1454 3737 meſures
1534 3590 1694 3737 plus
1748 3590 2028 3737 larges,
2148 3590 2162 3737 &
2215 3590 2309 3737 les
2389 3590 2950 3737 mouvements
3016 3590 3176 3737 plus
3243 3590 3537 3737 grands,
3604 3590 3884 3737 autant
3951 3590 4111 3737 faut
4165 3590 4205 3737 il
4271 3590 4325 3737 en
4418 3590 4992 3737 recompenſe,

645 3729 785 3875 que
840 3729 896 3875 le
966 3729 1440 3875 Sentiment
1523 3729 1579 3875 du
1677 3729 1886 3875 Poids
1956 3729 2081 3875 ſoit
2137 3729 2304 3875 plus
2360 3729 2653 3875 habile,
2709 3729 2904 3875 pour
2973 3729 3280 3875 gaigner
3336 3729 3810 3875 l’approche
3880 3729 4061 3875 avec
4103 3729 4159 3875 le
4214 3729 4409 3875 coup
4507 3729 4800 3875 meſme.
4925 3729 4995 3875 Et

628 3867 1070 4018 pourtant,
1122 3867 1252 4018 s’ils
1304 3867 1616 4018 veulent
1681 3867 2136 4018 apprendre
2214 3867 2422 4018 celles
2513 3867 2604 4018 cy,
2695 3867 2903 4018 qu’ils
2955 3867 3475 4018 apprennent
3527 3867 3618 4018 les
3670 3867 3930 4018 autres
4008 3867 4307 4018 devant.
4398 3867 4489 4018 car
4554 3867 4632 4018 s’il
4684 3867 4840 4018 leur
4892 3867 4983 4018 eſt

634 4001 1105 4158 impoſſible
1176 4001 1233 4158 de
1304 4001 1475 4158 faire
1561 4001 1704 4158 une
1789 4001 2003 4158 choſe
2060 4001 2260 4158 ſeule
2359 4001 2374 4158 &
2416 4001 2416 4158 à
2488 4001 2673 4158 part,
2716 4001 3044 4158 aſſavoir
3129 4001 3571 4158 d’aſſujettir
3614 4001 3928 4158 l’eſpee,
3970 4001 4127 4158 ſans
4213 4001 4498 4158 donner
4569 4001 4997 4158 l’atteinte,

631 4142 631 4298 à
700 4142 865 4298 plus
907 4142 1114 4298 forte
1169 4142 1390 4298 raiſon
1473 4142 1625 4298 leur
1680 4142 1818 4298 ſera
1887 4142 1915 4298 il
2012 4142 2343 4298 difficile,
2426 4142 2481 4298 de
2536 4142 2702 4298 faire
2771 4142 2978 4298 touts
3020 4142 3116 4298 les
3185 4142 3365 4298 deux
3434 4142 3876 4298 enſemble.
4083 4142 4166 4298 Au
4235 4142 4456 4298 reſte,
4497 4142 4787 4298 pource
4870 4142 4995 4298 que

628 4282 680 4425 le
732 4282 901 4425 nom
1005 4282 1057 4425 de
1148 4282 1524 4425 Premiere
1576 4282 1991 4425 Intention
2082 4282 2472 4425 ſemblera
2536 4282 3146 4425 paradventure
3211 4282 3588 4425 eſtrange,
3640 4282 3640 4425 à
3718 4282 3782 4425 un
3873 4282 3990 4425 qui
4042 4282 4120 4425 ne
4185 4282 4406 4425 l’aura
4457 4282 4574 4425 pas
4639 4282 4990 4425 conſide-

629 4422 681 4577 ré
772 4422 837 4577 de
889 4422 1084 4577 pres,
1149 4422 1188 4577 il
1253 4422 1408 4577 faut
1486 4422 1616 4577 que
1668 4422 1720 4577 je
1785 4422 1876 4577 die
1953 4422 2005 4577 en
2083 4422 2148 4577 un
2265 4422 2434 4577 mot,
2499 4422 2629 4577 que
2680 4422 2719 4577 la
2810 4422 3174 4577 Premiere
3239 4422 3641 4577 Intention
3732 4422 3823 4577 eſt
3888 4422 4082 4577 celle,
4147 4422 4264 4577 qui
4329 4422 4381 4577 va
4485 4422 4744 4577 devant
4809 4422 4978 4577 tou-

631 4558 737 4707 tes
776 4558 869 4707 les
934 4558 1224 4707 autres;
1343 4558 1356 4707 &
1409 4558 1514 4707 par
1580 4558 2094 4707 conſequent
2160 4558 2357 4707 nous
2437 4558 2858 4707 qualifions
2898 4558 2950 4707 le
3029 4558 3214 4707 coup
3306 4558 3372 4707 de
3451 4558 3820 4707 Premiere
3873 4558 4334 4707 Intention,
4413 4558 4624 4707 celuy
4716 4558 4821 4707 qui
4887 4558 4980 4707 eſt

634 4691 860 4855 porté
916 4691 1015 4855 ſur
1071 4691 1523 4855 l’Ennemy
1621 4691 1720 4855 dés
1776 4691 1819 4855 la
1918 4691 2284 4855 Premiere
2341 4691 2750 4855 Inſtance,
2792 4691 2947 4855 ſans
3018 4691 3314 4855 taſcher
3384 4691 4061 4855 preallablement
4146 4691 4583 4855 d’aſſujettir
4654 4691 4696 4855 ſa
4752 4691 4992 4855 lame.

664 4831 731 4978 En
811 4831 877 4978 fin
944 4831 997 4978 le
1091 4831 1224 4978 mot
1291 4831 1477 4978 nous
1531 4831 1824 4978 ſemble
1891 4831 2077 4978 eſtre
2131 4831 2277 4978 fort
2330 4831 2650 4978 propre:
2744 4831 2757 4978 &
2797 4831 2810 4978 à
2864 4831 3050 4978 vous
3130 4831 3437 4978 Leeur
3490 4831 3584 4978 s’il
3637 4831 3810 4978 vous
3864 4831 4157 4978 ſemble
4210 4831 4717 4978 autrement,
4757 4831 4983 4978 ſoyez

643 4970 781 5122 prié
864 4970 919 5122 de
988 4970 1182 5122 vous
1237 4970 1554 5122 arreſter
1610 4970 1955 5122 pluſtoſt
2010 4970 2010 5122 à
2093 4970 2534 5122 conſiderer
2576 4970 2631 5122 la
2714 4970 2962 5122 choſe,
3018 4970 3142 5122 que
3197 4970 3280 5122 les
3335 4970 3666 5122 paroles.

1360 5251 1678 5410 Cercle
1912 5251 2124 5410 N1.

655 5447 902 5591 Zacharie
951 5447 1173 5591 s’eſtant
1210 5447 1382 5591 planté
1432 5447 1654 5591 premier
1691 5447 1765 5591 ſur
1814 5447 1839 5591 le
1900 5447 2085 5591 Cercle,
2147 5447 2369 5591 preſente
2430 5447 2615 5591 l’eſpee
2665 5447 2665 5591 à
2714 5447 2751 5591 ſa

734 5583 917 5717 partie
986 5583 1089 5717 avec
1158 5583 1181 5717 le
1226 5583 1341 5717 bras
1375 5583 1604 5717 eſtendu,
1661 5583 1696 5717 en
1764 5583 1925 5717 droite
1959 5583 2119 5717 ligne,
2188 5583 2268 5717 afin
2325 5583 2451 5717 qu’il
2497 5583 2749 5717 travaille

749 5704 926 5842 deſſus.
1045 5704 1163 5842 Dont
1246 5704 1530 5842 Alexandre
1578 5704 1613 5842 ſe
1672 5704 1850 5842 plante
1909 5704 1909 5842 à
1956 5704 2229 5842 l’oppoſite
2288 5704 2312 5842 en
2383 5704 2631 5842 Premiere
2691 5704 2762 5842 In-

737 5828 934 5965 ſtance,
971 5828 1180 5965 jettant
1241 5828 1438 5965 l’eſpee
1499 5828 1524 5965 en
1585 5828 1720 5965 ligne
1782 5828 1929 5965 droite
1990 5828 2248 5965 parallele
2310 5828 2494 5965 deſſous
2556 5828 2592 5965 la
2654 5828 2764 5965 Con-

735 5974 1006 6062 traire.

1099 6090 1123 6233 A
1195 6090 1505 6233 CHARIE
1577 6090 1875 6233 s’eſtant
1959 6090 2054 6233 mis
2114 6090 2162 6233 en
2257 6090 2568 6233 poſture
2651 6090 2759 6233 de-

1087 6222 1253 6358 dans
1316 6222 1418 6358 ſon
1571 6222 2093 6358 Quadrangle,
2157 6222 2259 6358 les
2335 6222 2590 6358 orteils
2679 6222 2730 6358 du

1073 6348 1246 6480 pied
1320 6348 1506 6480 droit
1555 6348 1666 6480 ſur
1703 6348 1740 6480 la
1851 6348 2456 6480 Circonference
2518 6348 2741 6480 lettre

1111 6479 1164 6595 X,
1216 6479 1269 6595 le
1321 6479 1505 6595 talon
1584 6479 1636 6595 du
1741 6479 2004 6595 meſme
2056 6479 2148 6595 ſur
2201 6479 2240 6595 la
2293 6479 2503 6595 ligne
2608 6479 2608 6595 X
2700 6479 2752 6595 Y,

670 6599 683 6738 &
735 6599 786 6738 le
851 6599 1019 6738 pied
1097 6599 1382 6738 gauche
1446 6599 1550 6738 ſur
1615 6599 1653 6738 la
1718 6599 1925 6738 ligne
2016 6599 2261 6738 Pedale
2352 6599 2624 6738 devant
2688 6599 2740 6738 le

638 6725 698 6856 z,
759 6725 808 6856 ſe
869 6725 1124 6856 tenant
1185 6725 1355 6856 ainſi
1404 6725 2352 6856 perpendiculairement
2449 6725 2631 6856 droit
2741 6725 2741 6856 &

1208 1332 2626 1464 DECLARATION
2862 1332 3118 1464 DES
3374 1332 4555 1464 OPERATIONS

1655 1513 1768 1598 DV
1937 1513 2050 1598 TA
2148 1513 2571 1598 BLEAV
2754 1513 3135 1598 VINGT
3275 1513 3374 1598 ET
3515 1513 3783 1598 VNIE
3910 1513 4050 1598 ME.
