5520 7640
3571 2286 3901 2460 Cercle
4076 2286 4362 2460 N.4.

3347 2504 3347 2643 N
3447 2504 3672 2643 voicy
3759 2504 3759 2643 à
3872 2504 4009 2643 ceſt
4096 2504 4333 2643 heure
4421 2504 4982 2643 l’execution,

3311 2639 3479 2766 qu’A
3552 2639 4118 2766 LEXANDRE
4190 2639 4563 2766 pratique
4659 2639 4828 2766 tout
4924 2639 4960 2766 en

3285 2757 3544 2891 ſuite,
3643 2757 3816 2891 avec
3902 2757 4272 2891 l’intrade
4371 2757 4420 2891 du
4519 2757 4704 2891 pied
4803 2757 5000 2891 droit

3285 2888 3657 3014 tombant
3718 2888 3718 3014 à
3790 2888 3994 3014 terre
4066 2888 4283 3014 outre
4331 2888 4379 3014 la
4451 2888 4680 3014 lettre
4800 2888 4800 3014 Q
4884 2888 4992 3014 ſur

2812 3011 3372 3120 l’interſeion
3484 3011 3547 3120 de
3609 3011 3659 3120 la
3771 3011 4231 3120 Collaterale
4306 3011 4816 3120 Interieure,
4891 3011 4990 3120 ſur

2812 3137 3082 3272 lequel
3143 3137 3180 3272 il
3242 3137 3291 3272 ſe
3377 3137 3684 3272 panche
3733 3137 3794 3272 le
3868 3137 4077 3272 corps
4163 3137 4212 3272 en
4310 3137 4642 3272 devant,
4703 3137 4752 3272 le
4826 3137 4986 3272 bras

2839 3262 3197 3399 eſtendu,
3248 3262 3632 3399 graduant
3683 3262 3785 3399 les
3849 3262 4130 3399 eſpees,
4169 3262 4348 3399 avec
4399 3262 4450 3399 le
4527 3262 4757 3399 genou
4834 3262 5000 3399 plié,

2833 3390 2904 3525 de
2964 3390 3188 3525 façon
3271 3390 3401 3525 que
3460 3390 3567 3525 les
3638 3390 3839 3525 deux
3921 3390 4193 3525 gardes
4264 3390 4986 3525 s’entretouchent

2823 3517 2823 3650 à
2909 3517 3189 3650 grande
3237 3517 3493 3650 force,
3566 3517 3615 3650 en
3700 3517 4029 3650 bleſſant
4102 3517 4150 3650 le
4248 3517 4650 3650 Contraire
4711 3517 4771 3650 au
4857 3517 4991 3650 tra-

2835 3640 2991 3776 vers
3051 3640 3112 3776 de
3184 3640 3220 3776 la
3280 3640 3521 3776 teſte,
3593 3640 3713 3776 luy
3786 3640 4051 3776 faiſant
4111 3640 4291 3776 plier
4351 3640 4400 3776 le
4472 3640 4640 3776 bras
4701 3640 4881 3776 avec
4941 3640 4977 3776 la

2830 3765 3100 3902 pointe
3177 3765 3228 3902 de
3293 3765 3575 3902 l’eſpee
3640 3765 4167 3902 aſcendante;
4231 3765 4398 3902 ainſi
4475 3765 4604 3902 que
4655 3765 4758 3902 les
4809 3765 4989 3902 figu-

2824 3891 2927 3987 res
2995 3891 3578 3987 demonſtrent.

2836 284 2885 411 en
2981 284 3308 411 eſlevant
3357 284 3405 411 le
3466 284 3635 411 pied
3708 284 3889 411 droit
3962 284 4010 411 en
4083 284 4301 411 haut,
4349 284 4749 411 enſemble
4797 284 4979 411 avec

2818 414 2866 539 le
2926 414 3093 539 bras
3224 414 3224 539 &
3296 414 3630 539 l’eſpee,
3702 414 3749 539 en
3869 414 4191 539 mettant
4263 414 4298 539 la
4382 414 4728 539 branche
4788 414 4991 539 inte-

2825 541 3074 668 rieure
3148 541 3211 668 de
3260 541 3310 668 la
3385 541 3596 668 garde
3659 541 3833 668 tout
3895 541 4069 668 pres
4181 541 4181 668 &
4256 541 4567 668 deſſous
4604 541 4654 668 la
4716 541 4978 668 pointe

2833 668 3241 793 ennemie,
3309 668 3502 793 pour
3570 668 3899 793 tourner
3967 668 4012 793 la
4080 668 4443 793 branche
4523 668 4976 793 exterieure

2848 793 3490 920 diagonalement
3586 793 3744 920 vers
3804 793 3865 920 le
3937 793 4192 920 haut,
4349 793 4349 920 &
4434 793 4700 920 croiſer
4797 793 4857 920 de
4930 793 4966 920 la

2820 923 3093 1044 pointe
3164 923 3235 1044 un
3330 923 3448 1044 peu
3555 923 3769 1044 outre
3828 923 4113 1044 l’eſpee
4184 923 4635 1044 contraire,
4682 923 4990 1044 laquel-

2822 1049 2871 1171 le
2932 1049 2969 1171 il
3030 1049 3385 1171 pourſuit
3471 1049 3863 1171 enſemble
3936 1049 3948 1171 à
4046 1049 4377 1171 graduer
4450 1049 4634 1171 avec
4695 1049 4756 1171 le
4818 1049 4989 1171 bras

2831 1174 3203 1294 eſtendu,
3299 1174 3347 1294 en
3431 1174 3479 1294 la
3551 1174 4019 1294 ſurprenant
4091 1174 4211 1294 par
4295 1174 4607 1294 deſſous
4679 1174 4859 1294 avec
4919 1174 4967 1294 ſa

2816 1303 3167 1405 branche
3213 1303 3657 1405 interieure
3704 1303 3716 1405 à
3774 1303 3821 1405 1.
3880 1303 3938 1405 ou
4020 1303 4055 1405 2.
4160 1303 4557 1405 Nombres,
4663 1303 4663 1405 &
4733 1303 4978 1405 entrer

2820 1428 2994 1549 avec
3068 1428 3118 1549 le
3180 1428 3354 1549 pied
3440 1428 3626 1549 droit
3701 1428 3936 1549 eſlevé
3998 1428 4122 1549 par
4197 1428 4358 1549 deçà
4432 1428 4494 1549 le
4606 1428 4978 1549 Diametre

2819 1556 3040 1676 lettre
3101 1556 3151 1676 I,
3212 1556 3261 1676 le
3322 1556 3494 1676 pied
3568 1556 3863 1676 gauche
3937 1556 4477 1676 pourſuivant
4538 1556 4981 1676 circulaire-

2849 1683 3028 1802 ment
3079 1683 3181 1802 ſur
3232 1683 3284 1802 le
3399 1683 3654 1802 Quarré
3718 1683 3986 1802 Inſcrit
4038 1683 4268 1802 lettre
4370 1683 4408 1802 G,
4485 1683 4536 1802 où
4600 1683 4638 1802 il
4689 1683 4741 1802 ſe
4804 1683 4996 1802 dreſ-

2818 1807 2867 1929 ſe
2928 1807 2977 1929 le
3075 1807 3282 1929 corps
3367 1807 3636 1929 deſſus,
3709 1807 3880 1929 avec
3928 1807 3989 1929 le
4050 1807 4246 1929 coſté
4331 1807 4624 1929 gauche
4697 1807 4758 1929 un
4831 1807 4953 1929 peu

2817 1934 3136 2055 avancé,
3183 1934 3301 2055 luy
3408 1934 3727 2055 mettant
3775 1934 3822 2055 ſa
3893 1934 4177 2055 pointe
4248 1934 4520 2055 devant
4579 1934 4638 2055 le
4697 1934 4969 2055 viſage;

2819 2060 3005 2184 ſelon
3067 2060 3116 2184 la
3178 2060 3809 2184 repreſentation
3896 2060 4007 2184 des
4069 2060 4390 2184 figures.

3547 4476 3882 4655 Cercle
4083 4476 4373 4655 N.5.

2859 4697 3056 4841 Durant
3114 4697 3553 4841 qu’Alexandre
3611 4697 3750 4841 entre
3796 4697 3912 4841 avec
3958 4697 3993 4841 le
4028 4697 4352 4841 pieddroit,
4398 4697 4525 4841 pour
4571 4697 4699 4841 faire
4768 4697 4999 4841 l’opera-

2943 4827 3034 4968 tion
3090 4827 3408 4968 precedente
3487 4827 3521 4968 du
3589 4827 3759 4968 Cercle
3872 4827 3906 4968 N.
3952 4827 3997 4968 3.
4088 4827 4348 4968 Zacharie
4405 4827 4439 4968 en
4518 4827 4643 4968 pare
4688 4827 4711 4968 le
4756 4827 4904 4968 coup,
4938 4827 4983 4968 en

2955 4952 3361 5097 tranſportant
3406 4952 3462 5097 les
3507 4952 3676 5097 eſpees
3744 4952 3744 5097 à
3834 4952 3947 5097 main
4003 4952 4240 5097 gauche;
4308 4952 4353 5097 au
4431 4952 4589 5097 meſme
4657 4952 4826 5097 temps
4905 4952 4995 5097 Ale-

2969 5077 3172 5222 xandre
3239 5077 3419 5222 plante
3464 5077 3487 5222 le
3543 5077 3656 5222 pied
3723 5077 3847 5222 droit
3903 5077 4072 5222 eslevé
4128 5077 4218 5222 par
4297 5077 4398 5222 deçà
4455 5077 4488 5222 le
4590 5077 4849 5222 Diametre
4905 5077 4905 5222 à
4950 5077 4984 5222 la

2961 5200 3126 5351 lettre
3185 5200 3244 5351 I,
3303 5200 3670 5351 pourſuivant
3729 5200 3740 5351 à
3823 5200 3965 5351 mener
4024 5200 4060 5351 le
4130 5200 4331 5351 gauche
4379 5200 4520 5351 quaſi
4568 5200 4579 5351 à
4627 5200 4662 5351 la
4709 5200 4863 5351 lettre
4934 5200 4981 5351 S,

2975 5332 3195 5475 mettant
3253 5332 3495 5475 enſemble
3541 5332 3576 5475 la
3634 5332 3795 5475 pointe
3853 5332 3888 5475 de
3934 5332 3969 5475 ſa
4015 5332 4142 5475 lame
4200 5332 4384 5475 devant
4431 5332 4465 5475 le
4523 5332 4696 5475 viſage
4766 5332 4789 5475 du
4881 5332 4985 5475 Con-

2946 5461 3205 5551 traire.

3324 5600 3477 5740 Pres
3553 5600 4024 5740 l’operation
4138 5600 4176 5740 du
4316 5600 4558 5740 Cercle
4659 5600 4710 5740 N.
4761 5600 4786 5740 1.
4901 5600 4990 5740 ce-

3299 5724 3658 5868 pendant
3730 5724 3897 5868 qu’A
3969 5724 4447 5868 LEXANDRE
4519 5724 4866 5868 s’avance
4985 5724 4997 5868 &

3310 5853 3513 5999 entre
3561 5853 3753 5999 avec
3788 5853 3848 5999 le
3908 5853 4075 5999 pied
4147 5853 4374 5999 droit,
4446 5853 4637 5999 pour
4733 5853 4984 5999 mettre

3310 5977 3359 6119 en
3471 5977 3645 6119 effet
3731 5977 3905 6119 celle
4017 5977 4066 6119 du
4178 5977 4624 6119 precedent
4748 5977 4984 6119 Cercle

2906 6100 2944 6250 N.
3006 6100 3044 6250 3.
3181 6100 3618 6250 ZACHARIE
3692 6100 3817 6250 luy
3892 6100 3954 6250 va
4017 6100 4229 6250 parer
4279 6100 4329 6250 le
4416 6100 4641 6250 coup,
4703 6100 4741 6250 en
4815 6100 4990 6250 aug-

2881 6222 3214 6369 mentant
3274 6222 3322 6369 le
3393 6222 3619 6369 poids
3691 6222 3751 6369 de
3822 6222 3870 6369 ſa
3929 6222 4132 6369 lame
4191 6222 4358 6369 vers
4418 6222 4477 6369 le
4525 6222 4751 6369 haut,
4799 6222 4990 6369 pour

2843 6361 2942 6499 les
3004 6361 3498 6499 tranſporter
3572 6361 3572 6499 à
3683 6361 3831 6499 main
3930 6361 4263 6499 gauche;
4362 6361 4411 6499 En
4522 6361 4732 6499 quoy
4831 6361 4967 6499 ALE

2873 6486 3221 6622 XANDRE
3273 6486 3402 6622 luy
3454 6486 3738 6622 reſiſte,
3802 6486 3815 6622 y
3867 6486 4344 6622 appliquant
4396 6486 4564 6622 auſſi
4628 6486 4783 6622 tant
4835 6486 4990 6622 plus

2865 6607 2929 6762 de
2981 6607 3211 6762 poids
3276 6607 3276 6762 à
3340 6607 3839 6762 l’advenant,
3942 6607 3955 6762 &
4006 6607 4365 6762 plantant
4442 6607 4493 6762 le
4557 6607 4724 6762 pied
4814 6607 4993 6762 droit

2852 6746 2965 6881 par
3066 6746 3230 6881 deçà
3305 6746 3356 6881 le
3444 6746 3835 6881 Diametre
3898 6746 3910 6881 à
3973 6746 4024 6881 la
4087 6746 4326 6881 lettre
4389 6746 4427 6881 I,
4503 6746 4553 6881 en
4641 6746 4994 6881 pourſui-

2860 6873 3025 7012 vant
3075 6873 3708 7012 ſoudainement
3771 6873 3948 7012 avec
3986 6873 4037 7012 le
4100 6873 4277 7012 pied
4328 6873 4657 7012 gauche,
4720 6873 4998 7012 duquel

4739 7018 4996 7110 durant

557 295 857 431 comme
929 295 977 431 le
1025 295 1217 431 talon
1301 295 1349 431 du
1421 295 1589 431 pied
1661 295 1854 431 droit
1926 295 1974 431 en
2082 295 2166 431 eſt
2214 295 2502 431 tourné
2562 295 2670 431 ſur

538 424 577 565 la
657 424 855 565 ligne
961 424 974 565 C
1067 424 1119 565 B,
1212 424 1265 565 de
1331 424 1543 565 façon
1662 424 1820 565 qu’il
1873 424 2190 565 revient
2257 424 2428 565 ainſi
2508 424 2680 565 tout

558 552 744 683 droit
844 552 856 683 &
906 552 1054 683 bien
1129 552 1724 683 proportionné
1774 552 1774 683 à
1823 552 1873 683 la
1960 552 2332 683 Premiere
2394 552 2667 683 Inſtan-

558 676 647 816 ce;
698 676 865 816 ainſi
928 676 1094 816 qu’il
1146 676 1235 816 eſt
1286 676 1733 816 repreſenté
1797 676 1835 816 en
1899 676 2116 816 leurs
2167 676 2487 816 figures.

1251 879 1581 1058 Cercle
1801 879 2087 1058 N.2.

557 1092 848 1231 Cpendant
906 1092 1337 1231 qu’Alexandre
1384 1092 1547 1231 eſleve
1594 1092 1617 1231 le
1663 1092 1780 1231 pied
1826 1092 1978 1231 droit,
2036 1092 2281 1231 enſemble
2339 1092 2362 1231 le
2409 1092 2525 1231 bras
2572 1092 2677 1231 avec

652 1227 652 1348 !
805 1227 875 1348 ce,
922 1227 1040 1348 paur
1098 1227 1239 1348 faire
1298 1227 1627 1348 l’operation
1721 1227 1756 1348 du
1838 1227 1991 1348 Cercle
2050 1227 2320 1348 ſuivant;
2426 1227 2684 1348 Zacharie

844 1354 916 1478 ave
1000 1354 1024 1478 le
1072 1354 1192 1478 pied
1240 1354 1360 1478 droit
1409 1354 1589 1478 deſſus,
1637 1354 1805 1478 tirant
1865 1354 1901 1478 de
1937 1354 2105 1478 pointe
2153 1354 2262 1478 vers
2322 1354 2358 1478 le
2394 1354 2574 1478 viſage
2634 1354 2670 1478 de

735 1482 813 1603 ji
846 1482 945 1603 tie;
1023 1482 1023 1603 à
1078 1482 1354 1603 l’occaſion
1432 1482 1465 1603 de
1509 1482 1631 1603 quoy
1741 1482 2029 1603 Alexandre
2095 1482 2338 1603 s’avance
2449 1482 2460 1603 &
2526 1482 2670 1603 entre

658 1605 763 1732 acec
810 1605 833 1732 le
903 1605 1066 1732 meſme
1112 1605 1438 1732 piedeſlevé,
1508 1605 1834 1732 accouplant
1881 1605 1904 1732 le
1974 1605 2148 1732 Centre
2207 1605 2242 1732 de
2276 1605 2346 1732 ſon
2393 1605 2533 1732 eſpee
2579 1605 2591 1732 à
2626 1605 2672 1732 la

659 1729 785 1860 lame
831 1729 1139 1860 contraire,
1197 1729 1425 1860 laquelle
1483 1729 1791 1860 graduant,
1837 1729 1871 1860 il
1906 1729 1986 1860 luy
2043 1729 2180 1860 donne
2237 1729 2318 1860 une
2375 1729 2603 1860 eſtocade
2661 1729 2672 1860 à

646 1864 862 1977 travers
907 1864 941 1977 la
998 1864 1202 1977 teſte.

1033 2047 1045 2175 R
1108 2047 1283 2175 ainſi
1358 2047 2159 2175 qu’ALEXANDRE
2247 2047 2297 2175 ſe
2397 2047 2522 2175 met
2610 2047 2660 2175 en

994 2176 1158 2302 train
1287 2176 1357 2302 de
1439 2176 1896 2302 pourſuivre
1990 2176 2459 2302 l’operation
2564 2176 2670 2302 en-

1000 2299 1554 2426 commencée,
1588 2299 1784 2426 pour
1842 2299 2050 2426 venir
2084 2299 2096 2426 à
2142 2299 2673 2426 l’execution,

1006 2428 1121 2556 qui
1185 2428 1275 2556 eſt
1339 2428 1840 2556 repreſentée
1917 2428 1968 2556 au
2110 2428 2353 2556 Cercle
2469 2428 2520 2556 N.
2572 2428 2597 2556 3.
2674 2428 2674 2556 à

523 2554 855 2675 l’inſtant
916 2554 1076 2675 qu’il
1137 2554 1371 2675 eſleve
1420 2554 1469 2675 le
1531 2554 1691 2675 pied
1764 2554 1985 2675 droit,
2047 2554 2440 2675 enſemble
2489 2554 2674 2675 avec

523 2679 571 2802 le
642 2679 844 2802 bras,
963 2679 963 2802 &
1034 2679 1332 2802 l’eſpee,
1391 2679 1582 2802 pour
1641 2679 1950 2802 couvrir
1986 2679 2034 2802 la
2105 2679 2498 2802 contraire
2557 2679 2676 2802 par

543 2803 579 2932 en
685 2803 863 2932 haut
934 2803 1111 2932 avec
1182 2803 1218 2932 la
1301 2803 1620 2932 ſienne;
1762 2803 1762 2932 Z
1822 2803 2212 2932 ACHARIE
2307 2803 2543 2932 prend
2626 2803 2674 2932 le

536 2932 815 3055 temps,
936 2932 936 3055 &
996 2932 1202 3055 entre
1263 2932 1432 3055 avec
1481 2932 1529 3055 le
1590 2932 1759 3055 pied
1832 2932 2026 3055 droit
2086 2932 2195 3055 ſur
2244 2932 2304 3055 le
2401 2932 2679 3055 Diame-

532 3057 627 3165 tre
698 3057 710 3165 à
782 3057 817 3165 la
889 3057 1127 3165 lettre
1210 3057 1258 3165 R,
1329 3057 1377 3165 en
1448 3057 1686 3165 tirant
1733 3057 1912 3165 avec
1971 3057 2019 3165 le
2090 3057 2257 3165 bras
2328 3057 2685 3165 eſtendu,

521 3183 570 3310 le
643 3183 851 3310 corps
913 3183 1206 3310 panché
1280 3183 1329 3310 en
1415 3183 1721 3310 devant,
1831 3183 1831 3310 &
1880 3183 1929 3310 le
2002 3183 2235 3310 genou
2308 3183 2480 3310 plié,
2529 3183 2688 3310 vers

524 3305 575 3437 le
664 3305 895 3437 viſage
985 3305 1049 3437 de
1125 3305 1164 3437 ſa
1228 3305 1522 3437 partie:
1586 3305 1689 3437 ſur
1766 3305 1958 3437 quoy
2047 3305 2675 3437 ALEXANDRE,

520 3432 579 3560 au
697 3432 958 3560 meſme
1041 3432 1301 3560 temps
1384 3432 1526 3560 que
1598 3432 1633 3560 la
1728 3432 2012 3560 pointe
2095 3432 2486 3560 contraire
2545 3432 2675 3560 luy

539 3556 734 3687 vient
813 3556 1047 3687 paſſer
1112 3556 1125 3687 à
1217 3556 1412 3687 coſté
1503 3556 1569 3687 de
1621 3556 1673 3687 la
1764 3556 2012 3687 garde,
2077 3556 2116 3687 il
2181 3556 2221 3687 la
2299 3556 2690 3687 ſurprend

520 3686 702 3814 avec
750 3686 799 3814 le
896 3686 1150 3814 Centre
1223 3686 1283 3814 de
1332 3686 1380 3814 la
1441 3686 1695 3814 ſienne
1744 3686 1804 3814 au
1938 3686 1974 3814 N.
2035 3686 2071 3814 3.
2131 3686 2180 3814 ou
2289 3686 2325 3814 4.
2398 3686 2446 3814 en
2543 3686 2677 3814 gra-

548 3809 768 3938 duant
817 3809 1001 3938 avec
1050 3809 1404 3938 l’intrade
1478 3809 1527 3938 du
1612 3809 1783 3938 pied
1869 3809 2101 3938 droit,
2187 3809 2297 3938 qui
2395 3809 2676 3938 marche

524 3939 643 4065 par
703 3939 834 4065 delà
893 3939 953 4065 le
1036 3939 1418 4065 Diametre
1477 3939 1572 4065 ſur
1620 3939 1668 4065 la
1715 3939 2061 4065 ſeconde
2132 3939 2680 4065 entrecoupu-

528 4065 592 4191 re
682 4065 733 4191 de
797 4065 848 4191 la
951 4065 1399 4191 Collaterale
1463 4065 1949 4191 Interieure,
2013 4065 2064 4191 le
2141 4065 2307 4191 pied
2384 4065 2679 4191 gauche

526 4192 585 4311 le
655 4192 959 4311 ſuivant
1018 4192 2048 4311 proportionnellement,
2107 4192 2447 4311 fermant
2517 4192 2692 4311 ainſi

532 4314 570 4443 la
647 4314 890 4443 droite
942 4314 1172 4443 ligne,
1249 4314 1300 4443 de
1352 4314 1544 4443 ſorte
1621 4314 1787 4443 qu’il
1839 4314 1890 4443 le
1941 4314 2172 4443 bleſſe
2249 4314 2287 4443 en
2364 4314 2684 4443 rigueur

535 4440 597 4566 au
697 4440 934 4566 viſage
1046 4440 1046 4566 &
1096 4440 1221 4566 luy
1270 4440 1457 4566 paſſe
1507 4440 1545 4566 la
1607 4440 1844 4566 teſte;
1919 4440 2218 4566 comme
2293 4440 2343 4566 on
2418 4440 2467 4566 le
2530 4440 2679 4566 voit

549 4572 598 4694 en
660 4572 871 4694 leurs
921 4572 1243 4694 ſigures.

1292 5161 1609 5328 Cercle
1812 5161 2060 5328 N.3.

567 5394 677 5517 C’eſt
738 5394 799 5517 icy
860 5394 896 5517 la
957 5394 1226 5517 pourſuite
1287 5394 1323 5517 du
1409 5394 1567 5517 Cercle
1677 5394 1714 5517 N.
1762 5394 1799 5517 1.
1860 5394 1896 5517 ou
2006 5394 2299 5517 Alexandre
2360 5394 2604 5517 eslevant
2665 5394 2689 5517 le

671 5519 793 5646 pied
842 5519 989 5646 droit,
1038 5519 1160 5646 avec
1209 5519 1234 5646 le
1282 5519 1393 5646 bras
1490 5519 1490 5646 &
1564 5519 1784 5646 l’eſpee,
1845 5519 2078 5646 emporte
2127 5519 2163 5646 la
2237 5519 2420 5646 garde,
2469 5519 2689 5646 croiſant

668 5648 735 5778 les
780 5648 969 5778 lames,
1013 5648 1058 5778 au
1125 5648 1281 5778 deſſus
1348 5648 1381 5778 de
1426 5648 1459 5778 la
1504 5648 1671 5778 pointe
1715 5648 2016 5778 contraire,
2060 5648 2417 5778 pourſuivant
2461 5648 2473 5778 à
2517 5648 2695 5778 entrer

679 5778 794 5895 avec
840 5778 863 5895 le
909 5778 1024 5895 pied
1069 5778 1253 5895 eslevé,
1310 5778 1356 5895 en
1425 5778 1643 5895 mettant
1689 5778 1712 5895 le
1758 5778 1930 5895 centre
1987 5778 2010 5895 de
2056 5778 2090 5895 ſa
2148 5778 2274 5895 lame
2320 5778 2515 5895 deſſous
2561 5778 2698 5895 l’au-

671 5897 767 6027 tre,
815 5897 1044 6027 laquelle
1104 5897 1404 6027 graduant,
1465 5897 1501 6027 il
1549 5897 1693 6027 dreſſe
1741 5897 1777 6027 ſa
1837 5897 2030 6027 pointe,
2090 5897 2391 6027 moyennant
2451 5897 2475 6027 la
2547 5897 2691 6027 pour-

676 6028 808 6152 ſuite
856 6028 892 6152 du
952 6028 1060 6152 pied
1108 6028 1336 6152 gauche,
1384 6028 1552 6152 contre
1600 6028 1636 6152 le
1685 6028 1853 6152 viſage
1913 6028 1949 6152 de
1997 6028 2033 6152 la
2081 6028 2249 6152 partie
2309 6028 2597 6152 aderſe.

1071 6213 1196 6344 Eſte
1271 6213 1671 6344 operation
1733 6213 2083 6344 procede
2158 6213 2220 6344 de
2270 6213 2308 6344 la
2370 6213 2557 6344 ſuite
2620 6213 2670 6344 du

1062 6342 1312 6464 Cercle
1425 6342 1462 6464 N.
1512 6342 1562 6464 1.
1624 6342 1674 6464 ou
1749 6342 1824 6464 ils
1874 6342 2037 6464 ſont
2111 6342 2424 6464 plantez
2486 6342 2698 6464 touts

1042 6467 1234 6573 deux
1294 6467 1342 6573 en
1449 6467 1821 6573 Premiere
1880 6467 2276 6573 Inſtance,
2359 6467 2539 6573 avec
2599 6467 2695 6573 les

1040 6599 1300 6724 eſpees
1378 6599 1417 6724 en
1534 6599 1768 6724 droite
1833 6599 2093 6724 ligne,
2184 6599 2366 6724 celle
2443 6599 2716 6724 d’ALE-

585 6725 935 6843 XANDRE
996 6725 1346 6843 parallele
1406 6725 1455 6843 au
1551 6725 1853 6843 deſſous
1926 6725 1986 6843 de
2034 6725 2312 6843 l’eſpee
2372 6725 2698 6843 contrai-

576 6840 664 6972 re.
803 6840 853 6972 Or
928 6840 979 6972 en
1079 6840 1142 6972 ce
1205 6840 1520 6972 preſent
1621 6840 1872 6972 Cercle
1935 6840 1973 6972 il
2048 6840 2111 6972 va
2174 6840 2703 6972 pourſuivre,
