5520 7640
581 280 842 404 durant
902 280 1496 404 l’avancement
1567 280 1674 404 qui
1746 280 1805 404 va
1877 280 1948 404 un
2019 280 2138 404 peu
2209 280 2328 404 par
2376 280 2590 404 haut,
2637 280 2673 404 il

558 403 690 534 fait
738 403 798 534 un
870 403 1002 534 peu
1086 403 1146 534 de
1195 403 1459 534 pauſe,
1507 403 1735 534 avant
1808 403 1964 534 qu’il
2012 403 2481 534 tresbuche.
2565 403 2673 534 Sur

594 528 785 662 quoy
892 528 1346 662 ZACHARIE
1429 528 1799 662 renforce
1882 528 2252 662 derechef
2324 528 2360 662 ſa
2431 528 2670 662 lame,

583 654 645 785 de
695 654 906 785 façon
992 654 1153 785 qu’il
1191 654 1637 785 tranſporte
1686 654 2195 785 laContraire
2244 654 2244 785 à
2306 654 2405 785 ſon
2480 654 2678 785 coſté

584 781 908 910 gauche.
1058 781 1108 910 Or
1170 781 1332 910 ainſi
1420 781 1544 910 que
1619 781 1719 910 ſon
1819 781 2018 910 eſpee
2093 781 2280 910 paſſe
2355 781 2567 910 outre
2630 781 2667 910 la

571 906 748 1036 teſte
831 906 1506 1036 d’ALEXANDRE,
1565 906 1826 1036 iceluy
1897 906 2181 1036 tourne
2240 906 2276 1036 la
2335 906 2679 1036 branche

571 1033 1025 1157 exterieure
1083 1033 1153 1157 de
1211 1033 1246 1157 ſa
1316 1033 1571 1157 garde,
1618 1033 1792 1157 avec
1839 1033 1886 1157 le
1944 1033 2106 1157 bras
2165 1033 2479 1157 courbé,
2525 1033 2688 1157 con-

558 1158 970 1282 tremont,
1039 1158 1417 1282 tournant
1509 1158 1898 1282 enſemble
1944 1158 1990 1282 la
2058 1158 2322 1282 pointe
2391 1158 2459 1282 de
2505 1158 2540 1282 ſa
2597 1158 2688 1282 la-

594 1283 665 1410 me
737 1283 784 1410 en
868 1283 1153 1410 dedans
1225 1283 1487 1410 devers
1523 1283 1582 1410 le
1677 1283 2094 1410 Contraire,
2166 1283 2225 1410 de
2320 1283 2428 1410 qui
2487 1283 2523 1410 la
2594 1283 2678 1410 la-

590 1409 672 1541 me
731 1409 848 1541 s’en
930 1409 1235 1541 eſcoule
1282 1409 1340 1541 au
1434 1409 1575 1541 fort
1645 1409 1715 1541 de
1762 1409 1797 1541 la
1856 1409 2149 1541 ſienne,
2219 1409 2571 1541 plantant
2618 1409 2677 1541 le

568 1532 741 1663 pied
827 1532 1110 1663 gauche
1196 1532 1467 1663 eſlevé,
1516 1532 1566 1663 en
1652 1532 2046 1663 avançant
2120 1532 2169 1663 le
2255 1532 2440 1663 coſté
2514 1532 2674 1663 gau-

578 1657 732 1786 che,
779 1657 886 1786 ſur
922 1657 981 1786 le
1076 1657 1455 1786 Diametre
1515 1657 1835 1786 oblique
1894 1657 2096 1786 entre
2143 1657 2250 1786 les
2321 1657 2511 1786 deux
2558 1657 2689 1786 let-

561 1784 713 1911 tres
826 1784 826 1911 Q
953 1784 953 1911 &
1029 1784 1067 1911 S,
1130 1784 1294 1911 ainſi
1345 1784 1459 1911 luy
1547 1784 1674 1911 met
1737 1784 1788 1911 la
1864 1784 2129 1911 pointe
2218 1784 2281 1911 de
2344 1784 2382 1911 ſa
2458 1784 2686 1911 lame,

556 1910 741 2038 avec
799 1910 858 2038 le
916 1910 1078 2038 bras
1136 1910 1427 2038 courbé
1508 1910 1554 2038 en
1636 1910 1856 2038 haut,
1938 1910 2205 2038 devant
2275 1910 2321 2038 le
2402 1910 2669 2038 viſage,

582 2033 619 2162 en
731 2033 1226 2162 courtoiſie;
1313 2033 1499 2162 ſelon
1623 2033 1784 2162 qu’il
1858 2033 1945 2162 eſt
2032 2033 2341 2162 monſtré
2416 2033 2527 2162 par
2589 2033 2676 2162 les

561 2159 883 2276 figures.

1070 2645 1306 2769 Omme
1401 2645 1969 2769 ALEXANDRE
2028 2645 2040 2769 a
2146 2645 2241 2769 mis
2288 2645 2323 2769 ſa
2394 2645 2690 2769 pointe,

1016 2768 1201 2895 avec
1247 2768 1293 2895 le
1351 2768 1513 2895 bras
1571 2768 1906 2895 courbé;
1998 2768 2264 2895 devant
2333 2768 2379 2895 le
2449 2768 2680 2895 viſage

1045 2892 1106 3018 de
1179 2892 1216 3018 ſa
1301 2892 1606 3018 partie;
1716 2892 1764 3018 en
1874 2892 1935 3018 ce
2057 2892 2289 3018 Cercle
2374 2892 2679 3018 preſent

1073 3016 1531 3143 ZACHARIE
1592 3016 1630 3143 la
1729 3016 2199 3143 deſtourne,
2347 3016 2347 3143 &
2421 3016 2681 3143 pouſſe

564 3138 717 3244 vers
788 3138 835 3244 le
917 3138 1070 3244 bas,
1153 3138 1200 3244 en
1294 3138 1506 3244 uſant
1588 3138 1659 3244 de
1753 3138 1953 3244 Poids
2024 3138 2400 3244 tresfort:
2518 3138 2683 3244 dont

588 3263 600 3389 A
668 3263 1150 3389 LEXANDRE
1230 3263 1471 3389 quitte
1540 3263 1586 3389 la
1654 3263 1849 3389 lame
1930 3263 2342 3389 contraire,
2434 3263 2480 3389 en
2560 3263 2698 3389 jet-

556 3387 712 3516 tant
772 3387 953 3516 avec
1001 3387 1206 3516 l’aide
1290 3387 1338 3516 du
1410 3387 1747 3516 poignet
1855 3387 1868 3516 &
1928 3387 2301 3516 delivrant
2373 3387 2421 3516 au
2542 3387 2698 3516 meſ-

591 3512 662 3637 me
720 3512 978 3637 temps
1025 3512 1072 3637 la
1119 3512 1388 3637 ſienne
1447 3512 1517 3637 de
1564 3512 1681 3637 par
1752 3512 2056 3637 deſſous
2115 3512 2150 3637 en
2232 3512 2537 3637 arriere,
2619 3512 2666 3637 en

550 3639 753 3763 ſorte
843 3639 966 3763 que
1034 3639 1068 3763 la
1158 3639 1541 3763 contraire
1608 3639 1653 3763 en
1732 3639 2194 3763 tresbuche,
2250 3639 2397 3763 lors
2442 3639 2476 3763 il
2532 3639 2701 3763 con-

562 3760 768 3886 tinue
837 3760 848 3886 à
928 3760 1283 3886 ramener
1351 3760 1397 3886 la
1477 3760 1729 3886 ſienne
1820 3760 1866 3886 en
1958 3760 2175 3886 haut,
2232 3760 2541 3886 frapant
2621 3760 2690 3886 de

565 3885 789 4009 taille,
860 3885 1036 4009 avec
1095 3885 1142 4009 le
1213 3885 1425 4009 corps
1507 3885 1719 4009 droit,
1837 3885 1849 4009 &
1884 3885 1943 4009 le
2014 3885 2167 4009 bras
2226 3885 2544 4009 avancé,
2615 3885 2673 4009 au

566 4008 808 4138 viſage
880 4008 941 4138 de
989 4008 1038 4138 ſa
1098 4008 1376 4138 partie,
1449 4008 1497 4138 en
1606 4008 2113 4138 deſtournant
2162 4008 2210 4138 la
2283 4008 2694 4138 demarche

581 4132 630 4262 du
703 4132 886 4262 pied
947 4132 1130 4262 droit
1191 4132 1252 4262 un
1325 4132 1447 4262 peu
1520 4132 1520 4262 à
1594 4132 1813 4262 coſté,
1850 4132 2045 4262 pour
2094 4132 2265 4262 faire
2313 4132 2387 4262 un
2472 4132 2692 4262 grand

559 4260 684 4378 pas
734 4260 847 4378 par
935 4260 1110 4378 deçà
1223 4260 1223 4378 &
1285 4260 1335 4378 au
1448 4260 1724 4378 dehors
1811 4260 1861 4378 du
1974 4260 2249 4378 Cercle,
2325 4260 2387 4378 de
2475 4260 2675 4378 façon

573 4384 743 4503 qu’il
792 4384 841 4503 ſe
938 4384 1060 4503 met
1109 4384 1280 4503 plus
1341 4384 1609 4503 avant,
1694 4384 2011 4503 derriere
2060 4384 2109 4503 le
2182 4384 2292 4503 dos
2365 4384 2426 4503 de
2487 4384 2694 4503 l’Ad-

581 4503 942 4635 verſaire,
1032 4503 1200 4635 qu’il
1239 4503 1419 4635 n’eſt
1458 4503 1574 4635 icy
1638 4503 2090 4635 repreſenté
2167 4503 2219 4635 en
2283 4503 2322 4635 la
2386 4503 2632 4635 figure
2683 4503 2696 4635 à

569 4634 779 4755 faute
841 4634 902 4755 de
964 4634 1198 4755 place.

1265 2338 1570 2524 Cercle
1919 2338 2072 2524 .6.

3304 2315 3317 2438 A
3392 2315 3746 2438 preſente
3822 2315 3835 2438 à
3923 2315 4012 2438 ſon
4125 2315 4416 2438 origine
4517 2315 4568 2438 du
4694 2315 4934 2438 Cercle

3334 2444 3369 2558 N.
3427 2444 3461 2558 3.
3543 2444 3589 2558 où
3694 2444 4228 2558 ALEXANDRE
4286 2444 4635 2558 s’avance
4751 2444 4762 2558 &
4832 2444 4937 2558 en-

3276 2563 3372 2689 tre
3432 2563 3612 2689 avec
3672 2563 3732 2689 le
3805 2563 3973 2689 pied
4045 2563 4237 2689 droit
4309 2563 4382 2689 de
4442 2563 4478 2689 la
4562 2563 4935 2689 Premiere

3272 2685 3665 2814 Inſtance,
3726 2685 3775 2814 en
3861 2685 4229 2814 graduant
4278 2685 4548 2814 l’eſpee
4622 2685 4941 2814 contrai-

2824 2813 2920 2940 re,
2967 2813 3159 2940 pour
3206 2813 3254 2940 le
3314 2813 3648 2940 toucher
3696 2813 3756 2940 au
3839 2813 4114 2940 viſage,
4197 2813 4353 2940 mais
4412 2813 4723 2940 comme
4770 2813 4794 2940 il
4854 2813 4938 2940 eſt

2822 2936 3278 3061 repreſenté
3350 2936 3398 3061 en
3495 2936 3555 3061 ce
3651 2936 3891 3061 Cercle
3951 2936 4312 3061 preſent,
4408 2936 4937 3061 ZACHARIE

2821 3060 2937 3186 luy
2996 3060 3159 3186 pare
3217 3060 3276 3186 le
3357 3060 3544 3186 coup
3602 3060 3765 3186 vers
3812 3060 3859 3186 le
3917 3060 4127 3186 haut,
4185 3060 4232 3186 en
4302 3060 4512 3186 uſant
4582 3060 4640 3186 de
4698 3060 4943 3186 force;

2827 3181 2863 3305 ſi
2947 3181 3658 3305 qu’ALEXANDRE
3730 3181 3995 3305 abaiſſe
4068 3181 4128 3305 au
4248 3181 4501 3305 meſme
4574 3181 4827 3305 temps
4887 3181 4935 3305 le

2829 3308 3000 3428 pied
3085 3308 3268 3428 droit
3353 3308 3390 3428 en
3475 3308 3670 3428 terre
3718 3308 3731 3428 à
3792 3308 3840 3428 la
3901 3308 4133 3428 lettre
4206 3308 4267 3428 I,
4340 3308 4388 3428 en
4498 3308 4936 3428 deſtachant

2826 3429 3101 3555 l’eſpee
3185 3429 3603 3555 contraire,
3687 3429 3746 3555 de
3818 3429 4009 3555 ſorte
4081 3429 4332 3555 qu’elle
4404 3429 4702 3555 s’enſuit
4786 3429 4941 3555 vers

2823 3556 2869 3671 le
2938 3556 3158 3671 haut,
3215 3556 3676 3671 continuant
3734 3556 4034 3671 ſoudain
4091 3556 4103 3671 à
4161 3556 4334 3671 faire
4391 3556 4691 3671 intrade
4760 3556 4933 3671 avec

2826 3672 2875 3800 le
2949 3672 3122 3800 pied
3208 3672 3529 3800 gauche,
3615 3672 3664 3800 en
3751 3672 4256 3800 affermiſſant
4330 3672 4380 3800 le
4441 3672 4663 3800 bras,
4762 3672 4934 3800 avec

2827 3798 3088 3922 l’eſpee
3162 3798 3657 3922 deſcẽdante,
3694 3798 3694 3922 à
3756 3798 3855 3922 ſon
3930 3798 4116 3922 coſté
4178 3798 4388 3922 droit,
4475 3798 4475 3922 &
4549 3798 4933 3922 enſemble

2828 3923 3216 4046 avançant
3264 3923 3325 4046 le
3409 3923 3591 4046 coſté
3676 3923 3967 4046 gauche
4051 3923 4100 4046 du
4185 3923 4427 4046 corps,
4487 3923 4512 4046 il
4572 3923 4827 4046 plante
4887 3923 4936 4046 le

2833 4047 3003 4169 pied
3088 4047 3318 4169 eſlevé
3366 4047 3427 4169 un
3500 4047 3621 4169 peu
3718 4047 3827 4169 par
3899 4047 4057 4169 deçà
4130 4047 4178 4169 le
4275 4047 4651 4169 Diametre
4711 4047 4941 4169 lettre

2872 4172 2910 4293 V,
2999 4172 3049 4293 où
3125 4172 3163 4293 il
3239 4172 3290 4293 ſe
3354 4172 3658 4293 panche
3734 4172 3785 4293 en
3873 4172 4089 4293 avant
4165 4172 4266 4293 ſur
4330 4172 4380 4293 le
4456 4172 4685 4293 genou
4773 4172 4938 4293 plié,

2827 4294 3340 4420 pourſuivant
3433 4294 3480 4420 du
3562 4294 3725 4420 pied
3806 4294 3993 4420 droit
4040 4294 4086 4420 le
4145 4294 4483 4420 trainant
4553 4294 4611 4420 un
4693 4294 4809 4420 peu
4891 4294 4949 4420 a-

2827 4416 3026 4540 pres,
3096 4416 3143 4540 en
3214 4416 3541 4540 bleſſant
3588 4416 3600 4540 à
3682 4416 3940 4540 meſme
3986 4416 4244 4540 temps
4303 4416 4396 4540 ſon
4490 4416 4935 4540 Adverſaire

2856 4539 3152 4664 deſſous
3189 4539 3238 4664 le
3299 4539 3460 4664 bras
3521 4539 3817 4664 envolé,
3879 4539 3928 4664 au
4027 4539 4211 4664 coſté
4285 4539 4507 4664 droit;
4581 4539 4754 4664 ainſi
4815 4539 4951 4664 que

2834 4665 2931 4790 les
2980 4665 3273 4790 figures
3346 4665 3920 4790 demonſtrent.

1090 5151 1103 5271 N
1165 5151 1240 5271 fin
1353 5151 1903 5271 ALEXANDRE
1978 5151 2328 5271 pourſuit
2378 5151 2415 5271 la
2490 5151 2703 5271 beſo-

1057 5278 1217 5401 gne,
1274 5278 1319 5401 en
1433 5278 1729 5401 menant
1797 5278 1843 5401 ſa
1911 5278 2185 5401 pointe
2253 5278 2458 5401 outre
2503 5278 2549 5401 la
2606 5278 2708 5401 te-

1037 5400 1133 5503 ſte
1205 5400 1265 5503 de
1314 5400 1867 5503 l’Adverſaire,
1915 5400 2084 5503 avec
2132 5400 2192 5503 le
2240 5400 2409 5503 bras
2469 5400 2710 5503 eſten-

1064 5528 1164 5650 du,
1214 5528 1688 5650 deſcendant
1750 5528 1800 5650 en
1875 5528 2087 5650 angle
2137 5528 2336 5650 aigu,
2374 5528 2424 5650 le
2499 5528 2711 5650 corps

574 5651 877 5776 panché
937 5651 986 5776 en
1058 5651 1289 5776 avant
1337 5651 1434 5776 ſur
1482 5651 1531 5776 le
1591 5651 1761 5776 pied
1833 5651 2015 5776 droit
2064 5651 2318 5776 planté
2378 5651 2391 5776 à
2475 5651 2693 5776 terre,

580 5775 691 5900 ſur
728 5775 1012 5900 lequel
1061 5775 1098 5900 il
1160 5775 1209 5900 ſe
1295 5775 1493 5900 volte
1554 5775 1863 5900 ſoudain
1924 5775 1937 5900 à
2023 5775 2171 5900 main
2257 5775 2590 5900 gauche,
2701 5775 2713 5900 &

575 5900 624 6021 ſe
709 5900 966 6021 dreſſe,
1052 5900 1088 6021 en
1186 5900 1504 6021 eſlevant
1615 5900 1627 6021 &
1688 5900 2153 6021 conduiſant
2202 5900 2251 6021 le
2312 5900 2471 6021 pied
2544 5900 2703 6021 gau-

585 6025 703 6150 che
774 6025 1046 6150 devers
1105 6025 1152 6150 le
1247 6025 1495 6150 corps,
1554 6025 1943 6150 enſemble
2002 6025 2168 6150 auſſi
2238 6025 2699 6150 conduiſant

576 6147 843 6276 l’eſpee
928 6147 989 6276 de
1050 6147 1171 6276 bas
1232 6147 1281 6276 en
1366 6147 1536 6276 haut
1584 6147 1706 6276 par
1778 6147 2046 6276 devant
2094 6147 2131 6276 ſa
2191 6147 2373 6276 teſte
2422 6147 2519 6276 ſur
2592 6147 2689 6276 ſon

576 6279 744 6401 bras
815 6279 1138 6401 gauche,
1234 6279 1389 6401 qu’il
1449 6279 1640 6401 ſerre
1700 6279 1700 6401 à
1760 6279 1855 6401 ſon
1939 6279 2154 6401 coſté,
2214 6279 2262 6401 en
2357 6279 2716 6401 raccour-

592 6395 843 6524 ciſſant
914 6395 950 6524 la
1034 6395 1356 6524 pointe,
1511 6395 1511 6524 &
1582 6395 1750 6524 puis
1821 6395 2203 6524 continue
2263 6395 2275 6524 à
2382 6395 2704 6524 marcher

580 6524 748 6654 tout
797 6524 1098 6654 ſoudain
1170 6524 1351 6654 avec
1399 6524 1447 6654 le
1508 6524 1676 6654 pied
1737 6524 2026 6654 gauche
2086 6524 2303 6654 eſlevé
2375 6524 2424 6654 en
2484 6524 2713 6654 avant

601 6651 866 6778 devers
900 6651 958 6778 le
1050 6651 1475 6778 Contraire,
1521 6651 1637 6778 luy
1729 6651 2074 6778 mettant,
2131 6651 2304 6778 avec
2361 6651 2419 6778 le
2488 6651 2695 6778 corps

590 6769 881 6916 panché
941 6769 1050 6916 ſur
1111 6769 1159 6916 le
1256 6769 1571 6916 devant,
1668 6769 1704 6916 la
1777 6769 2056 6916 pointe
2128 6769 2177 6916 en
2286 6769 2698 6916 courtoiſie

1335 4872 1657 5050 Cercle
1957 4872 2129 5050 .7.

2842 302 3106 443 contre
3169 302 3220 443 le
3308 302 3484 443 dos,
3597 302 3647 443 de
3710 302 3924 443 façon
4025 302 4189 443 qu’il
4264 302 4340 443 eſt
4428 302 4465 443 en
4554 302 4667 443 luy
4755 302 4818 443 de
4881 302 4931 443 le

2830 427 3344 560 tranſpercer,
3463 427 3463 560 &
3511 427 3571 560 le
3631 427 3870 560 jetter
3917 427 4037 560 par
4085 427 4336 560 terre;
4419 427 4718 560 comme
4766 427 4802 560 il
4849 427 4933 560 eſt

2834 547 2960 683 aiſé
2998 547 3011 683 à
3074 547 3225 683 voir
3276 547 3390 683 par
3427 547 3528 683 les
3579 547 3894 683 figures.

3356 6139 3580 6268 Enſuit
3651 6139 3875 6268 encor
3922 6139 4052 6268 une
4111 6139 4358 6268 autre,
4417 6139 4535 6268 qui
4594 6139 4606 6268 a
4665 6139 4712 6268 le
4806 6139 4959 6268 meſ-

3336 6253 3404 6384 me
3472 6253 4184 6384 commencement
4264 6253 4309 6384 du
4433 6253 4682 6384 Cercle
4795 6253 4841 6384 N.
4908 6253 4942 6384 3.

3323 6388 3366 6490 où
3486 6388 4007 6490 ALEXANDRE
4094 6388 4431 6490 s’avance
4550 6388 4550 6490 &
4626 6388 4833 6490 entre
4909 6388 4952 6490 a-

3321 6511 3433 6638 vec
3495 6511 3545 6638 le
3595 6511 3769 6638 pied
3856 6511 4067 6638 droit,
4129 6511 4179 6638 en
4266 6511 4639 6638 graduant
4689 6511 4963 6638 l’eſpee

2853 6635 3285 6763 contraire,
3402 6635 3413 6763 &
3472 6635 3588 6763 luy
3646 6635 3868 6763 tirant
3926 6635 4066 6763 une
4148 6635 4498 6763 eſtocade
4568 6635 4836 6763 devers
4906 6635 4953 6763 le

2865 6753 3177 6897 viſage;
3255 6753 3593 6897 laquelle
3684 6753 3762 6897 eſt
3866 6753 4282 6897 deſtourné
4360 6753 4412 6897 en
4516 6753 4568 6897 ce
4646 6753 4959 6897 preſent

4733 6891 4960 6980 Cercle

3581 5233 3888 5403 Cercle
4086 5233 4349 5403 N.9.

2841 5463 2972 5587 Ceſte
3008 5463 3044 5587 cy
3091 5463 3151 5587 eſt
3210 5463 3246 5587 du
3294 5463 3401 5587 tout
3437 5463 3723 5587 ſemblable
3771 5463 3782 5587 à
3842 5463 4164 5587 l’operation
4223 5463 4569 5587 precedente,
4617 5463 4819 5587 horſmis
4867 5463 4950 5587 qe

2947 5588 2981 5711 la
3036 5588 3237 5711 parade
3315 5588 3337 5711 de
3415 5588 3672 5711 Zacharie
3727 5588 3739 5711 a
3783 5588 3872 5711 eſté
3928 5588 4062 5711 faite
4118 5588 4474 5711 auparavant
4519 5588 4552 5711 en
4619 5588 4753 5711 deſtou

2947 5712 3236 5829 l’eſtocade
3280 5712 3313 5829 en
3369 5712 3524 5829 haut,
3624 5712 3624 5829 &
3691 5712 4013 5829 maintenant
4068 5712 4102 5829 en
4179 5712 4290 5829 bas;
4368 5712 4368 5829 à
4435 5712 4701 5829 l’occaſion
4779 5712 4845 5829 deq

2992 5834 3308 5957 Alexandre,
3355 5834 3554 5957 faiſant
3635 5834 3858 5957 derechef
3916 5834 4185 5957 l’intrade
4244 5834 4361 5957 avec
4408 5834 4431 5957 le
4478 5834 4595 5957 pied
4653 5834 4876 5957 gauche,
4922 5834 4946 5957 le

2961 5965 3102 6086 bleſſe
3140 5965 3230 6086 par
3281 5965 3434 6086 deſſus
3486 5965 3511 6086 le
3562 5965 3665 6086 bras
3716 5965 3754 6086 au
3818 5965 4074 6086 viſage.

3551 1157 3864 1351 Cercle
4072 1157 4322 1351 N.8.

2862 1392 3049 1513 Durant
3093 1392 3522 1513 qu’Alexandre
3566 1392 3808 1513 s’avance
3951 1392 4083 1513 entre
4138 1392 4248 1513 avec
4281 1392 4314 1513 le
4358 1392 4467 1513 pied
4522 1392 4665 1513 droit,
4709 1392 4742 1513 en
4819 1392 4940 1513 gra-

2960 1515 3109 1635 duant
3162 1515 3354 1635 l’eſpee
3396 1515 3694 1635 contraire,
3758 1515 3875 1635 pour
3950 1515 4120 1635 donner
4162 1515 4184 1635 le
4237 1515 4343 1635 coup
4396 1515 4439 1635 au
4503 1515 4705 1635 viſage,
4748 1515 4928 1635 comme

2959 1639 2994 1751 au
3065 1639 3217 1751 Cercle
3334 1639 3370 1751 N.
3428 1639 3464 1751 3.
3593 1639 3839 1751 Zacharie
3898 1639 3921 1751 le
3992 1639 4109 1751 pare
4203 1639 4203 1751 &
4262 1639 4508 1751 deſtourne
4555 1639 4590 1751 en
4661 1639 4696 1751 ce
4778 1639 4931 1751 Cercle

2940 1765 3147 1882 preſent
3191 1765 3300 1882 vers
3355 1765 3387 1882 le
3442 1765 3595 1882 haut,
3638 1765 3671 1882 en
3737 1765 3878 1882 uſant
3944 1765 3977 1882 de
4020 1765 4173 1882 force;
4228 1765 4260 1882 de
4326 1765 4533 1882 maniere
4577 1765 4926 1882 qu’Alexan-

2958 1886 3031 2007 dre
3067 1886 3091 2007 le
3140 1886 3273 2007 laiſſe
3333 1886 3478 2007 aller,
3515 1886 3769 2007 plantant
3805 1886 3829 2007 le
3890 1886 3998 2007 pied
4071 1886 4180 2007 droit
4228 1886 4386 2007 eslevé
4434 1886 4434 2007 à
4494 1886 4531 2007 la
4579 1886 4724 2007 lettre
4785 1886 4821 2007 I,

2943 2004 3145 2134 faiſant
3204 2004 3464 2134 l’intrade
3511 2004 3618 2134 avec
3689 2004 3724 2134 le
3795 2004 3984 2134 gauche
4031 2004 4114 2134 ſur
4162 2004 4197 2134 la
4268 2004 4398 2134 ligne
4457 2004 4587 2134 entre
4658 2004 4717 2134 les
4753 2004 4942 2134 lettres

2993 2130 3097 2254 V&
3213 2130 3259 2254 V,
3294 2130 3328 2254 en
3375 2130 3444 2254 luy
3502 2130 3722 2254 donnant
3768 2130 4046 2254 l’atteinte
4116 2130 4151 2254 au
4208 2130 4324 2254 coſté
4382 2130 4533 2254 droit.
