5520 7640
654 322 892 465 Cercle
954 322 1067 465 par
1166 322 1641 465 ZACHARIE,
1716 322 1766 465 en
1841 322 2203 465 pouſſant
2253 322 2528 465 l’eſpee
2590 322 2740 465 con-

612 449 839 591 traire
923 449 1054 591 d’un
1161 449 1388 591 grand
1472 449 1687 591 effort
1770 449 1949 591 avec
2021 449 2057 591 la
2140 449 2403 591 ſienne
2463 449 2475 591 à
2582 449 2725 591 main

630 571 921 717 gauche
994 571 1152 717 vers
1200 571 1249 717 le
1321 571 1467 717 bas.
1600 571 1770 717 Dont
1879 571 1891 717 A
1952 571 2412 717 LEXANDRE
2485 571 2740 717 faiſant

601 702 961 827 l’intrade
1033 702 1213 827 avec
1273 702 1321 827 le
1405 702 1573 827 pied
1645 702 1982 827 gauche,
2042 702 2390 827 rameine
2450 702 2498 827 ſa
2546 702 2738 827 lame

612 819 723 968 par
797 819 1131 968 cavation
1217 819 1279 968 de
1353 819 1650 968 deſſous
1712 819 1761 968 en
1860 819 2132 968 deſſus,
2169 819 2738 968 l’affermiſſant

607 949 787 1070 avec
836 949 896 1070 le
944 949 1101 1070 bras
1149 949 1161 1070 à
1233 949 1330 1070 ſon
1414 949 1607 1070 coſté
1679 949 1896 1070 droit,
1968 949 2016 1070 en
2089 949 2378 1070 laiſſant
2438 949 2739 1070 eſchap-

608 1077 732 1215 per
855 1077 855 1215 &
916 1077 1396 1215 tresbucher
1446 1077 1483 1215 la
1556 1077 1975 1215 contraire,
2037 1077 2209 1215 ainſi
2258 1077 2295 1215 il
2332 1077 2591 1215 plante
2640 1077 2751 1215 les

613 1208 881 1335 orteils
954 1208 1003 1335 du
1076 1208 1247 1335 pied
1320 1208 1552 1335 eſlevé
1613 1208 1674 1335 un
1747 1208 1869 1335 peu
1954 1208 2003 1335 en
2088 1208 2259 1335 deçà
2308 1208 2357 1335 le
2454 1208 2735 1335 Diame-

602 1325 702 1457 tre
752 1325 976 1457 lettre
1064 1325 1114 1457 V,
1164 1325 1263 1457 ſur
1313 1325 1613 1457 lequel,
1663 1325 1825 1457 tant
1875 1325 1987 1457 par
2037 1325 2075 1457 la
2137 1325 2374 1457 pliure
2449 1325 2499 1457 du
2599 1325 2749 1457 meſ-

627 1456 708 1585 me
778 1456 1046 1585 genou,
1104 1456 1406 1585 comme
1465 1456 1581 1585 par
1628 1456 2291 1585 l’entrainement
2361 1456 2419 1585 de
2466 1456 2733 1585 l’autre

598 1582 798 1709 pied,
848 1582 885 1709 il
948 1582 998 1709 ſe
1048 1582 1360 1709 panche
1423 1582 1473 1709 en
1560 1582 1861 1709 devant,
1986 1582 1986 1709 &
2061 1582 2448 1709 enſemble
2523 1582 2748 1709 porte

585 1709 655 1839 un
770 1709 943 1839 coup
1047 1709 1544 1839 d’eſtocade,
1613 1709 1786 1839 avec
1856 1709 1902 1839 ſa
1971 1709 2248 1839 pointe
2341 1709 2733 1839 montante

587 1832 649 1962 au
736 1832 984 1962 deſſus
1058 1832 1108 1962 du
1182 1832 1343 1962 bras
1430 1832 1852 1962 contraire,
1914 1832 1976 1962 au
2050 1832 2298 1962 viſage
2372 1832 2732 1962 d’iceluy;

591 1959 776 2088 ſelon
868 1959 1026 2088 qu’il
1092 1959 1171 2088 eſt
1237 1959 1684 2088 repreſenté
1737 1959 1855 2088 par
1908 1959 2013 2088 les
2066 1959 2395 2088 figures.

3043 290 3089 419 me
3136 290 3300 419 temps
3359 290 3558 419 abaiſſe
3593 290 3629 419 la
3676 290 3851 419 pointe
3910 290 3945 419 de
4015 290 4051 419 ſa
4121 290 4273 419 lame,
4344 290 4379 419 en
4473 290 4695 419 mettant
4730 290 4977 419 enſemble
5035 290 5059 419 la

3035 403 3191 546 garde
3239 403 3323 546 par
3395 403 3586 546 deſſous
3622 403 3802 546 contre
3862 403 4053 546 l’eſpee
4125 403 4149 546 de
4197 403 4604 546 l’Adverſaire
4664 403 4748 546 qui
4796 403 4964 546 monte,
5012 403 5072 546 la-

3026 539 3182 675 quelle
3230 539 3266 675 il
3314 539 3555 675 pourſuit
3627 539 3627 675 à
3711 539 3939 675 graduer
4012 539 4132 675 ainſi
4180 539 4264 675 par
4336 539 4553 675 deſſous,
4625 539 4913 675 moyennant
4961 539 5058 675 l’in-

3023 667 3180 800 trade
3241 667 3277 800 du
3338 667 3459 800 pied
3507 667 3664 800 droit,
3737 667 3773 800 en
3846 667 4064 800 bleſſant
4124 667 4149 800 le
4221 667 4500 800 Contraire
4584 667 4766 800 deſſous
4826 667 4851 800 le
4923 667 5068 800 meſme

3015 810 3128 923 bras
3184 810 3218 923 au
3274 810 3398 923 coſté
3455 810 3601 923 droit.

3421 944 3574 1074 Oicy
3663 944 4491 1074 qu’ALEXANDRE
4555 944 4720 1074 s’eſt
4784 944 5051 1074 avancé

3365 1070 4048 1200 preallablement
4142 1070 4189 1200 en
4307 1070 4671 1200 dedans,
4766 1070 4930 1200 avec
5001 1070 5048 1200 le

3371 1197 3539 1326 pied
3629 1197 3810 1326 droit
3888 1197 4017 1326 par
4094 1197 4236 1326 delà
4314 1197 4378 1326 le
4494 1197 4869 1326 Diametre
4933 1197 4946 1326 à
5011 1197 5050 1326 la

3366 1329 3586 1450 lettre
3664 1329 3716 1450 I,
3832 1329 4221 1450 graduant
4298 1329 4609 1450 l’eſpee,
4739 1329 4752 1450 &
4829 1329 5049 1450 eſtant

2914 1457 3077 1588 deſia
3152 1457 3202 1588 en
3277 1457 3427 1588 ae
3515 1457 3565 1588 de
3628 1457 4103 1588 pourſuivre
4166 1457 4354 1588 avec
4391 1457 4454 1588 le
4504 1457 4679 1588 pied
4742 1457 5055 1588 gauche,

2896 1583 3203 1720 comme
3285 1583 3332 1720 en
3439 1583 3898 1720 l’operation
3993 1583 4582 1720 precedente;
4677 1583 4783 1720 ſur
4853 1583 5042 1720 quoy

2923 1710 3400 1832 ZACHARIE
3461 1710 3510 1832 ſe
3583 1710 3852 1832 hauſſe
3925 1710 3998 1832 un
4084 1710 4279 1832 petit
4353 1710 4365 1832 à
4426 1710 4683 1832 niveau
4768 1710 4829 1832 le
4890 1710 5037 1832 bras

2884 1842 3073 1971 avec
3136 1842 3476 1971 l’eſpee,
3602 1842 3602 1971 &
3665 1842 3791 1971 luy
3866 1842 4030 1971 pare
4106 1842 4156 1971 le
4232 1842 4458 1971 coup,
4521 1842 4559 1971 en
4634 1842 4836 1971 ſorte
4911 1842 5037 1971 que

2897 1969 3048 2092 c’eſt
3124 1969 3301 2092 tout
3364 1969 3528 2092 qu’il
3578 1969 3629 2092 ſe
3692 1969 3982 2092 couvre
4032 1969 4095 2092 le
4158 1969 4436 2092 viſage.
4549 1969 4600 2092 Or
4688 1969 5054 2092 ALEXAN-

2904 2093 3050 2227 DRE
3123 2093 3171 2227 en
3269 2093 3500 2227 ayant
3573 2093 4315 2227 l’advertiſſement
4400 2093 4461 2227 du
4571 2093 5045 2227 Sentiment,

2881 2225 2942 2350 au
3064 2225 3333 2350 meſme
3394 2225 3663 2350 temps
3749 2225 4043 2350 devalle
4128 2225 4165 2350 ſa
4251 2225 4520 2350 pointe
4605 2225 4617 2350 à
4691 2225 4887 2350 l’aide
4972 2225 5021 2350 du

2880 2351 3250 2474 poignet,
3324 2351 3730 2474 s’eſlevant
3804 2351 3976 2474 auſſi
4050 2351 4112 2474 un
4198 2351 4321 2474 peu
4395 2351 4457 2474 le
4531 2351 4691 2474 bras
4765 2351 4937 2474 avec
4999 2351 5036 2474 la

2893 2480 3156 2614 garde,
3208 2480 3563 2614 laquelle
3615 2480 3641 2614 il
3694 2480 4101 2614 accouple
4153 2480 4271 2614 par
4350 2480 4652 2614 deſſous
4718 2480 4718 2614 à
4796 2480 5046 2614 l’eſpee

2887 2612 3322 2739 contraire,
3443 2612 3443 2739 &
3516 2612 3903 2739 continue
3951 2612 3963 2739 à
4036 2612 4084 2739 en
4169 2612 4350 2739 faire
4423 2612 4459 2739 la
4556 2612 5028 2739 graduation,

2892 2735 2943 2859 en
3058 2735 3389 2859 mettant
3452 2735 3516 2859 le
3580 2735 3758 2859 pied
3835 2735 4128 2859 gauche
4178 2735 4191 2859 à
4242 2735 4293 2859 la
4357 2735 4599 2859 lettre
4701 2735 4752 2859 G,
4866 2735 4866 2859 &
4943 2735 5045 2859 en-

2877 2864 3075 2982 trant
3162 2864 3224 2982 du
3298 2864 3471 2982 pied
3545 2864 3730 2982 droit
3780 2864 3891 2982 ſur
3941 2864 3978 2982 la
4077 2864 4534 2982 Collaterale
4608 2864 5029 2982 Interieure

2892 2994 3094 3120 entre
3144 2994 3245 3120 les
3320 2994 3509 3120 deux
3572 2994 3862 3120 lettres
3950 2994 3950 3120 L
4063 2994 4063 3120 &
4189 2994 4252 3120 Q,
4340 2994 4403 3120 où
4479 2994 4517 3120 il
4580 2994 4642 3120 ſe
4718 2994 4768 3120 va
4857 2994 5033 3120 char-

2887 3119 3001 3252 ger
3128 3119 3141 3252 &
3217 3119 3571 3252 pancher
3647 3119 3698 3252 le
3799 3119 4027 3252 corps
4116 3119 4357 3252 deſſus
4420 3119 4610 3252 avec
4673 3119 4724 3252 le
4800 3119 5015 3252 genou

2872 3245 3041 3371 plié,
3101 3245 3149 3371 en
3233 3245 3595 3371 donnant
3655 3245 4065 3371 enſemble
4114 3245 4258 3371 une
4331 3245 4692 3371 eſtocade
4741 3245 5042 3371 auCon-

2875 3371 3107 3506 traire
3159 3371 3481 3506 deſſous
3520 3371 3572 3506 le
3662 3371 3920 3506 meſme
3972 3371 4152 3506 bras
4255 3371 4255 3506 &
4307 3371 4578 3506 l’eſpee
4655 3371 4810 3506 qu’il
4849 3371 5042 3506 hauſ-

2875 3498 2924 3638 ſe
2986 3498 3048 3638 au
3135 3498 3321 3638 coſté
3396 3498 3644 3638 droit;
3718 3498 3768 3638 en
3867 3498 4351 3638 conformité
4426 3498 4538 3638 des
4600 3498 4910 3638 figures.

3571 4045 3888 4224 Cercle
4114 4045 4477 4224 N.12.

2904 4259 3017 4391 Ainſi
3051 4259 3494 4391 qu’Alexandre
3562 4259 3755 4391 marche
3823 4259 4016 4391 dedans
4062 4259 4187 4391 avec
4232 4259 4266 4391 le
4311 4259 4425 4391 pied
4482 4259 4618 4391 droit,
4675 4259 4709 4391 en
4766 4259 5015 4391 graduant

2979 4390 3176 4521 l’eſpee
3222 4390 3511 4521 contraire,
3569 4390 3754 4521 conme
3812 4390 3858 4521 au
3928 4390 4090 4521 Cercle
4194 4390 4228 4521 N.
4275 4390 4367 4521 10.
4460 4390 4703 4521 Lacharie
4760 4390 4818 4521 luy
4864 4390 5015 4521 tranſ-

2984 4520 3120 4648 porte
3165 4520 3358 4648 l’eſpee
3403 4520 3437 4648 en
3517 4520 3698 4648 dehors
3777 4520 3811 4648 du
3868 4520 3981 4648 bras
4027 4520 4027 4648 à
4095 4520 4208 4648 main
4276 4520 4457 4648 droite.
4559 4520 4661 4648 Dont
4752 4520 5024 4648 Alexandre

2976 4643 3069 4771 fait
3122 4643 3153 4771 en
3216 4643 3247 4771 ce
3320 4643 3477 4771 meſie
3529 4643 3696 4771 temps
3748 4643 3831 4771 une
3873 4643 4134 4771 cavation
4186 4643 4228 4771 au
4280 4643 4552 4771 contraire
4604 4643 4708 4771 avec
4771 4643 4802 4771 ſa
4844 4643 4969 4771 lame
5011 4643 5011 4771 à

2977 4764 3145 4898 l’aide
3212 4764 3246 4898 du
3314 4764 3572 4898 poignet,
3628 4764 4021 4898 l’accouplant
4077 4764 4111 4898 en
4201 4764 4392 4898 dedans
4448 4764 4482 4898 du
4538 4764 4650 4898 bras
4717 4764 4717 4898 à
4807 4764 4942 4898 moins
4987 4764 5009 4898 de

3039 4897 3275 5034 Nombres
3334 4897 3370 5034 de
3417 4897 3606 5034 l’eſpee
3665 4897 3995 5034 contraire,
4066 4897 4302 5034 laquelle
4361 4897 4667 5034 graduant,
4703 4897 4738 5034 il
4785 4897 4950 5034 plante
4998 4897 5021 5034 le

2978 5024 3100 5165 pied
3136 5024 3306 5165 eſlevé
3367 5024 3367 5165 à
3427 5024 3464 5165 la
3524 5024 3682 5165 lettre
3743 5024 3791 5165 I,
3852 5024 3973 5165 pour
4022 5024 4350 5165 pourſuivre
4398 5024 4507 5165 avec
4556 5024 4580 5165 le
4641 5024 4750 5165 pied
4811 5024 5017 5165 gauche,

3033 5151 3033 5288 &
3095 5151 3157 5288 luy
3206 5151 3479 5288 preſenter
3516 5151 3566 5288 ſa
3615 5151 3789 5288 pointe
3851 5151 4037 5288 devant
4074 5151 4099 5288 le
4148 5151 4421 5288 viſage.

3359 5287 3566 5421 Vrant
3638 5287 4366 5421 qu’ALEXANDRE
4475 5287 4754 5421 marche
4863 5287 4863 5421 &
4924 5287 5008 5421 en-

3323 5430 3418 5541 tre
3514 5430 3573 5541 de
3656 5430 3692 5541 la
3811 5430 4192 5541 Premiere
4275 5430 4633 5541 Inſtance
4728 5430 4895 5541 avec
4954 5430 5002 5541 le

3323 5556 3501 5696 pied
3578 5556 3756 5696 droit
3833 5556 3947 5696 par
4036 5556 4177 5696 delà
4240 5556 4304 5696 le
4406 5556 4813 5696 Diametre,
4890 5556 5017 5696 gra-

3345 5680 3566 5826 duant
3639 5680 3909 5826 l’eſpee
3995 5680 4387 5826 contraire
4472 5680 4583 5826 par
4656 5680 4913 5826 dehors
4962 5680 5011 5826 le

2857 5800 3062 5936 bras,
3110 5800 3303 5936 pour
3363 5800 3411 5936 le
3484 5800 3761 5936 bleſſer
3833 5800 3894 5936 de
3954 5800 4207 5936 prime
4256 5800 4653 5936 intention
4738 5800 4798 5936 au
4870 5800 5015 5936 viſa-

2880 5938 2978 6074 ge,
3052 5938 3348 6074 comme
3398 5938 3435 6074 il
3496 5938 3509 6074 a
3595 5938 3731 6074 eſté
3817 5938 3903 6074 dit
4027 5938 4027 6074 &
4101 5938 4557 6074 repreſenté
4619 5938 4668 6074 au
4779 5938 5001 6074 Cercle

2921 6057 2958 6206 N.
3008 6057 3120 6206 10.
3232 6057 3407 6206 Pour
3457 6057 3668 6206 parer
3718 6057 3768 6206 le
3843 6057 4079 6206 coup,
4204 6057 4640 6206 ZACHARIE
4715 6057 4827 6206 luy
4914 6057 5001 6206 de-

2856 6179 3174 6325 ſtourne
3235 6179 3504 6325 l’eſpee
3565 6179 3748 6325 avec
3822 6179 4042 6325 grand
4103 6179 4335 6325 poids
4384 6179 4396 6325 à
4506 6179 4653 6325 main
4751 6179 5008 6325 droite.

2875 6308 2992 6463 Sur
3083 6308 3290 6463 quoy
3394 6308 4003 6463 ALEXANDRE,
4081 6308 4198 6463 qui
4262 6308 4742 6463 l’apperçoit
4794 6308 4898 6463 par
4962 6308 5001 6463 le

2880 6436 3371 6587 Sentiment,
3442 6436 3562 6587 fait
3634 6436 3693 6587 au
3789 6436 4052 6587 meſme
4124 6436 4387 6587 temps
4459 6436 4638 6587 avec
4710 6436 4758 6587 ſa
4830 6436 5009 6587 lame

2853 6571 2996 6699 une
3056 6571 3401 6699 cavation
3485 6571 3544 6699 de
3616 6571 3890 6699 dehors
3937 6571 3985 6699 le
4045 6571 4212 6699 bras
4271 6571 4319 6699 en
4414 6571 4724 6699 dedans,
4760 6571 4760 6699 à
4807 6571 4998 6699 l’aide

2878 6688 2928 6828 du
3002 6688 3373 6828 poignet,
3447 6688 3496 6828 en
3583 6688 4090 6828 accouplant
4152 6688 4201 6828 le
4313 6688 4585 6828 Centre
4647 6688 4696 6828 au
4844 6688 4882 6828 N.
4956 6688 4993 6828 4.

2867 6820 2917 6974 ou
3005 6820 3043 6974 5.
3118 6820 3181 6974 de
3231 6820 3269 6974 la
3357 6820 3796 6974 Contraire,
3834 6820 4198 6974 laquelle
4236 6820 4273 6974 il
4336 6820 4650 6974 gradue,
4700 6820 4751 6974 en
4813 6820 5014 6974 avan-

2866 6945 3035 7101 çant
3100 6945 3152 7101 le
3243 6945 3491 7101 corps,
3556 6945 3751 7101 pour
3803 6945 4116 7101 planter
4168 6945 4220 7101 le
4285 6945 4467 7101 pied
4532 6945 4715 7101 droit
4780 6945 5001 7101 eſlevé

4912 7097 4925 7185 à
4963 7097 5002 7185 la

1344 2487 1641 2657 Cercle
1869 2487 2166 2657 N.10.

603 2697 648 2822 En
693 2697 817 2822 ſuite
885 2697 919 2822 de
964 2697 998 2822 ce
1054 2697 1133 2822 que
1189 2697 1325 2822 touts
1381 2697 1505 2822 deux
1550 2697 1629 2822 ont
1674 2697 1787 2822 tenu
1843 2697 1911 2822 les
1945 2697 2125 2822 eſpees
2159 2697 2204 2822 en
2272 2697 2419 2822 droite
2464 2697 2599 2822 ligne
2644 2697 2656 2822 à
2701 2697 2735 2822 la

723 2826 975 2947 Premiere
1023 2826 1298 2947 Inſtance;
1430 2826 1729 2947 Alexandre
1777 2826 1969 2947 avance
2005 2826 2041 2947 le
2089 2826 2208 2947 pied
2256 2826 2400 2947 droit,
2508 2826 2508 2947 &
2556 2826 2735 2947 hauſſe

696 2950 941 3077 enſemble
996 2950 1041 3077 un
1085 2950 1218 3077 petit
1263 2950 1296 3077 le
1340 2950 1485 3077 bras,
1518 2950 1563 3077 en
1607 2950 1740 3077 ſorte
1785 2950 1907 3077 qu’il
1951 2950 1985 3077 en
2051 2950 2185 3077 joint
2240 2950 2274 3077 la
2318 2950 2540 3077 branche
2585 2950 2740 3077 exte-

697 3081 869 3205 rieure
927 3081 961 3205 de
995 3081 1041 3205 ſa
1087 3081 1248 3205 garde
1306 3081 1397 3205 par
1455 3081 1639 3205 deſſous
1673 3081 1719 3205 au
1799 3081 1834 3205 1.
1903 3081 1937 3205 ou
2029 3081 2063 3205 2.
2167 3081 2374 3205 Nombre
2431 3081 2465 3205 de
2511 3081 2546 3205 la
2615 3081 2741 3205 lame

692 3208 997 3331 contraire,
1062 3208 1291 3331 laquelle
1345 3208 1585 3331 croiſant
1683 3208 1683 3331 &
1748 3208 2010 3331 couvrant
2075 3208 2162 3331 par
2227 3208 2260 3331 en
2336 3208 2467 3331 baut
2532 3208 2641 3331 avec
2696 3208 2728 3331 la

691 3331 876 3464 ſienne,
925 3331 962 3464 il
999 3331 1048 3464 va
1109 3331 1367 3464 graduer,
1453 3331 1465 3464 &
1514 3331 1723 3464 planter
1772 3331 1797 3464 le
1846 3331 1957 3464 pied
1993 3331 2153 3464 eſlevé
2214 3331 2300 3464 par
2374 3331 2460 3464 delà
2509 3331 2534 3464 le
2620 3331 2730 3464 Dia-

708 3459 845 3589 metre
903 3459 903 3589 à
960 3459 994 3589 la
1040 3459 1188 3589 lettre
1245 3459 1291 3589 I,
1348 3459 1519 3589 aßiſté
1565 3459 1679 3589 avec
1725 3459 1770 3589 un
1827 3459 2181 3589 panchement
2250 3459 2284 3589 du
2330 3459 2478 3589 corps
2524 3459 2535 3589 à
2593 3459 2730 3589 l’en-

684 3587 820 3714 vers,
888 3587 922 3714 de
956 3587 1002 3714 la
1070 3587 1331 3714 pourſuite
1376 3587 1671 3714 circulaire
1728 3587 1762 3714 du
1830 3587 1943 3714 pied
2011 3587 2238 3714 gauche,
2272 3587 2318 3714 en
2363 3587 2443 3714 luy
2499 3587 2726 3714 mettant

679 3711 722 3837 la
764 3711 925 3837 pointe
989 3711 1171 3837 devant
1214 3711 1278 3837 les
1320 3711 1470 3837 yeux.

1065 3859 1116 3989 Es
1180 3859 1371 3989 deux
1472 3859 1905 3989 Contraires
1981 3859 2337 3989 s’eſtants
2401 3859 2719 3989 plantez

1031 3985 1709 4117 preallablement
1795 3985 1844 4117 en
1980 3985 2361 4117 Premiere
2435 3985 2731 4117 Inſtan-

1044 4113 1153 4237 ce,
1237 4113 1418 4237 avec
1479 4113 1575 4237 les
1660 4113 1914 4237 eſpees
1986 4113 2034 4237 en
2143 4113 2385 4237 droite
2457 4113 2711 4237 ligne;

1041 4240 1214 4359 celle
1288 4240 1917 4359 d’ALEXANDRE
1978 4240 2348 4359 paralelle
2422 4240 2471 4359 au
2595 4240 2730 4359 deſ-

566 4371 740 4498 ſous
814 4371 876 4498 de
950 4371 988 4498 la
1111 4371 1545 4498 Contraire,
1632 4371 1941 4498 comme
2016 4371 2078 4498 au
2214 4371 2462 4498 Cercle
2586 4371 2623 4498 N.
2685 4371 2722 4498 1.

627 4493 1093 4609 Maintenant
1166 4493 1215 4609 en
1326 4493 1375 4609 ce
1485 4493 1730 4609 Cercle
1804 4493 2171 4609 preſent,
2245 4493 2282 4609 il
2355 4493 2588 4609 eſleve
2662 4493 2711 4609 le

563 4618 733 4745 pied
830 4618 1048 4745 droit,
1109 4618 1290 4745 avec
1351 4618 1399 4745 le
1460 4618 1630 4745 bras
1690 4618 2139 4745 enſemble,
2272 4618 2272 4745 &
2321 4618 2369 4745 la
2442 4618 2708 4745 pointe

582 4745 641 4870 de
689 4745 795 4870 ſon
878 4745 1079 4870 eſpee
1161 4745 1599 4870 montante,
1670 4745 1729 4870 de
1776 4745 2154 4870 laquelle,
2202 4745 2249 4870 en
2320 4745 2710 4870 avançant

563 4873 611 4998 le
683 4873 923 4998 corps,
983 4873 1019 4998 il
1091 4873 1380 4998 couvre
1488 4873 1488 4998 &
1560 4873 1789 4998 croiſe
1837 4873 2101 4998 l’eſpee
2185 4873 2606 4998 contraire,
2666 4873 2702 4998 la

561 4995 1030 5120 ſurprenant
1124 4995 1171 5120 en
1264 4995 1546 5120 dehors
1640 4995 1686 5120 du
1769 4995 1933 5120 bras
2003 4995 2179 5120 avec
2237 4995 2273 5120 ſa
2355 4995 2706 5120 branche

577 5123 1029 5244 exterieure
1100 5123 1148 5244 au
1302 5123 1338 5244 N.
1421 5123 1457 5244 2.
1623 5123 1623 5244 &
1707 5123 2087 5244 graduant
2170 5123 2349 5244 avec
2420 5123 2468 5244 le
2539 5123 2705 5244 bras

575 5245 935 5369 eſtendu,
995 5245 1055 5369 de
1115 5245 1307 5369 ſorte
1379 5245 1559 5369 qu’en
1643 5245 2039 5369 panchant
2087 5245 2135 5369 le
2207 5245 2423 5369 corps
2483 5245 2495 5369 a
2567 5245 2711 5369 len-

573 5369 757 5494 vers,
831 5369 1101 5494 durant
1162 5369 1518 5494 l’intrade
1604 5369 1653 5494 du
1739 5369 1911 5494 pied
1997 5369 2181 5494 droit
2255 5369 2365 5494 par
2451 5369 2586 5494 delà
2648 5369 2709 5494 le

601 5496 982 5617 Diametre
1058 5496 1058 5617 à
1134 5496 1172 5617 la
1248 5496 1477 5617 lettre
1553 5496 1604 5617 I,
1642 5496 1680 5617 il
1743 5496 2111 5617 preſente
2187 5496 2593 5617 enſemble
2657 5496 2695 5617 la

573 5622 838 5752 pointe
914 5622 977 5752 de
1040 5622 1078 5752 ſa
1154 5622 1343 5752 lame
1394 5622 1823 5752 (l’aſſiſtant
1898 5622 1949 5752 de
2012 5622 2050 5752 la
2113 5622 2517 5752 pourſuite
2605 5622 2719 5752 cir-

571 5748 848 5870 culaire
920 5748 968 5870 du
1053 5748 1221 5870 pied
1294 5748 1619 5870 gauche,
1667 5748 1860 5870 pour
1944 5748 2173 5870 mener
2221 5748 2330 5870 ſur
2378 5748 2414 5870 la
2474 5748 2703 5870 lettre

617 5869 655 5995 G,
770 5869 770 5995 &
847 5869 1103 5995 dreſſer
1167 5869 1218 5995 le
1283 5869 1500 5995 corps
1564 5869 1846 5995 deſſus)
1897 5869 1948 5995 en
2038 5869 2460 5995 courtoiſie
2524 5869 2704 5995 droit

562 6000 622 6132 au
706 6000 945 6132 viſage
1016 6000 1076 6132 de
1124 6000 1698 6132 l’Adverſaire;
1781 6000 2080 6132 comme
2164 6000 2211 6132 on
2307 6000 2462 6132 voit
2534 6000 2582 6132 en
2654 6000 2701 6132 la

562 6131 1191 6269 repreſentation
1277 6131 1388 6269 des
1438 6131 1771 6269 figures.

1321 6268 2112 6493 CercleN.11.

596 6525 887 6648 Alexandre
934 6525 1131 6648 faiſant
1189 6525 1422 6648 derechef
1480 6525 1515 6648 la
1585 6525 1736 6648 meſme
1782 6525 2084 6648 operation,
2131 6525 2317 6648 comme
2352 6525 2387 6648 il
2433 6525 2526 6648 fait
2584 6525 2700 6648 l’in-

680 6655 827 6775 trade
895 6655 929 6775 du
975 6655 1088 6775 pied
1156 6655 1303 6775 droit,
1360 6655 1473 6775 avec
1518 6655 1552 6775 la
1597 6655 1869 6775 pourſuite
1926 6655 1960 6775 du
2028 6655 2254 6775 gauche,
2311 6655 2345 6775 en
2424 6655 2696 6775 graduant

684 6783 874 6913 l’eſpee
942 6783 964 6913 de
1009 6783 1076 6913 ſon
1166 6783 1481 6913 Contraire;
1570 6783 1829 6913 Zacharie
1896 6783 1997 6913 leve
2053 6783 2098 6913 un
2177 6783 2255 6913 peu
2311 6783 2345 6913 le
2401 6783 2513 6913 bras
2581 6783 2693 6913 avec

685 6907 899 7048 l’eſpee,
949 6907 974 7048 ſi
1024 6907 1137 7048 qu’il
1175 6907 1213 7048 en
1263 6907 1439 7048 couvre
1476 6907 1514 7048 le
1564 6907 1752 7048 viſage;
1803 6907 1878 7048 ſur
1916 6907 2041 7048 quoy
2129 6907 2418 7048 Alexandre
2481 6907 2531 7048 au
2594 6907 2707 7048 meſ-
