5520 7640
2914 315 2963 447 la
3012 315 3195 447 jette
3244 315 3354 447 ſur
3403 315 3501 447 ſon
3574 315 3733 447 bras
3794 315 4125 447 gauche,
4186 315 4345 447 qu’il
4394 315 4455 447 ſe
4516 315 4699 447 ſerre
4773 315 5030 447 contre

2919 440 2967 568 le
3050 440 3312 568 corps,
3383 440 3597 568 ayant
3657 440 3919 568 l’autre
3978 440 4133 568 bras
4192 440 4430 568 (pour
4513 440 4704 568 tenir
4763 440 5025 568 l’eſpee

2931 562 3237 699 courte)
3316 562 3612 699 eſtendu
3691 562 3736 699 en
3804 562 4111 699 arriere,
4156 562 4338 699 ainſi
4429 562 4803 699 marchant
4849 562 5030 699 avec

2925 685 2974 817 le
3036 685 3210 817 pied
3273 685 3571 817 gauche
3633 685 3856 817 eſlevé
3943 685 4204 817 devers
4266 685 4304 817 ſa
4378 685 4652 817 partie,
4689 685 4726 817 il
4776 685 4826 817 le
4875 685 5049 817 tou-

2937 809 3059 948 che
3143 809 3204 948 de
3277 809 3313 948 ſa
3398 809 3665 948 pointe
3714 809 3774 948 au
3859 809 4005 948 dos,
4077 809 4296 948 ayant
4356 809 4405 948 le
4478 809 4696 948 corps
4745 809 5036 948 panché

2933 938 2981 1068 en
3053 938 3304 1068 avant,
3411 938 3423 1068 &
3471 938 3519 1068 le
3578 938 3913 1068 pouvoir
3985 938 4045 1068 de
4092 938 4319 1068 jetter
4367 938 4785 1068 l’Ennemy
4833 938 4845 1068 à
4905 938 5048 1068 ter-

2925 1060 3021 1194 re;
3069 1060 3369 1194 ſuivant
3429 1060 3489 1194 ce
3561 1060 3669 1194 qui
3729 1060 3813 1194 eſt
3861 1060 3981 1194 aiſé
4029 1060 4029 1194 à
4101 1060 4630 1194 comprendre
4690 1060 4798 1194 par
4846 1060 4882 1194 la
4942 1060 5038 1194 re-

2934 1183 3454 1312 preſentation
3538 1183 3647 1312 des
3695 1183 4022 1312 figures.

3084 1307 3143 1438 Au
3227 1307 3406 1438 reſte
3465 1307 3775 1438 comme
3835 1307 4287 1438 l’operation
4383 1307 4430 1438 du
4549 1307 4788 1438 Cercle
4907 1307 4943 1438 N.
5002 1307 5050 1438 5.

2939 1433 2995 1561 où
3097 1433 3551 1561 ALExandre
3619 1433 3630 1561 a
3698 1433 4061 1561 preſenté
4118 1433 4163 1561 ſa
4232 1433 4504 1561 pointe
4560 1433 4606 1561 en
4697 1433 5037 1561 courtoi-

2928 1556 3011 1685 ſie
3095 1556 3369 1685 devant
3440 1556 3488 1685 le
3571 1556 3809 1685 viſage
3893 1556 3952 1685 de
4024 1556 4059 1685 ſa
4143 1556 4440 1685 partie,
4512 1556 4690 1685 avec
4750 1556 4810 1685 le
4881 1556 5036 1685 bras

2949 1678 3271 1791 courbé,
3321 1678 3333 1791 a
3407 1678 3544 1791 eſté
3593 1678 3816 1791 ſuivie
3890 1678 3940 1791 du
4051 1678 4287 1791 Cercle
4386 1678 4423 1791 N.
4497 1678 4547 1791 6.
4621 1678 4670 1791 où
4782 1678 5054 1791 ZAcha-

2929 1799 3025 1935 rie
3061 1799 3108 1935 la
3156 1799 3323 1935 pare
3395 1799 3443 1935 en
3514 1799 3872 1935 pouſſant
3920 1799 4016 1935 les
4075 1799 4326 1935 eſpees
4386 1799 4541 1935 vers
4577 1799 4625 1935 le
4684 1799 4816 1935 bas,
4863 1799 5043 1935 dont

2961 1925 3412 2053 ALExandre
3462 1925 3512 2053 l’a
3574 1925 3800 2053 bleſſé
3875 1925 3937 2053 de
4000 1925 4188 2053 taille
4250 1925 4250 2053 à
4300 1925 4338 2053 la
4400 1925 4588 2053 teſte
4638 1925 4751 2053 par
4814 1925 5051 2053 deſſus

2927 2048 2985 2180 le
3043 2048 3228 2180 bras,
3332 2048 3332 2180 &
3401 2048 4129 2180 conſequemment
4186 2048 4302 2180 fini
4348 2048 4787 2180 l’operation
4868 2048 5041 2180 avec

2936 2166 3409 2304 l’eſtocade,
3458 2166 3471 2304 à
3546 2166 3944 2304 preſenter
4006 2166 4056 2304 au
4168 2166 4292 2304 dos
4379 2166 4442 2304 de
4504 2166 5051 2304 l’Adverſaire,

2949 2297 3258 2408 comme
3306 2297 3365 2408 au
3472 2297 3722 2408 Cercle
3829 2297 3865 2408 N.
3936 2297 3972 2408 7.

3043 2418 3225 2548 Auſſi
3273 2418 3697 2548 adviendra
3745 2418 3781 2548 il
3830 2418 4120 2548 ſouvẽt,
4169 2418 4302 2548 que
4350 2418 4580 2548 ladite
4641 2418 5040 2548 operation

2953 2541 3003 2674 du
3127 2541 3363 2674 Cercle
3499 2541 3536 2674 N.
3586 2541 3623 2674 5.
3685 2541 3822 2674 ſera
3896 2541 4120 2674 parée
4194 2541 4256 2674 de
4368 2541 4715 2674 Zacharie
4777 2541 4926 2674 vers
5001 2541 5050 2674 le

2936 2666 3159 2798 haut;
3217 2666 3393 2798 dont
3475 2666 3931 2798 ALExandre
4002 2666 4119 2798 luy
4189 2666 4634 2798 preſentera
4704 2666 5056 2798 pareille-

2973 2792 3144 2920 ment
3201 2792 3236 2920 ſa
3304 2792 3590 2920 courbe
3636 2792 3990 2920 (comme
4047 2792 4104 2920 au
4207 2792 4447 2920 Cercle
4550 2792 4733 2920 N.13)
4790 2792 4836 2920 en
4938 2792 5064 2920 me-

2942 2923 3125 3044 nant
3161 2923 3222 3044 le
3283 2923 3441 3044 bras
3489 2923 3647 3044 plus
3708 2923 3890 3044 haut
3951 2923 4085 3044 que
4145 2923 4182 3044 ſa
4243 2923 4449 3044 teſte,
4559 2923 4571 3044 &
4632 2923 5069 3044 conſequẽ-

2978 3044 3155 3165 ment
3214 3044 3261 3165 en
3343 3044 3555 3165 tirera
3603 3044 3650 3165 le
3720 3044 3897 3165 coup
3980 3044 4039 3165 de
4098 3044 4286 3165 taille
4345 3044 4345 3165 à
4404 3044 4439 3165 la
4498 3044 4746 3165 jambe
4817 3044 5052 3165 droite

2956 3165 3017 3293 de
3066 3165 3115 3293 ſa
3163 3165 3432 3293 partie,
3469 3165 3823 3293 (comme
3884 3165 3933 3293 au
4043 3165 4287 3293 Cercle
4385 3165 4421 3293 N.
4458 3165 4592 3293 14.)
4641 3165 4824 3293 pour
4898 3165 5056 3293 con-

2945 3289 3198 3411 tinuer
3249 3289 3287 3411 la
3350 3289 3528 3411 ſuite
3604 3289 3655 3411 de
3705 3289 4162 3411 l’operation
4250 3289 4288 3411 du
4415 3289 4656 3411 Cercle
4757 3289 4808 3411 N.
4871 3289 4909 3411 7.

3095 3410 3162 3517 Le
3229 3410 3656 3517 ſemblable
3736 3410 3790 3517 en
3870 3410 3950 3517 eſt
4003 3410 4043 3517 il
4110 3410 4164 3517 du
4284 3410 4524 3517 Cercle
4645 3410 4685 3517 N.
4738 3410 4832 3517 12.
4965 3410 5072 3517 Car

2944 3539 3783 3660 ainſiqu’ALExandre
3845 3539 3931 3660 eſt
3981 3539 4425 3660 repreſenté
4474 3539 4560 3660 la,
4610 3539 5054 3660 preſentant

2939 3663 2986 3784 ſa
3067 3663 3336 3784 pointe
3429 3663 3476 3784 en
3581 3663 3861 3784 dedans
3931 3663 3978 3784 du
4048 3663 4211 3784 bras
4281 3663 4456 3784 droit
4514 3663 4643 3784 aux
4713 3663 4911 3784 yeux
4993 3663 5051 3784 de

2944 3781 3520 3915 l’Adverſaire;
3592 3781 3652 3915 ce
3736 3781 3868 3915 que
3964 3781 4301 3915 ZAcharie
4361 3781 4565 3915 pare,
4613 3781 4661 3915 en
4769 3781 5057 3915 menant

2940 3905 2986 4036 le
3044 3905 3207 4036 bras
3312 3905 3324 4036 &
3370 3905 3638 4036 l’eſpee
3696 3905 3859 4036 vers
3905 3905 3952 4036 le
4010 3905 4219 4036 haut,
4266 3905 4615 4036 (comme
4684 3905 4731 4036 on
4801 3905 4847 4036 le
4917 3905 5057 4036 voit

2945 4025 2995 4158 au
3107 4025 3344 4158 Cercle
3456 4025 3494 4158 N.
3544 4025 3694 4158 13.)
3756 4025 4068 4158 dequoy
4130 4025 4243 4158 s’en
4305 4025 4467 4158 ſont
4529 4025 4916 4158 enſuivies
4954 4025 5054 4158 les

2958 4152 3413 4286 operations
3474 4152 3584 4286 des
3670 4152 3965 4286 Cercles
4063 4152 4113 4286 N.
4162 4152 4272 4286 14.
4370 4152 4383 4286 &
4481 4152 4530 4286 N.
4591 4152 4628 4286 7.

3102 4268 3277 4406 Ainſi
3328 4268 3753 4406 adviendra
3803 4268 3828 4406 il
3891 4268 4279 4406 quelques
4329 4268 4492 4406 fois,
4542 4268 4667 4406 que
4718 4268 5068 4406 l’Adver-

2946 4392 3122 4529 ſaire
3172 4392 3322 4529 fera
3385 4392 3423 4529 là
3498 4392 3736 4529 deſſus
3799 4392 3836 4529 ſa
3924 4392 4237 4529 parade,
4300 4392 4350 4529 en
4413 4392 4777 4529 pouſſant
4827 4392 4927 4529 les
4977 4392 5065 4529 la-

2973 4530 3105 4648 mes
3177 4530 3334 4648 vers
3394 4530 3442 4648 le
3515 4530 3635 4648 bas
3731 4530 4105 4648 (comme
4153 4530 4213 4648 au
4333 4530 4574 4648 Cercle
4695 4530 4731 4648 N.
4803 4530 4875 4648 6.)
4960 4530 5056 4648 ſur

2954 4651 3162 4768 quoy
3211 4651 3358 4768 ſera
3431 4651 3663 4768 donné
3712 4651 3761 4768 le
3822 4651 4006 4768 coup
4091 4651 4140 4768 de
4201 4651 4397 4768 taille
4446 4651 4446 4768 à
4507 4651 4544 4768 la
4605 4651 4825 4768 teſte;
4923 4651 4923 4768 &
4996 4651 5045 4768 en

2945 4769 3169 4897 ſuite,
3219 4769 3668 4897 l’operation
3755 4769 3805 4897 du
3917 4769 4154 4897 Cercle
4266 4769 4303 4897 N.
4365 4769 4415 4897 7.

3111 4900 3187 5021 De
3251 4900 3441 5021 ſorte
3518 4900 3670 5021 qu’il
3734 4900 3988 5021 faudra
4051 4900 4102 5021 ſe
4166 4900 4381 5021 ſervir
4458 4900 4636 5021 peſle
4724 4900 4915 5021 meſle
4991 4900 5055 5021 de

2946 5019 3213 5142 toutes
3283 5019 3387 5142 ces
3445 5019 3944 5142 operations,
3978 5019 4176 5142 l’une
4222 5019 4489 5142 parmy
4535 5019 4825 5142 l’autre,
4860 5019 5034 5142 ſelon

2968 5146 3093 5264 que
3139 5146 3242 5264 les
3310 5146 3710 5264 occafions
3767 5146 3881 5264 s’en
3950 5146 4543 5264 preſenteront,
4612 5146 4760 5264 ſans
4817 5146 5069 5264 s’atta-

2959 5270 3125 5388 cher
3172 5270 3704 5388 preciſement
3751 5270 3763 5388 à
3810 5270 4082 5388 l’ordre
4153 5270 4224 5388 de
4271 5270 4401 5388 nos
4472 5270 4862 5388 exemples
4945 5270 5051 5388 qui

2966 5396 3284 5515 doivent
3345 5396 3516 5515 eſtre
3578 5396 4042 5515 gouvernez
4091 5396 4214 5515 par
4263 5396 4703 5515 jugement,
4801 5396 4801 5515 &
4850 5396 5033 5515 ſelon

2951 5523 3046 5638 les
3117 5523 3568 5638 exigences.

4940 6894 5084 7034 Pre-

1621 5849 1810 6085 Inſi
1936 5849 2105 6085 que
2189 5849 2863 6085 l’advantage
2968 5849 3052 6085 de
3136 5849 3494 6085 noſtre
3641 5849 3789 6085 Art
3894 5849 4315 6085 conſiſte
4483 5849 4483 6085 &
4589 5849 4694 6085 eſt
4757 5849 5094 6085 fondé

1595 6058 2100 6207 totalement
2180 6058 2233 6207 en
2340 6058 2393 6207 de
2473 6058 2752 6207 petites
2805 6058 3111 6207 aions
3204 6058 3218 6207 &
3271 6058 3324 6207 en
3417 6058 3510 6207 des
3590 6058 4149 6207 mouvements
4202 6058 4495 6207 ſubtils,
4561 6058 4667 6207 par
4721 6058 5053 6207 leſquels

1613 6197 1668 6359 on
1763 6197 2008 6359 gagne
2062 6197 2348 6359 temps,
2470 6197 2484 6359 &
2538 6197 2810 6359 reſerve
2878 6197 2933 6359 on
3014 6197 3110 6359 ſes
3150 6197 3436 6359 forces,
3477 6197 3776 6359 juſqu’à
3831 6197 3994 6359 tant
4062 6197 4225 6359 qu’il
4293 6197 4334 6359 ſe
4416 6197 4769 6359 preſente
4851 6197 5069 6359 occa-

1599 6335 1866 6491 ſionde
1920 6335 2013 6491 les
2067 6335 2494 6491 employer
2574 6335 2734 6491 avec
2814 6335 3108 6491 entiere
3175 6335 3682 6491 reſolution:
3736 6335 3909 6491 auſſi
4016 6335 4016 6491 &
4056 6335 4096 6491 il
4149 6335 4563 6491 neceſſaire
4644 6335 4697 6491 de
4764 6335 5057 6491 ſçavoir

1609 6473 2126 6623 exaement
2203 6473 2629 6623 diſtinguer
2668 6473 2771 6623 les
2810 6473 3042 6623 petits
3133 6473 3727 6623 mouvements,
3817 6473 3830 6623 &
3869 6473 3959 6623 les
4011 6473 4579 6623 preparations
4644 6473 4928 6623 d’iceux
5005 6473 5057 6623 de

1598 6612 1638 6781 la
1706 6612 1938 6781 partie
1992 6612 2346 6781 adverſe,
2401 6612 2591 6781 pour
2646 6612 2932 6781 former
2986 6612 3000 6781 à
3054 6612 3503 6781 l’advenant
3558 6612 3639 6781 les
3708 6612 4034 6781 noſtres.
4143 6612 4198 6781 En
4306 6612 4511 6781 quoy
4592 6612 4783 6781 nous
4851 6612 5069 6781 trou-

710 6754 986 6936 verons
1042 6754 1111 6936 un
1194 6754 1429 6936 grand
1485 6754 2066 6936 ſoulagement
2121 6754 2232 6936 par
2273 6754 2370 6936 les
2412 6754 3131 6936 advertiſſements
3214 6754 3339 6936 que
3408 6754 3920 6936 s’enſuivent.

653 283 666 427 à
717 283 756 427 la
820 283 1063 427 lettre
1127 283 1152 427 I,
1280 283 1280 427 &
1331 283 1741 427 preſenter
1779 283 1830 427 ſa
1881 283 2150 427 pointe
2227 283 2278 427 en
2368 283 2777 427 courtoiſie

651 427 891 556 (avec
951 427 1372 556 pourſuite
1444 427 1841 556 circulaire
1950 427 1998 556 du
2094 427 2262 556 pied
2347 427 2623 556 gauche
2707 427 2792 556 al-

652 552 804 672 lant
867 552 867 672 à
918 552 1158 672 lettre
1259 552 1323 672 G)
1399 552 1576 672 droit
1652 552 1702 672 au
1791 552 2019 672 viſage
2107 552 2171 672 de
2234 552 2778 672 l’Adverſaire,

651 677 735 804 ne
795 677 1059 804 tenant
1131 677 1276 804 qu’à
1336 677 1456 804 luy
1528 677 1588 804 de
1636 677 1696 804 le
1756 677 2129 804 toucher;
2189 677 2381 804 ſelon
2441 677 2490 804 la
2550 677 2790 804 repre-

653 808 1038 947 ſentation
1123 808 1231 947 des
1279 808 1604 947 figures.

1359 950 1683 1120 Cercle
1899 950 2180 1120 N.1a.

1156 1141 1168 1278 R
1242 1141 1602 1278 ainſique
1713 1141 2160 1278 ZACHARIE
2234 1141 2370 1278 voit
2420 1141 2470 1278 la
2532 1141 2792 1278 pointe

1128 1276 1517 1403 contraire
1574 1276 1745 1403 tout
1802 1276 2065 1403 contre
2111 1276 2214 1403 ſon
2294 1276 2556 1403 viſage,
2614 1276 2796 1403 com-

1149 1402 1233 1529 me
1281 1402 1737 1529 l’operation
1809 1402 2301 1529 precedente
2362 1402 2614 1529 porte;
2662 1402 2698 1529 il
2746 1402 2782 1529 la

1145 1527 1566 1648 deſtourne
1638 1527 1686 1648 en
1782 1527 1842 1648 ce
1950 1527 2191 1648 Cercle
2263 1527 2624 1648 preſent,
2732 1527 2780 1648 en

687 1652 988 1775 menant
1023 1652 1080 1775 le
1127 1652 1300 1775 bras
1347 1652 1532 1775 avec
1578 1652 1856 1775 l’eſpee
1913 1652 2075 1775 vers
2122 1652 2168 1775 le
2226 1652 2434 1775 haut.
2561 1652 2573 1775 A
2631 1652 2804 1775 l’oc-

673 1778 893 1899 caſion
986 1778 1300 1899 dequoy
1393 1778 1950 1899 ALEXANDRE
2008 1778 2054 1899 ſe
2136 1778 2414 1899 tourne
2472 1778 2531 1899 au
2647 1778 2798 1899 meſ-

695 1901 769 2024 me
843 1901 1102 2024 temps
1164 1901 1263 2024 ſur
1312 1901 1362 2024 le
1436 1901 1608 2024 pied
1682 1901 1867 2024 droit
1929 1901 1991 2024 le
2065 1901 2262 2024 coſté
2349 1901 2632 2024 gauche
2731 1901 2781 2024 du

673 2021 896 2152 corps
959 2021 1008 2152 en
1070 2021 1331 2152 avant,
1443 2021 1443 2152 &
1505 2021 1554 2152 ſe
1604 2021 1852 2152 hauſſe
1914 2021 2461 2152 pareillement
2535 2021 2796 2152 l’eſpee

661 2152 841 2274 avec
889 2152 937 2274 le
985 2152 1153 2274 bras
1226 2152 1502 2274 courbé
1562 2152 1730 2274 plus
1766 2152 1947 2274 haut
2019 2152 2151 2274 que
2199 2152 2235 2274 la
2307 2152 2512 2274 teſte,
2632 2152 2632 2274 &
2692 2152 2800 2274 en-

660 2272 770 2395 tre
832 2272 1224 2395 enſemble
1273 2272 1457 2395 avec
1506 2272 1555 2395 le
1617 2272 1788 2395 pied
1850 2272 2132 2395 gauche
2193 2272 2242 2395 au
2328 2272 2488 2395 deçà
2549 2272 2598 2395 le
2684 2272 2806 2395 Dia-

698 2404 916 2533 metre
964 2404 976 2533 à
1024 2404 1073 2533 la
1121 2404 1351 2533 lettre
1459 2404 1520 2533 Q,
1580 2404 2039 2533 preſentant
2100 2404 2462 2533 derechef
2522 2404 2704 2533 avec
2752 2404 2800 2533 le

680 2525 886 2641 corps
966 2525 1263 2641 eſtendu
1355 2525 1401 2641 ſa
1481 2525 1756 2641 pointe
1836 2525 2362 2641 deſcendante
2443 2525 2488 2641 en
2603 2525 2809 2641 cour-

677 2650 880 2772 toiſie
956 2650 1146 2772 droit
1196 2650 1247 2772 au
1323 2650 1563 2772 viſage
1639 2650 1703 2772 de
1753 2650 2310 2772 l’Adverſaire;
2373 2650 2551 2772 ſelon
2652 2650 2816 2772 qu’il

676 2773 765 2895 eſt
828 2773 1273 2895 demonſtré
1337 2773 1451 2895 par
1489 2773 1591 2895 les
1642 2773 1973 2895 figures.

1371 2913 1682 3124 Cercle
1932 2913 2244 3124 N34.

1191 3119 1330 3258 Oicy
1419 3119 1900 3258 maintenant
1938 3119 1989 3258 la
2039 3119 2255 3258 ſuite,
2331 3119 2394 3258 de
2470 3119 2533 3258 ce
2597 3119 2812 3258 qu’A-

1148 3255 1706 3388 LEXANDRE
1766 3255 1766 3388 a
1837 3255 2205 3388 preſenté
2253 3255 2300 3388 ſa
2371 3255 2645 3388 pointe
2716 3255 2823 3388 de-

1152 3385 1315 3506 vant
1352 3385 1402 3506 le
1465 3385 1703 3506 viſage
1779 3385 2355 3506 duContraire,
2393 3385 2581 3506 ſelon
2669 3385 2819 3506 qu’il

1146 3504 1344 3623 vient
1414 3504 1705 3623 defaire
1787 3504 1833 3623 en
1892 3504 2346 3623 l’operation
2439 3504 2823 3623 derniere-

705 3637 884 3760 ment
943 3637 1480 3760 precedente:
1552 3637 1611 3760 ce
1683 3637 1814 3760 que
1921 3637 2374 3760 ZACHARIE
2446 3637 2613 3760 pare
2661 3637 2816 3760 icy,

677 3758 725 3879 en
797 3758 1157 3879 hauſſant
1217 3758 1277 3879 le
1349 3758 1505 3879 bras
1565 3758 1733 3879 avec
1805 3758 2081 3879 l’eſpee
2165 3758 2645 3879 d’avantage.
2765 3758 2825 3879 A-

685 3882 1157 4004 LEXANDRE
1225 3882 1619 4004 prennant
1697 3882 1956 4004 bonne
2035 3882 2249 4004 garde
2316 3882 2316 4004 à
2406 3882 2462 4004 ce
2552 3882 2811 4004 meſme

702 4005 1212 4128 mouvement
1280 4005 1529 4128 quitte
1575 4005 1609 4128 ſa
1665 4005 1892 4128 lame,
1983 4005 2277 4128 menant
2334 4005 2402 4128 de
2458 4005 2504 4128 la
2549 4005 2810 4128 ſienne

673 4130 746 4255 un
844 4130 1027 4255 coup
1125 4130 1186 4255 de
1259 4130 1455 4255 taille
1552 4130 1614 4255 de
1675 4130 1858 4255 haut
1919 4130 1919 4255 à
2005 4130 2176 4255 bas,
2261 4130 2310 4255 en
2420 4130 2701 4255 gliſſant
2762 4130 2811 4255 le

675 4256 959 4386 poulce
1034 4256 1342 4386 deſſous
1379 4256 1429 4386 ſa
1491 4256 1824 4386 branche
1874 4256 2343 4386 interieure,
2454 4256 2466 4386 &
2528 4256 2812 4386 paſſant

678 4378 863 4510 avec
925 4378 974 4510 le
1048 4378 1221 4510 pied
1283 4378 1468 4510 droit
1542 4378 1554 4510 à
1628 4378 1826 4510 coſté
1875 4378 1924 4510 en
2011 4378 2183 4510 deçà
2257 4378 2307 4510 au
2393 4378 2677 4510 dehors
2738 4378 2800 4510 du

720 4500 987 4629 Cercle,
1045 4500 1161 4629 luy
1242 4500 1590 4629 donnant
1636 4500 1694 4629 au
1799 4500 2054 4629 meſme
2112 4500 2367 4629 temps
2425 4500 2808 4629 l’atteinte

680 4630 691 4749 à
759 4630 862 4749 los
953 4630 1010 4749 de
1067 4630 1112 4749 la
1169 4630 1431 4749 jambe
1522 4630 1795 4749 droite;
1852 4630 2159 4749 comme
2227 4630 2273 4749 on
2341 4630 2398 4749 le
2455 4630 2603 4749 voit
2671 4630 2807 4749 aux

687 4771 998 4888 figures.

852 4874 900 5001 Or
982 4874 1171 5001 ceſte
1253 4874 1654 5001 operation
1736 4874 2149 5001 achevée,
2267 4874 2726 5001 AExandre
2797 4874 2809 5001 y

690 5000 955 5136 pourra
1051 5000 1461 5136 adjouſter
1545 5000 1738 5136 pour
1822 5000 2003 5136 ſuite
2099 5000 2388 5136 dernier
2485 5000 2653 5136 celle
2737 5000 2798 5136 du

727 5124 970 5253 Cercle
1085 5124 1123 5253 N.
1175 5124 1213 5253 7.
1264 5124 1315 5253 où
1379 5124 1418 5253 il
1469 5124 1520 5253 ſe
1584 5124 1776 5253 volte
1827 5124 1929 5253 ſur
1980 5124 2032 5253 le
2083 5124 2249 5253 pied
2326 5124 2505 5253 droit
2556 5124 2556 5253 à
2658 5124 2799 5253 main

708 5250 1029 5388 gauche,
1065 5250 1446 5388 revenant
1506 5250 1696 5388 droit
1756 5250 1922 5388 avec
1970 5250 2029 5388 le
2077 5250 2244 5388 pied
2315 5250 2601 5388 gauche
2661 5250 2827 5388 eſle-

699 5372 816 5491 vé,
898 5372 1274 5491 delivrant
1403 5372 1403 5491 &
1485 5372 1884 5491 ramenant
1955 5372 2061 5491 ſon
2154 5372 2354 5491 eſpee
2413 5372 2413 5491 à
2495 5372 2671 5491 fleur
2753 5372 2812 5491 de

689 5503 923 5629 terre,
958 5503 1297 5629 laquelle
1343 5503 1378 5629 il
1437 5503 1764 5629 conduit
1811 5503 1822 5629 à
1892 5503 1951 5629 ce
2033 5503 2290 5629 meſme
2348 5503 2593 5629 temps
2652 5503 2815 5629 tout

717 5619 901 5732 droit
962 5619 1011 5732 en
1085 5619 1293 5732 haut,
1428 5619 1428 5732 &
1502 5619 1624 5732 d’en
1698 5619 1869 5732 haut
1943 5619 2004 5732 de
2065 5619 2176 5732 par
2249 5619 2482 5732 deſſus
2531 5619 2568 5732 ſa
2629 5619 2813 5732 teſte
