5520 7640
741 271 1383 471 Premierement
1440 271 1611 471 qu’il
1668 271 1996 471 advient
2068 271 2696 471 ſouventesfois,
2767 271 2895 471 que
2953 271 3010 471 la
3081 271 3324 471 partie
3395 271 3752 471 adverſe,
3823 271 3880 471 en
3966 271 4351 471 plantant
4422 271 4508 471 les
4579 271 4808 471 pieds
4879 271 4979 471 de-

586 416 756 615 dans
803 416 911 615 ſon
1050 416 1576 615 Quadrangle,
1653 416 1653 615 &
1715 416 2195 615 preſentant
2241 416 2520 615 l’eſpee
2581 416 2628 615 en
2721 416 2968 615 droite
3014 416 3246 615 ligne,
3293 416 3494 615 tient
3540 416 3587 615 le
3649 416 3834 615 pied
3896 416 4236 615 gache(
4298 416 4422 615 qui
4499 416 4747 615 devoit
4808 416 4979 615 eſtre

566 558 745 756 tout
805 558 805 756 à
865 558 1014 756 plat
1074 558 1179 756 ſur
1224 558 1268 756 la
1313 558 1522 756 ligne
1597 558 1911 756 Pedale)
1985 558 2045 756 du
2120 558 2284 756 tout
2359 558 2419 756 ou
2493 558 2553 756 en
2628 558 2867 756 partie
2927 558 2986 756 au
3076 558 3360 756 dehors
3435 558 3479 756 de
3554 558 3659 756 ſon
3808 558 4331 756 Quadrangle,
4376 558 4435 756 le
4495 558 4689 756 talon
4779 558 4988 756 d’ice-

563 702 689 894 luy
745 702 998 894 reculé
1069 702 1111 894 en
1195 702 1490 894 arriere,
1560 702 1631 894 de
1673 702 1884 894 ſorte
1954 702 2080 894 que
2122 702 2502 894 l’eſpaule
2572 702 2867 894 gauche
2937 702 2994 894 en
3078 702 3387 894 decline
3457 702 3738 894 dehors
3781 702 3823 894 le
3893 702 4188 894 pourfil
4244 702 4300 894 en
4371 702 4694 894 arriere.
4806 702 4848 894 Or
4919 702 4961 894 en

577 840 757 1020 ceſte
840 840 1241 1020 occaſion,
1282 840 1310 1020 ſi
1393 840 1835 1020 Alexandre
1890 840 2166 1020 pouſſe
2222 840 2401 1020 avec
2457 840 2498 1020 ſa
2553 840 2761 1020 lame
2816 840 2871 1020 en
2968 840 3244 1020 dehors
3313 840 3368 1020 du
3438 840 3603 1020 bras
3659 840 3935 1020 contre
4032 840 4198 1020 celle
4294 840 4350 1020 de
4391 840 4971 1020 l’Adverſaire,

549 983 590 1163 il
645 983 686 1163 la
769 983 1141 1163 trouvera
1238 983 1293 1163 de
1375 983 1430 1163 ce
1513 983 1706 1163 coſté
1761 983 1802 1163 la
1871 983 2037 1163 plus
2078 983 2312 1163 forte;
2409 983 2422 1163 &
2478 983 2519 1163 en
2602 983 2987 1163 pouſſant
3042 983 3525 1163 alencontre
3594 983 3649 1163 en
3759 983 4090 1163 dedans,
4131 983 4420 1163 autant
4475 983 4641 1163 plus
4710 983 4985 1163 foible.

584 1127 946 1306 Parquoy
1016 1127 1100 1306 s’il
1169 1127 1476 1306 entend
1546 1127 1713 1306 faire
1769 1127 1811 1306 là
1894 1127 2117 1306 deſſus
2201 1127 2549 1306 quelque
2605 1127 3023 1306 operation
3135 1127 3190 1306 de
3274 1127 3650 1306 Premiere
3720 1127 4194 1306 Intention,
4250 1127 4291 1306 il
4375 1127 4528 1306 doit
4598 1127 4988 1306 travailler

555 1276 681 1446 par
723 1276 765 1446 le
821 1276 1003 1446 long
1088 1276 1144 1446 de
1186 1276 1466 1446 l’eſpee
1536 1276 1929 1446 contraire
1999 1276 2055 1446 en
2154 1276 2462 1446 dedans,
2532 1276 2574 1446 en
2644 1276 2981 1446 portant
3037 1276 3135 1446 les
3177 1276 3402 1446 pieds
3458 1276 3570 1446 par
3640 1276 3809 1446 deçà
3865 1276 3907 1446 le
4019 1276 4412 1446 Diametre
4468 1276 4468 1446 à
4566 1276 4720 1446 main
4818 1276 4987 1446 gau-

566 1439 717 1581 che,
772 1439 965 1581 pour
1006 1439 1061 1581 le
1116 1439 1391 1581 bleſſer
1446 1439 1502 1581 en
1584 1439 1777 1581 ceſte
1832 1439 2066 1581 ſorte.

730 1561 1271 1723 Aucunesfois
1313 1561 1853 1723 l’Adverſaire
1909 1561 2366 1723 preſentera
2436 1561 2699 1723 l’eſpee
2768 1561 2824 1723 en
2921 1561 3157 1723 droite
3212 1561 3448 1723 ligne,
3503 1561 3739 1723 ayant
3808 1561 3864 1723 le
3933 1561 4113 1723 pied
4169 1561 4474 1723 gauche
4529 1561 4820 1723 avancé
4890 1561 4945 1723 au

582 1697 845 1864 dehors
933 1697 991 1864 de
1064 1697 1166 1864 ſon
1312 1697 1838 1864 Quadrangle,
1911 1697 1969 1864 de
2071 1697 2393 1864 maniere
2480 1697 2612 1864 que
2670 1697 2728 1864 le
2801 1697 3006 1864 coſté
3079 1697 3371 1864 gauche
3444 1697 3707 1864 ſortira
3809 1697 3867 1864 de
3940 1697 4232 1864 pourfil
4320 1697 4364 1864 en
4480 1697 4802 1864 devant.
4918 1697 4977 1864 Et

542 1838 743 2000 alors
810 1838 837 2000 ſi
918 1838 1361 2000 Alexandre
1415 1838 1818 2000 attouche
1871 1838 1979 2000 ſon
2059 1838 2274 2000 eſpee
2328 1838 2503 2000 avec
2556 1838 2610 2000 la
2677 1838 2973 2000 ſienne,
3013 1838 3053 2000 il
3107 1838 3147 2000 la
3214 1838 3590 2000 trouvera
3658 1838 4087 2000 renforcée
4141 1838 4195 2000 en
4289 1838 4584 2000 dedans
4651 1838 4719 2000 du
4786 1838 4974 2000 bras;

583 1978 733 2143 mais
801 1978 896 2143 s’il
950 1978 991 2143 la
1073 1978 1372 2143 touche
1453 1978 1508 2143 en
1616 1978 1888 2143 dehors
1956 1978 2119 2143 avec
2255 1978 2636 2143 Nombres
2690 1978 2962 2143 egaux,
3003 1978 3044 2143 il
3084 1978 3125 2143 la
3207 1978 3574 2143 trouvera
3669 1978 4049 2143 derechef
4117 1978 4403 2143 autant
4471 1978 4634 2143 plus
4702 1978 4987 2143 foible.

557 2124 653 2273 S’il
708 2124 887 2273 veut
956 2124 1149 2273 donc
1218 2124 1603 2273 travailler
1685 2124 1741 2273 de
1823 2124 2195 2273 Premiere
2250 2124 2662 2273 Intention
2745 2124 2773 2273 là
2855 2124 3089 2273 deſſus
3144 2124 3323 2273 avec
3392 2124 3736 2273 quelque
3791 2124 4217 2273 avantage,
4259 2124 4286 2273 il
4341 2124 4837 2273 l’attaquera
4906 2124 4974 2273 de

542 2264 584 2412 la
666 2264 1052 2412 Premiere
1107 2264 1478 2412 Inftance
1561 2264 1602 2412 en
1712 2264 1987 2412 dehors
2084 2264 2139 2412 du
2221 2264 2428 2412 bras,
2483 2264 2538 2412 où
2648 2264 2772 2412 elle
2841 2264 2937 2412 eſt
3006 2264 3171 2412 plus
3226 2264 3501 2412 foible,
3570 2264 3625 2412 en
3735 2264 4148 2412 marchant
4203 2264 4382 2412 avec
4423 2264 4520 2412 les
4575 2264 4795 2412 pieds
4864 2264 4988 2412 par

568 2411 692 2563 delà
775 2411 816 2563 le
940 2411 1368 2563 Diametre,
1464 2411 1464 2563 &
1533 2411 1657 2563 luy
1726 2411 2084 2563 aſſenant
2153 2411 2195 2563 le
2278 2411 2471 2563 coup
2581 2411 2636 2563 de
2705 2411 3091 2563 Premiere
3160 2411 3574 2563 Intention
3684 2411 3725 2563 en
3808 2411 4180 2563 l’eſpaule
4249 2411 4594 2563 gauche,
4663 2411 4980 2563 comme

562 2552 726 2704 celle
795 2552 959 2704 qu’il
1014 2552 1342 2704 avance,
1438 2552 1451 2704 &
1520 2552 1629 2704 qui
1684 2552 1766 2704 eſt
1820 2552 1861 2704 le
1916 2552 2080 2704 plus
2135 2552 2518 2704 prochain
2600 2552 2819 2704 point
2901 2552 3667 2704 d’attouchement,
3721 2552 3790 2704 ou
3858 2552 4022 2704 bien
4104 2552 4173 2704 au
4255 2552 4528 2704 viſage.

678 2691 720 2844 Il
777 2691 791 2844 y
862 2691 877 2844 a
948 2691 1133 2844 auſſi
1204 2691 1260 2844 de
1303 2691 1346 2844 la
1431 2691 1858 2844 difference
1929 2691 1971 2844 en
2042 2691 2085 2844 la
2156 2691 2398 2844 tenue
2469 2691 2526 2844 de
2583 2691 2867 2844 l’eſpee
2952 2691 3265 2844 meſme;
3308 2691 3635 2844 aſſavoir
3706 2691 3862 2844 qu’il
3905 2691 3947 2844 la
4018 2691 4388 2844 preſente
4445 2691 4985 2844 aucunesfois

553 2835 594 2982 en
704 2835 938 2982 droite
979 2835 1213 2982 ligne,
1254 2835 1653 2982 inclinant
1708 2835 1777 2982 un
1859 2835 1983 2982 peu
2052 2835 2176 2982 par
2244 2835 2382 2982 delà
2423 2835 2478 2982 le
2588 2835 3015 2982 Diametre.
3125 2835 3317 2982 Dont
3358 2835 3400 2982 ſi
3482 2835 3936 2982 Alexandre
3991 2835 4032 2982 ſe
4115 2835 4307 2982 vient
4376 2835 4692 2982 planter
4733 2835 4775 2982 là
4857 2835 4995 2982 deſ-

538 2976 648 3124 ſus
704 2976 704 3124 à
759 2976 800 3124 la
897 2976 1271 3124 Premiere
1326 2976 1700 3124 Inſtance
1755 2976 1866 3124 ſur
1907 2976 1949 3124 le
2073 2976 2460 3124 Diametre
2502 2976 2516 3124 à
2557 2976 2792 3124 lettre
2903 2976 2958 3124 C,
3014 2976 3069 3124 en
3138 2976 3664 3124 attouchant
3719 2976 3996 3124 l’eſpee
4079 2976 4480 3124 contraire
4549 2976 4591 3124 en
4687 2976 4992 3124 dedans

562 3115 615 3260 du
682 3115 869 3260 bras,
909 3115 936 3260 il
989 3115 1363 3260 trouvera
1443 3115 1563 3260 que
1617 3115 1657 3260 la
1723 3115 1990 3260 ſienne
2044 3115 2177 3260 ſera
2257 3115 2311 3260 du
2404 3115 3165 3260 commencement
3218 3115 3659 3260 inferieure
3712 3115 3726 3260 à
3779 3115 4059 3260 l’eſpee
4126 3115 4567 3260 contraire,
4633 3115 4687 3260 de
4740 3115 4967 3260 façon

555 3259 674 3404 que
833 3259 1138 3404 acharie
1191 3259 1562 3404 pourroit
1628 3259 2012 3404 travailler
2092 3259 2145 3404 en
2237 3259 2423 3404 ceſte
2489 3259 2833 3404 occaſion
2939 3259 3217 3404 contre
3270 3259 3403 3404 luy
3469 3259 3641 3404 avec
3721 3259 4158 3404 avantage,
4211 3259 4303 3404 s’il
4356 3259 4740 3404 prennoit
4807 3259 4952 3404 bien

532 3397 574 3546 le
629 3397 931 3546 temps.
1042 3397 1097 3546 Et
1165 3397 1565 3546 pourtant
1606 3397 1730 3546 afin
1840 3397 1895 3546 de
1950 3397 2115 3546 bien
2184 3397 2583 3546 travailler
2652 3397 2707 3546 de
2789 3397 3175 3546 Premiere
3230 3397 3657 3546 Intention
3739 3397 3835 3546 ſur
3904 3397 4042 3546 une
4097 3397 4276 3546 telle
4345 3397 4592 3546 eſpee,
4661 3397 4771 3546 qui
4826 3397 4978 3546 s’in-

549 3539 719 3686 cline
790 3539 903 3686 par
974 3539 1101 3686 delà
1158 3539 1200 3686 le
1313 3539 1738 3686 Diametre,
1766 3539 1808 3686 il
1851 3539 1907 3686 ſe
1978 3539 2119 3686 doit
2176 3539 2487 3686 planter
2544 3539 3124 3686 pareillement
3194 3539 3237 3686 en
3336 3539 3718 3686 Premiere
3789 3539 4156 3686 Inſtance
4213 3539 4213 3686 à
4269 3539 4312 3686 la
4425 3539 4991 3686 Circonferen-

550 3679 605 3825 ce
674 3679 1098 3825 duCercle
1153 3679 1276 3825 par
1345 3679 1482 3825 delà
1537 3679 1591 3825 le
1701 3679 2126 3825 Diametre,
2180 3679 2358 3825 tout
2427 3679 2619 3825 droit
2687 3679 2728 3825 en
2810 3679 3194 3825 preſence
3249 3679 3249 3825 à
3303 3679 3345 3825 la
3413 3679 3701 3825 pointe
3769 3679 4207 3825 contraire,
4262 3679 4399 3825 ſoit
4495 3679 4659 3825 qu’il
4755 3679 4975 3825 mette

528 3822 584 3967 le
640 3822 809 3967 pied
908 3822 1091 3967 droit
1189 3822 1499 3967 devant,
1555 3822 1611 3967 ou
1696 3822 1752 3967 le
1822 3822 2005 3967 pied
2076 3822 2413 3967 gauche,
2512 3822 2526 3967 &
2596 3822 3032 3967 continuer
3103 3822 3286 3967 ainſi
3370 3822 3722 3967 d’entrer
3778 3822 3876 3967 ſur
3933 3822 4481 3967 l’Adverſaire
4538 3822 4664 3967 par
4749 3822 4875 3967 delà
4932 3822 4988 3967 le

590 3962 1011 4118 Diametre,
1067 3962 1124 4118 en
1194 3962 1320 4118 luy
1376 3962 1826 4118 attaquant
1882 3962 2163 4118 l’eſpee
2233 3962 2345 4118 par
2430 3962 2711 4118 dehors
2753 3962 2809 4118 le
2879 3962 3076 4118 bras,
3174 3962 3188 4118 &
3230 3962 3357 4118 luy
3441 3962 3610 4118 tirer
3666 3962 3736 4118 un
3834 3962 4017 4118 coup
4129 3962 4185 4118 de
4270 3962 4649 4118 Premiere
4705 3962 4972 4118 Inten-

538 4104 683 4241 tion
749 4104 814 4241 au
893 4104 1169 4241 viſage.

727 4243 917 4390 Ets’il
975 4243 1355 4390 advenoit
1428 4243 1588 4390 qu’il
1646 4243 2084 4390 preſentaſt
2143 4243 2245 4390 ſon
2332 4243 2580 4390 eſpee,
2624 4243 3135 4390 forlignante
3193 4243 3266 4390 un
3339 4243 3470 4390 peu
3543 4243 3660 4390 par
3733 4243 3894 4390 deçà
3952 4243 4010 4390 le
4112 4243 4550 4390 Diametre;
4594 4243 4769 4390 auſſi
4827 4243 4973 4390 faut

540 4382 568 4537 il
654 4382 1267 4537 qu’Alexandre
1338 4382 1552 4537 ſache
1623 4382 1822 4537 alors
1894 4382 2093 4537 eſlire
2165 4382 2207 4537 ſa
2307 4382 2678 4537 Premiere
2763 4382 3176 4537 Inſtance,
3290 4382 3290 4537 &
3347 4382 3661 4537 planter
3718 4382 3818 4537 les
3889 4382 4103 4537 pieds
4174 4382 4231 4537 en
4345 4382 4502 4537 deçà
4559 4382 4616 4537 le
4716 4382 4987 4537 meſme

592 4522 979 4681 Diametre
1035 4522 1657 4681 pareillement,
1699 4522 1754 4681 ſe
1837 4522 2169 4681 mettant
2224 4522 2404 4681 tout
2473 4522 2667 4681 droit
2722 4522 2778 4681 en
2861 4522 3248 4681 preſence
3290 4522 3303 4681 à
3359 4522 3400 4681 la
3469 4522 3746 4681 pointe
3829 4522 3884 4681 de
3954 4522 4258 4681 l’eſpee,
4341 4522 4548 4681 qu’on
4618 4522 4742 4681 luy
4825 4522 4991 4681 pre-

541 4659 793 4820 ſente;
890 4659 890 4820 &
946 4659 1337 4820 travailler
1407 4659 1645 4820 deſſus
1714 4659 1770 4820 de
1854 4659 2231 4820 Premiere
2287 4659 2748 4820 Intention,
2790 4659 3292 4820 l’attaquant
3390 4659 3404 4820 &
3474 4659 3865 4820 graduant
3935 4659 4046 4820 par
4116 4659 4409 4820 dedans
4451 4659 4507 4820 le
4577 4659 4745 4820 bras
4800 4659 4968 4820 avec

540 4802 901 4944 l’intrade
970 4802 1026 4944 du
1109 4802 1276 4944 pied
1359 4802 1581 4944 droit.

745 4941 854 5112 Ces
909 4941 1633 5112 advertiſſements
1674 4941 1852 5112 ſont
1920 4941 1975 5112 de
2030 4941 2180 5112 fort
2262 4941 2549 5112 grande
2591 4941 3165 5112 importance,
3261 4941 3261 5112 &
3302 4941 3397 5112 les
3466 4941 3616 5112 doit
3698 4941 3753 5112 on
3835 4941 4204 5112 obſerver
4272 4941 4327 5112 en
4395 4941 4436 5112 la
4505 4941 4874 5112 pratique
4929 4941 4983 5112 le

556 5082 717 5242 plus
785 5082 1430 5242 curieuſement,
1497 5082 1659 5242 qu’il
1726 5082 1820 5242 eſt
1874 5082 2237 5242 poſſible,
2290 5082 2425 5242 non
2519 5082 2990 5242 ſeulement
3043 5082 3097 5242 en
3191 5082 3299 5242 ces
3353 5082 3837 5242 operations
3931 5082 3984 5242 de
4065 5082 4455 5242 Premiere
4522 5082 4979 5242 intention,

579 5221 731 5392 mais
800 5221 979 5392 auſſi
1048 5221 1103 5392 en
1214 5221 1421 5392 celles
1503 5221 1559 5392 de
1628 5221 1669 5392 la
1752 5221 2152 5392 Seconde,
2193 5221 2387 5392 pour
2456 5221 2842 5392 aſſujettir
2925 5221 3380 5392 deüement
3435 5221 3711 5392 l’eſpee
3794 5221 4222 5392 contraire,
4305 5221 4677 5392 combien
4788 5221 4967 5392 qu’ils

545 5359 715 5535 ſont
768 5359 1213 5535 beaucoup
1266 5359 1436 5535 plus
1489 5359 1947 5535 neceſſaires
2026 5359 2078 5535 en
2183 5359 2393 5535 celles
2458 5359 2550 5535 cy,
2629 5359 2747 5535 que
2812 5359 3009 5535 nous
3074 5359 3467 5535 traittons
3546 5359 4097 5535 maintenant,
4162 5359 4359 5535 qu’ils
4411 5359 4634 5535 n’ont
4712 5359 4844 5535 eſté
4922 5359 4961 5535 és

540 5504 801 5648 autres
863 5504 1435 5648 precedentes.
