5520 7640
1593 1723 1758 1961 Out
1849 1723 2087 1961 ainſi
2215 1723 2454 1961 qu’en
2600 1723 2820 1961 tous
2930 1723 3424 1961 exercices
3553 1723 3681 1961 des
3809 1723 4322 1961 membres
4432 1723 4505 1961 du
4633 1723 4963 1961 corps,

1485 1934 1536 2092 on
1639 1934 1639 2092 a
1728 1934 2151 2092 couſtume
2240 1934 2304 2092 de
2355 1934 2778 2092 s’acquerir
2842 1934 3072 2092 avant
3136 1934 3405 2092 toutes
3469 1934 3776 2092 choſes,
3865 1934 4006 2092 une
4070 1934 4467 2092 habitude
4518 1934 4633 2092 par
4710 1934 4940 2092 divers

1534 2082 1534 2232 &
1575 2082 1776 2232 lents
1883 2082 2488 2232 mouvements,
2555 2082 2676 2232 afin
2783 2082 2917 2232 que
2971 2082 3092 2232 par
3146 2082 3401 2232 apres,
3468 2082 3535 2232 on
3616 2082 3710 2232 les
3777 2082 4005 2232 puiſſe
4072 2082 4596 2232 adminiſtrer
4690 2082 4945 2232 quand

1463 2221 1517 2365 le
1572 2221 1830 2365 beſoin
1952 2221 1966 2365 &
2007 2221 2414 2365 l’occaſion
2496 2221 2537 2365 le
2591 2221 3012 2365 requiert,
3094 2221 3257 2365 avec
3325 2221 3366 2365 la
3434 2221 3719 2365 liberté
3842 2221 3842 2365 &
3910 2221 4195 2365 facilité
4277 2221 4739 2365 neceſſaire,
4793 2221 4956 2365 ſans

1467 2358 1779 2507 aucune
1841 2358 2277 2507 vacillation
2377 2358 2440 2507 ou
2577 2358 3101 2507 mouvement
3163 2358 3562 2507 indecent
3649 2358 3712 2507 du
3787 2358 4036 2507 corps.
4161 2358 4348 2507 Auſſi
4410 2358 4946 2507 pourſuivant

1476 2500 1894 2647 l’exercice
1959 2500 2025 2647 de
2077 2500 2338 2647 noſtre
2390 2500 2521 2647 art,
2586 2500 2782 2647 nous
2835 2500 3070 2647 avons
3135 2500 3488 2647 enſeigné
3553 2500 3605 2647 en
3710 2500 4102 2647 Tableaux
4154 2500 4664 2647 precedents,
4742 2500 4951 2647 com-

626 2637 815 2787 ment
852 2637 953 2787 les
1003 2637 1417 2787 amateurs
1505 2637 1568 2787 de
1631 2637 1895 2787 noſtre
1945 2637 2083 2787 art,
2133 2637 2497 2787 peuvent
2560 2637 2987 2787 s’acquerir
3062 2637 3703 2787 premierement
3778 2637 3891 2787 par
3954 2637 4092 2787 une
4155 2637 4594 2787 commode
4670 2637 4959 2787 adreſſe

609 2776 716 2926 des
782 2776 1009 2926 divers
1102 2776 1676 2926 mouvements
1743 2776 1850 2926 des
1956 2776 2383 2926 membres,
2436 2776 2570 2926 une
2637 2776 3023 2926 prompte
3077 2776 3477 2926 puiſſance
3557 2776 3610 2926 de
3650 2776 3744 2926 les
3797 2776 4077 2926 agiter,
4171 2776 4184 2926 &
4224 2776 4357 2926 s’en
4437 2776 4664 2926 ſervir
4731 2776 4944 2926 agile-

632 2918 811 3064 ment
880 2918 1018 3064 aux
1128 2918 1556 3064 mutations
1625 2918 2080 3064 exprimées
2121 2918 2259 3064 aux
2342 2918 2742 3064 Tableaux
2811 2918 3183 3064 ſuivants.
3404 2918 3583 3064 Voila
3666 2918 4107 3064 pourquoy
4176 2918 4356 3064 auſſi
4411 2918 4563 3064 toſt
4645 2918 4852 3064 qu’ils
4907 2918 4949 3064 ſe

583 3054 838 3204 ſeront
905 3054 1214 3204 rendus
1254 3054 1577 3204 fermes,
1671 3054 1671 3204 &
1738 3054 1926 3204 quils
1966 3054 2316 3204 porront
2356 3054 2826 3204 ſoubſtenir
2866 3054 3175 3204 l’effort,
3256 3054 3565 3204 meſmes
3619 3054 3968 3204 prevenir
4035 3054 4075 3204 le
4142 3054 4438 3204 hazard
4519 3054 4626 3204 des
4693 3054 4962 3204 opera-

582 3193 796 3343 tions
876 3193 943 3343 de
1009 3193 1410 3343 premiere
1477 3193 1957 3343 intention,
2024 3193 2691 3343 repreſentéeses
2785 3193 3172 3343 Tableaux
3225 3193 3719 3343 precedents
3839 3193 3839 3343 &
3893 3193 4427 3343 notemment
4480 3193 4547 3343 au
4694 3193 4827 3343 X
4827 3193 4827 3343 X
4907 3193 4961 3343 I,

583 3334 784 3481 nous
851 3334 1012 3481 leur
1093 3334 1616 3481 permettons
1683 3334 1750 3481 de
1790 3334 1884 3481 les
1938 3334 2408 3481 pourſuivre
2461 3334 2636 3481 tout
2730 3334 2864 3481 d’un
2958 3334 3213 3481 train,
3347 3334 3347 3481 &
3428 3334 3696 3481 preſſer
3763 3334 3871 3481 ſur
3924 3334 4179 3481 icelles
4246 3334 4407 3481 leur
4461 3334 4944 3481 adverſaire,

602 3473 921 3619 comme
976 3473 1004 3619 il
1060 3473 1157 3619 eſt
1212 3473 1587 3619 enſeigné
1643 3473 1698 3619 en
1781 3473 1837 3619 ce
1934 3473 2253 3619 Tableau
2392 3473 2503 3619 XX
2559 3473 2656 3619 II.
2753 3473 2767 3619 A
2850 3473 2947 3619 ces
3017 3473 3253 3619 cauſes
3322 3473 3377 3619 on
3447 3473 3530 3619 ne
3586 3473 3946 3619 trouvera
4002 3473 4127 3619 pas
4182 3473 4585 3619 eſtrange,
4668 3473 4696 3619 ſi
4751 3473 4946 3619 nous

594 3613 1088 3758 enſeignons
1154 3613 1208 3758 en
1288 3613 1341 3758 ce
1448 3613 1768 3758 Tableau
1835 3613 2102 3758 noſtre
2209 3613 2689 3758 Alexandre,
2769 3613 2996 3758 d’uzer
3090 3613 3143 3758 de
3223 3613 3544 3758 diverſes
3624 3613 3984 3758 manieres
4051 3613 4118 3758 de
4158 3613 4638 3758 rencontrer
4692 3613 4732 3758 ſa
4798 3613 4959 3758 par-

584 3754 708 3903 tie,
749 3754 1080 3903 encores
1149 3754 1274 3903 que
1370 3754 1729 3903 Zacharie
1784 3754 1840 3903 ſe
1895 3754 2254 3903 preſente
2309 3754 2640 3903 preſque
2709 3754 2764 3903 en
2833 3754 2875 3903 la
2971 3754 3234 3903 meſme
3289 3754 3606 3903 poſture
3689 3754 3855 3903 qu’il
3910 3754 4117 3903 avoit
4172 3754 4407 3903 tenue
4448 3754 4517 3903 au
4614 3754 4931 3903 Tableau

582 3894 1072 4041 precedent.
1250 3894 1372 4041 Car
1427 3894 1618 4041 nous
1672 3894 1904 4041 avons
1958 3894 2422 4041 ſeulement
2517 3894 2844 4041 monſtré
2912 3894 2967 4041 en
3035 3894 3308 4041 iceluy
3389 3894 3771 4041 Tableau,
3826 3894 3880 4041 en
3989 3894 4221 4041 quelle
4303 3894 4507 4041 façon
4616 3894 4671 4041 on
4766 3894 4957 4041 peut

594 4033 932 4177 oppoſer
971 4033 1062 4177 les
1127 4033 1609 4177 operations
1674 4033 1739 4177 de
1791 4033 2182 4177 premiere
2247 4033 2650 4177 intention
2728 4033 2728 4177 a
2793 4033 3067 4177 toutes
3106 4033 3197 4177 les
3262 4033 3731 4177 entrepriſes
3796 4033 3861 4177 de
3913 4033 4446 4177 l’adverſaire,
4538 4033 4551 4177 &
4590 4033 4707 4177 icy
4759 4033 4954 4177 nous

604 4170 1682 4314 enſeigneronscomment
1759 4170 1913 4314 elles
1990 4170 2349 4314 peuvent
2426 4170 2593 4314 eſtre
2670 4170 3119 4314 executées.
3285 4170 3721 4314 Alexandre
3773 4170 3850 4314 ne
3901 4170 3952 4314 ſe
4042 4170 4170 4314 met
4235 4170 4427 4314 donc
4491 4170 4607 4314 pas
4671 4170 4953 4314 dedans

582 4309 690 4454 ſon
852 4309 1176 4454 Quadrat
1243 4309 1567 4454 comme
1635 4309 1702 4454 cy
1770 4309 2040 4454 deſſus;
2134 4309 2283 4454 mais
2337 4309 2634 4454 voyant
2715 4309 2850 4454 que
2890 4309 2998 4454 ſon
3079 4309 3511 4454 adverſaire
3579 4309 3619 4454 ſe
3687 4309 4038 4454 preſente
4105 4309 4146 4454 en
4281 4309 4537 4454 meſme
4591 4309 4955 4454 poſture;

574 4449 615 4600 il
670 4449 711 4600 ſe
767 4449 904 4600 ſert
987 4449 1042 4600 de
1084 4449 1125 4600 la
1221 4449 1497 4600 meſme
1566 4449 2062 4600 deſmarche,
2158 4449 2158 4600 &
2241 4449 2283 4600 du
2393 4449 2655 4600 meſme
2724 4449 2889 4600 tous
2958 4449 3247 4600 d’eſpee
3302 4449 3302 4600 à
3371 4449 3482 4600 ſon
3564 4449 3771 4600 coſté
3840 4449 4019 4600 droit
4088 4449 4405 4600 comme
4460 4449 4488 4600 il
4556 4449 4749 4600 avoit
4818 4449 4942 4600 fait

586 4587 641 4730 au
780 4587 1085 4730 Tableau
1418 4587 1459 4730 I,
1556 4587 1889 4730 mettant
1944 4587 2346 4730 toutefois
2416 4587 2623 4730 d’une
2693 4587 3081 4730 contraire
3136 4587 3358 4730 façon
3427 4587 3525 4730 ſon
3608 4587 3774 4730 pied
3857 4587 4148 4730 gauche
4218 4587 4328 4730 ſur
4384 4587 4426 4730 la
4564 4587 4952 4730 Circonfe-

585 4726 849 4872 rence,
888 4726 1191 4872 laiſſant
1244 4726 1283 4872 le
1362 4726 1547 4872 droit
1599 4726 1678 4872 un
1757 4726 1863 4872 pas
1928 4726 1981 4872 en
2047 4726 2363 4872 arriere;
2429 4726 2455 4872 il
2521 4726 2890 4872 pourſuit
2955 4726 3008 4872 le
3061 4726 3245 4872 reſte
3324 4726 3377 4872 de
3429 4726 3535 4872 ſon
3614 4726 4022 4872 operation
4127 4726 4443 4872 comme
4509 4726 4549 4872 il
4614 4726 4667 4872 ſe
4746 4726 4930 4872 verra

602 4870 643 4974 en
726 4870 768 4974 la
851 4870 1045 4974 ſuite
1128 4870 1184 4974 de
1239 4870 1295 4974 ce
1392 4870 1752 4974 Tableau.

2838 5119 3008 5256 ainſi
3057 5119 3093 5256 ſa
3179 5119 3458 5256 partie.
3628 5119 4163 5256 ALEXANDRE
4224 5119 4418 5256 pour
4491 5119 4868 5256 travailler
4929 5119 4941 5256 à

2835 5246 3304 5383 l’encontre,
3340 5246 3750 5383 s’aproche
3798 5246 4363 5383 premieremẽt
4436 5246 4484 5383 du
4556 5246 4725 5383 pied
4785 5246 4953 5383 gau-

2851 5378 2976 5500 che
3044 5378 3090 5500 en
3169 5378 3454 5500 avant,
3556 5378 3841 5500 menant
3920 5378 4012 5500 ſon
4125 5378 4330 5500 eſpee
4410 5378 4524 5500 par
4626 5378 4945 5500 derriere

2850 5500 3060 5619 d’une
3130 5500 3724 5619 circonference
3794 5500 3841 5619 en
3934 5500 4109 5619 haut
4190 5500 4237 5619 en
4342 5500 4563 5619 Angle
4656 5500 4878 5619 obtus
4924 5500 4936 5619 a

2844 5619 2946 5753 ſon
3022 5619 3212 5753 coſté
3276 5619 3542 5753 droi,
3644 5619 3657 5753 &
3708 5619 4050 5753 plantant
4101 5619 4152 5753 le
4203 5619 4381 5753 pied
4431 5619 4660 5753 eſlevé
4723 5619 4825 5753 ſur
4889 5619 4939 5753 la

2839 5740 3071 5875 lettre
3180 5740 3180 5875 C
3266 5740 3315 5875 en
3412 5740 3779 5875 Premiere
3840 5740 4218 5875 Inſtance,
4280 5740 4377 5875 (le
4450 5740 4634 5875 droit
4707 5740 4939 5875 eſtant

2844 5863 2903 5994 un
2974 5863 3103 5994 pas
3162 5863 3209 5994 en
3291 5863 3561 5994 arriere
3632 5863 3996 5994 eſtandu,
4055 5863 4126 5994 un
4220 5863 4325 5994 peu
4396 5863 4455 5994 au
4561 5863 4796 5994 deſſus
4866 5863 4913 5994 du

2860 5987 3001 6123 coin
3091 5987 3142 6123 du
3270 5987 3578 6123 Quadrat
3642 5987 4219 6123 circonſcript,)
4257 5987 4295 6123 il
4372 5987 4488 6123 met
4526 5987 4590 6123 le
4680 5987 4718 6123 N.
4782 5987 4834 6123 9.
4885 5987 4949 6123 de

2844 6110 2940 6247 ſon
3049 6110 3253 6247 eſpee
3326 6110 3458 6247 d’un
3554 6110 3711 6247 bras
3783 6110 4072 6247 eſtandu
4217 6110 4747 6247 moderement
4819 6110 4940 6247 (&

2836 6236 3189 6368 l’eſpaule
3247 6236 3318 6368 un
3388 6236 3506 6368 peu
3576 6236 3987 6368 preſentée
4046 6236 4093 6368 en
4175 6236 4387 6368 avant
4433 6236 4845 6368 penchant
4892 6236 4939 6368 le

2853 6360 3064 6495 corps
3114 6360 3225 6495 ſur
3262 6360 3312 6495 le
3387 6360 3610 6495 genou
3697 6360 3982 6495 gauche
4032 6360 4317 6495 ployé)
4379 6360 4590 6495 outre
4652 6360 4702 6495 le
4838 6360 4950 6495 N.2.

2850 6487 2910 6612 ou
3006 6487 3042 6612 3.
3127 6487 3187 6612 de
3247 6487 3428 6612 celle
3488 6487 3560 6612 de
3608 6487 3644 6612 ſa
3704 6487 3969 6612 partie,
4017 6487 4318 6612 comme
4366 6487 4463 6612 les
4523 6487 4812 6612 figures
4860 6487 4956 6612 re-

2835 6628 3322 6749 preſentent.

2946 6733 3011 6867 Au
3089 6733 3350 6867 temps
3402 6733 3598 6867 qu’on
3676 6733 3898 6867 porte
3977 6733 4029 6867 de
4081 6733 4185 6867 ſon
4264 6733 4472 6867 eſpée
4538 6733 4655 6867 par
4720 6733 4955 6867 deſſus

4907 6851 4944 6960 la

1346 5145 1670 5308 Cercle
1864 5145 2080 5308 N1.

610 5372 867 5490 Zacharie
925 5372 1136 5490 s’eſtant
1194 5372 1264 5490 mis
1299 5372 1334 5490 en
1381 5372 1580 5490 poſture
1626 5372 1708 5490 ſur
1755 5372 1790 5490 la
1848 5372 2269 5490 Circonference,
2316 5372 2549 5490 preſante
2608 5372 2701 5490 d’un

699 5497 815 5619 bras
850 5497 1058 5619 eſtandu
1127 5497 1185 5619 ſon
1232 5497 1370 5619 eſpee
1417 5497 1428 5619 à
1486 5497 1521 5619 ſa
1579 5497 1752 5619 partie
1810 5497 1845 5619 en
1937 5497 2088 5619 droite
2134 5497 2308 5619 ligne,
2365 5497 2400 5619 en
2469 5497 2712 5619 l’attan-

718 5619 862 5739 dant;
972 5619 1271 5739 Alexandre
1326 5619 1658 5739 travaillant
1735 5619 1735 5739 à
1802 5619 2089 5739 l’encontre
2156 5619 2421 5739 s’aproche
2498 5619 2697 5739 d’iceluy

718 5744 936 5868 mettant
980 5744 1002 5868 le
1100 5744 1132 5868 N.
1176 5744 1209 5868 9.
1274 5744 1307 5868 de
1351 5744 1416 5868 ſon
1460 5744 1591 5868 eſpee
1656 5744 1754 5868 d’un
1820 5744 1929 5868 bras
1994 5744 2333 5868 moderement
2376 5744 2616 5868 eſtandu,
2660 5744 2693 5868 au

747 5877 782 5993 N.
841 5877 876 5993 3.
922 5877 957 5993 ou
1027 5877 1074 5993 4.
1132 5877 1167 5993 de
1202 5877 1319 5993 celle
1377 5877 1400 5993 de
1447 5877 1482 5993 ſa
1528 5877 1797 5993 partie.

1077 6004 1484 6130 ACHARIE
1545 6004 1854 6130 s’eſtant
1915 6004 2174 6130 planté
2248 6004 2347 6130 ſur
2409 6004 2458 6130 le
2569 6004 2717 6130 Cer-

1070 6128 1149 6255 cle
1242 6128 1520 6255 dedans
1587 6128 1693 6255 ſon
1838 6128 2382 6255 Quadrangle,
2435 6128 2488 6255 le
2541 6128 2700 6255 pied

1075 6253 1247 6371 droit
1321 6253 1419 6371 ſur
1481 6253 1518 6371 la
1628 6253 2243 6371 Circonference
2305 6253 2305 6371 à
2379 6253 2416 6371 la
2477 6253 2699 6371 lettre

1109 6376 1162 6504 X,
1215 6376 1269 6504 le
1336 6376 1616 6504 gauche
1696 6376 1790 6504 ſur
1856 6376 1896 6504 la
1977 6376 2177 6504 ligne
2244 6376 2591 6504 pedale,
2644 6376 2698 6504 le

595 6502 808 6631 corps
883 6502 1108 6631 dreſſé
1183 6502 2170 6631 perpendiculairement;
2233 6502 2270 6631 il
2333 6502 2695 6631 preſente

579 6627 685 6755 ſon
756 6627 969 6755 eſpee
1016 6627 1028 6755 a
1087 6627 1181 6755 ſon
1264 6627 1654 6755 contraire
1702 6627 1749 6755 au
1843 6627 2151 6755 deſſous
2234 6627 2281 6755 du
2423 6627 2695 6755 Diame-

581 6751 718 6886 tre,
781 6751 906 6886 d’un
981 6751 1143 6886 bras
1206 6751 1506 6886 eſtandu
1593 6751 1630 6886 en
1705 6751 1905 6886 ligne
1968 6751 2243 6886 droite;
2280 6751 2692 6886 attandant

1156 1329 2576 1478 DECLARATION
2813 1329 3069 1478 DES
3306 1329 4489 1478 OPERATIONS

1509 1502 1626 1630 DV
1802 1502 2314 1630 TABLEA
2431 1502 2431 1630 V
2621 1502 3001 1630 VINGT
3147 1502 3235 1630 ET
3396 1502 4127 1630 DEVXIEME.
