5520 7640
2858 255 2920 404 te
3007 255 3281 404 d’icelle
3368 255 3592 404 croiſe
3655 255 3729 404 un
3816 255 3941 404 peu
4003 255 4053 404 le
4165 255 4551 404 Diametre
4625 255 4775 404 vers
4862 255 4961 404 ſon

2870 403 3059 541 coſté
3185 403 3538 541 gauche,
3639 403 3828 541 pour
3891 403 4270 541 attendre
4345 403 4522 541 ainſi
4585 403 4623 541 ſa
4711 403 4988 541 partie.

2893 528 3433 658 ALEXANDRE
3517 528 3925 658 approche
4009 528 4045 658 ſa
4141 528 4381 658 partie
4465 528 4537 658 de
4621 528 4814 658 deux
4910 528 4958 658 ou

2858 654 3044 786 trois
3119 654 3243 786 pas
3305 654 3491 786 ſelon
3578 654 3616 786 la
3715 654 4038 786 diſtance
4125 654 4237 786 qui
4311 654 4398 786 eſt
4485 654 4696 786 entre
4759 654 4995 786 deux,

2921 783 2921 916 &
2983 783 3209 916 eſtant
3271 783 3447 916 venu
3534 783 3547 916 à
3610 783 3660 916 la
3760 783 4085 916 diſtance
4173 783 4311 916 d’un
4411 783 4524 916 pas
4611 783 4887 916 devant
4937 783 4987 916 la

2895 907 3542 1043 Circonference,
3593 907 3821 1043 ayant
3885 907 3935 1043 le
3999 907 4176 1043 pied
4265 907 4455 1043 droit
4519 907 4646 1043 par
4722 907 4861 1043 delà
4937 907 4976 1043 la

2865 1034 3413 1168 continuation
3520 1034 3567 1168 du
3686 1034 4091 1168 Diametre,
4163 1034 4198 1168 il
4258 1034 4734 1168 s’approche
4806 1034 4984 1168 avec

2855 1164 2957 1293 ſon
3033 1164 3248 1293 eſpee
3363 1164 3363 1293 &
3414 1164 3515 1293 ſon
3591 1164 3769 1293 pied
3820 1164 4124 1293 gauche
4188 1164 4619 1293 enſemble,
4670 1164 4988 1293 portant

2853 1290 3122 1421 l’eſpee
3237 1290 3237 1421 &
3288 1290 3454 1421 bras
3530 1290 3581 1421 de
3645 1290 3748 1421 ſon
3824 1290 4029 1421 coſté
4105 1290 4284 1421 droit
4348 1290 4399 1421 en
4488 1290 4731 1421 droite
4782 1290 4987 1421 ligne

2873 1413 2934 1546 de
2983 1413 3252 1546 l’angle
3325 1413 3557 1546 obtus
3619 1413 3985 1546 d’enhaut
4046 1413 4095 1546 en
4205 1413 4829 1546 Circonference
4914 1413 4963 1546 en

2878 1542 3109 1674 Angle
3161 1542 3302 1674 aigu
3393 1542 3444 1674 en
3521 1542 3676 1674 bas,
3714 1542 3753 1674 la
3817 1542 4113 1674 paſſant
4165 1542 4216 1674 au
4319 1542 4615 1674 deſſous
4680 1542 4860 1674 celle
4924 1542 4989 1674 de

2850 1669 2887 1801 ſa
2950 1669 3228 1801 partie,
3265 1669 3631 1801 plantant
3669 1669 3719 1801 le
3782 1669 3959 1801 pied
4047 1669 4337 1801 gauche
4387 1669 4475 1801 (le
4551 1669 4791 1801 genou
4866 1669 5005 1801 roi-

2858 1792 2992 1914 de)
3065 1792 3113 1914 en
3198 1792 3477 1914 avant,
3550 1792 3598 1914 au
3695 1792 3938 1914 deſſus
4023 1792 4071 1914 du
4217 1792 4593 1914 Diametre
4666 1792 4872 1914 outre
4945 1792 4981 1914 la

2843 1919 3079 2051 lettre
3203 1919 3216 2051 C
3303 1919 3402 2051 ſur
3464 1919 3501 2051 la
3638 1919 4322 2051 Circonference,
4471 1919 4483 2051 &
4546 1919 4881 2051 portant
4943 1919 4993 2051 le

2861 2049 3074 2182 corps
3149 2049 3450 2182 penché
3551 2049 3889 2182 derriere
3964 2049 4065 2182 ſur
4115 2049 4165 2182 le
4253 2049 4491 2182 genou
4566 2049 4855 2182 ployé,
4930 2049 4980 2182 en

2849 2173 3013 2304 avãt
3063 2173 3164 2304 ſur
3214 2173 3265 2304 le
3328 2173 3642 2304 gauche,
3680 2173 3705 2304 il
3756 2173 4121 2304 pourſuit
4171 2173 4184 2304 à
4272 2173 4511 2304 mener
4561 2173 4662 2304 ſon
4750 2173 4989 2304 eſpee,

2844 2296 3291 2432 l’avançant
3365 2296 3428 2432 de
3502 2296 3800 2432 deſſous
3850 2296 4012 2432 plus
4074 2296 4248 2432 haut
4297 2296 4310 2432 à
4384 2296 4633 2432 coſté,
4695 2296 4732 2432 la
4844 2296 5006 2432 met-

2847 2428 3011 2554 tant
3086 2428 3136 2554 en
3224 2428 3425 2554 ligne
3525 2428 3814 2554 droite,
3902 2428 4028 2554 d’un
4103 2428 4266 2554 bras
4341 2428 4655 2554 eſtandu
4781 2428 4793 2554 &
4856 2428 5007 2554 l’eſ-

2840 2551 3068 2671 paule
3148 2551 3388 2671 droite
3433 2551 3821 2671 avancee,
3866 2551 4049 2671 avec
4094 2551 4151 2671 le
4220 2551 4528 2671 taillant
4596 2551 4995 2671 exterieur

2852 2679 3122 2807 contre
3192 2679 3368 2807 celle
3438 2679 3497 2807 de
3556 2679 3603 2807 ſa
3661 2679 3943 2807 partie,
3990 2679 4037 2807 la
4107 2679 4470 2807 croiſant;
4541 2679 4846 2807 comme
4881 2679 4987 2807 les

2843 2804 3147 2926 figures
3220 2804 3683 2926 monſtrent.

1326 4821 1643 5003 Cercle
1870 4821 2119 5003 N.3.

2862 3438 3046 3561 Comme
3150 3438 3403 3561 Zacharie
3449 3438 3644 3561 attend
3702 3438 3736 3561 en
3794 3438 3828 3561 la
3886 3438 4093 3561 poſture
4150 3438 4380 3561 declarée
4426 3438 4461 3561 en
4518 3438 4725 3561 l’autre
4806 3438 5001 3561 Cercle,

3004 3560 3310 3682 Alexandre
3380 3560 3662 3682 pourſuit,
3756 3560 3756 3682 &
3815 3560 3979 3682 apres
4015 3560 4156 3682 avoir
4203 3560 4496 3682 augmenté
4555 3560 4590 3682 le
4672 3560 4802 3682 Poids
4872 3560 4907 3682 de
4966 3560 5001 3682 ſa

2967 3691 3092 3811 lae
3138 3691 3172 3811 en
3241 3691 3515 3811 graduant
3561 3691 3583 3811 il
3618 3691 3652 3811 le
3686 3691 3835 3811 bleſſe
3892 3691 4040 3811 d’une
4086 3691 4314 3811 eſtocade
4360 3691 4486 3811 tirée
4554 3691 4680 3811 d’une
4749 3691 4851 3811 main
4908 3691 5011 3811 fer-

2986 3818 3029 3938 me
3083 3818 3083 3938 à
3138 3818 3355 3938 travers
3398 3818 3431 3938 la
3485 3818 3692 3938 teſte.

613 1446 908 1562 Alexandre
976 1446 1350 1562 pourſuivant
1419 1446 1736 1562 l’operation
1804 1446 2168 1562 precedente,
2213 1446 2451 1562 preſente
2486 1446 2531 1562 ſa
2576 1446 2701 1562 lame

698 1572 798 1688 aux
864 1572 997 1688 yeux
1074 1572 1107 1688 de
1152 1572 1196 1688 ſa
1240 1572 1451 1688 partie,
1550 1572 1550 1688 &
1606 1572 1915 1688 continuant
1982 1572 2037 1688 ſon
2082 1572 2225 1688 coup,
2292 1572 2325 1688 le
2369 1572 2513 1688 perce
2591 1572 2690 1688 d’un

703 1694 805 1811 bras
851 1694 1068 1811 eſtandu
1125 1694 1160 1811 au
1217 1694 1445 1811 travers
1480 1694 1525 1811 la
1583 1694 1731 1811 teſte,
1777 1694 2017 1811 preſſant
2051 1694 2097 1811 en
2154 1694 2348 1811 arriere
2417 1694 2440 1811 de
2485 1694 2520 1811 ſa
2577 1694 2703 1811 gar-

702 1825 738 1940 de
786 1825 906 1940 celle
966 1825 1002 1940 de
1038 1825 1074 1940 ſa
1133 1825 1397 1940 partie.

1068 2003 1080 2118 E
1203 2003 1449 2118 Cercle
1559 2003 1916 2118 contient
1990 2003 2039 2118 la
2125 2003 2543 2118 pourſuite
2629 2003 2679 2118 du

1078 2131 1320 2252 Cercle
1381 2131 1852 2252 precedent,
1913 2131 1961 2252 ou
2094 2131 2566 2252 ZACHARIE
2699 2131 2699 2252 &

1063 2251 1604 2369 ALEXANDRE
1662 2251 1823 2369 ſont
1881 2251 2065 2369 tous
2146 2251 2341 2369 deux
2399 2251 2698 2369 plantés

1048 2381 1093 2475 en
1218 2381 1594 2475 Premiere
1696 2381 2140 2475 Inſtance,
2231 2381 2413 2475 avec
2492 2381 2697 2475 leurs

588 2506 849 2622 eſpées
911 2506 1221 2622 croiſées
1271 2506 1457 2622 l’une
1507 2506 1618 2622 ſur
1656 2506 1966 2622 l’autre,
2016 2506 2065 2622 le
2177 2506 2214 2622 N.
2276 2506 2314 2622 9.
2388 2506 2450 2622 de
2525 2506 2698 2622 celle

596 2633 1321 2751 d’ALEXANDRE
1393 2633 1961 2751 obliquement
2009 2633 2070 2751 au
2203 2633 2239 2751 N.
2287 2633 2323 2751 3.
2396 2633 2444 2751 de
2517 2633 2698 2751 celle

584 2753 656 2875 de
704 2753 811 2875 ſon
931 2753 1350 2875 Contraire,
1374 2753 1493 2875 icy
1577 2753 2151 2875 ALEXANDRE
2211 2753 2569 2875 pourſuit
2629 2753 2713 2875 eſ-

568 2880 837 2999 levant
873 2880 934 2999 le
983 2880 1166 2999 pied
1251 2880 1434 2999 droit
1520 2880 1629 2999 qui
1715 2880 1934 2999 eſtoit
2008 2880 2264 2999 planté
2325 2880 2703 2999 derriere,

569 3006 836 3124 faiſant
897 3006 1454 3124 deſcendre(en
1527 3006 1927 3124 penchant
1976 3006 2024 3124 le
2097 3006 2315 3124 corps
2376 3006 2424 3124 en
2497 3006 2703 3124 avãt)

564 3131 610 3248 ſa
667 3131 851 3248 lame
920 3131 1046 3248 d’en
1126 3131 1298 3248 haut
1355 3131 1470 3248 par
1528 3131 1665 3248 une
1746 3131 1986 3248 demie
2055 3131 2698 3248 circonference,

624 3255 636 3374 &
719 3255 767 3374 en
863 3255 1245 3374 graduant
1316 3255 1424 3374 les
1483 3255 1770 3374 lames,
1818 3255 1853 3374 il
1913 3255 2140 3374 baiſſe
2199 3255 2235 3374 la
2295 3255 2558 3374 ſienne
2617 3255 2677 3374 au

594 3382 864 3499 devant
938 3382 999 3499 de
1048 3382 1220 3499 l’œil
1293 3382 1490 3499 droit
1551 3382 1612 3499 de
1674 3382 1710 3499 ſa
1772 3382 2054 3499 partie,
2152 3382 2164 3499 &
2213 3382 2569 3499 plantant
2643 3382 2692 3499 le

562 3505 742 3625 pied
814 3505 1043 3625 eſlevé
1091 3505 1139 3625 au
1236 3505 1537 3625 deſſous
1597 3505 1645 3625 du
1789 3505 2162 3625 Diametre
2247 3505 2560 3625 environ
2644 3505 2692 3625 la

566 3634 791 3756 lettre
890 3634 940 3756 L,
978 3634 1277 3756 laiſſant
1327 3634 1564 3756 ſuivre
1614 3634 1677 3756 le
1739 3634 2039 3756 gauche
2101 3634 2151 3756 en
2213 3634 2500 3756 arriere
2563 3634 2700 3756 juſ-

581 3761 760 3881 ques
837 3761 837 3881 a
902 3761 953 3881 la
1017 3761 1210 3881 ligne
1312 3761 1492 3881 EG,
1531 3761 1569 3881 il
1646 3761 1864 3881 perce
1954 3761 2365 3881 eſtandant
2429 3761 2481 3881 le
2532 3761 2699 3881 bras

559 3887 665 4010 ſon
805 3887 1192 4010 Contraire
1251 3887 1251 4010 à
1321 3887 1614 4010 travers
1661 3887 1708 4010 la
1767 3887 1954 4010 teſte
2025 3887 2072 4010 en
2165 3887 2365 4010 ſorte
2447 3887 2576 4010 que
2646 3887 2693 4010 ſa

577 4009 802 4131 garde
852 4009 1090 4131 preſſe
1153 4009 1203 4131 en
1278 4009 1554 4131 arriere
1604 4009 1880 4131 l’eſpee
1955 4009 2067 4131 d’ic
2130 4009 2343 4131 eluy,
2406 4009 2719 4131 comme

569 4139 667 4257 les
728 4139 1023 4257 figures
1097 4139 1551 4257 monſtrent.

625 5117 884 5245 Zacharie
923 5117 962 5245 ſe
1040 5117 1105 5245 met
1157 5117 1195 5245 en
1247 5117 1442 5245 poſture
1507 5117 1740 5245 derechef
1792 5117 1986 5245 dedans
2025 5117 2090 5245 ſon
2194 5117 2556 5245 Quadrangle,
2647 5117 2647 5245 &
2686 5117 2725 5245 ſe

710 5242 893 5366 tenant
950 5242 1076 5366 droit
1145 5242 1385 5366 preſante
1454 5242 1522 5366 ſon
1568 5242 1705 5366 eſpee
1785 5242 1888 5366 d’un
1946 5242 2060 5366 bras
2129 5242 2334 5366 eſtandu
2403 5242 2620 5366 preſque
2678 5242 2712 5366 en

712 5371 842 5493 ligne
901 5371 1090 5493 droite,
1185 5371 1481 5493 Alexandre
1528 5371 1824 5493 l’aproche,
1884 5371 2108 5493 portant
2156 5371 2215 5493 ſon
2286 5371 2428 5493 eſpee
2475 5371 2511 5493 en
2582 5371 2736 5493 droite

709 5496 845 5619 ligne
895 5496 932 5619 de
982 5496 1130 5619 hault
1167 5496 1204 5619 en
1266 5496 1340 5619 bas
1390 5496 1427 5619 la
1476 5496 1687 5619 paſſant
1724 5496 1810 5619 par
1872 5496 2058 5619 deſſous
2095 5496 2206 5619 celle
2268 5496 2293 5619 de
2355 5496 2392 5619 ſa
2466 5496 2726 5619 partie,

702 5620 808 5744 puis
855 5620 1137 5744 avançant
1172 5620 1207 5744 le
1254 5620 1418 5744 corps,
1465 5620 1489 5744 il
1524 5620 1559 5744 la
1630 5620 1736 5744 mene
1783 5620 2158 5744 (l’avançant
2241 5620 2264 5744 de
2346 5620 2570 5744 deſſoubs
2628 5620 2734 5744 plus

698 5750 734 5871 en
793 5750 924 5871 haut
971 5750 983 5871 à
1031 5750 1090 5871 ſon
1161 5750 1280 5871 coſté
1352 5750 1577 5871 gauche)
1649 5750 1744 5871 d’un
1791 5750 1910 5871 bras
1958 5750 2172 5871 eſtandu
2219 5750 2385 5871 contre
2433 5750 2552 5871 celle
2611 5750 2635 5871 de
2683 5750 2718 5871 ſa

712 5879 885 5992 partie
929 5879 961 5992 en
1015 5879 1188 5992 croix.

1067 6060 1092 6184 A
1164 6060 1480 6184 CHARIE
1540 6060 1843 6184 s’eſtant
1941 6060 2050 6184 mis
2122 6060 2171 6184 en
2268 6060 2583 6184 poſture
2644 6060 2704 6184 au

1061 6188 1354 6310 dedans
1408 6188 1501 6310 ſon
1634 6188 2155 6310 Quadrangle,
2182 6188 2235 6310 le
2288 6188 2462 6310 pied
2542 6188 2729 6310 droit

1050 6317 1155 6440 ſur
1194 6317 1234 6440 la
1286 6317 1496 6440 ligne
1614 6317 1771 6440 X1,
1889 6317 1889 6440 &
1942 6317 1994 6440 le
2060 6317 2348 6440 gauche
2440 6317 2729 6440 devant

1045 6440 1084 6569 la
1136 6440 1372 6569 lettre
1477 6440 1477 6569 Z
1555 6440 1647 6569 ſur
1712 6440 1764 6569 la
1830 6440 2039 6569 ligne
2104 6440 2432 6569 pedale,
2510 6440 2562 6569 ſe
2628 6440 2719 6569 te-

588 6565 768 6695 nant
864 6565 1032 6695 ainſi
1104 6565 2064 6695 perpendiculairement
2160 6565 2340 6695 droit
2473 6565 2485 6695 &
2545 6565 2713 6695 pro-

600 6691 1057 6818 portionné;
1106 6691 1143 6818 il
1192 6691 1550 6818 preſente
1599 6691 1710 6818 ſon
1796 6691 1994 6818 eſpee
2068 6691 2191 6818 d’un
2265 6691 2437 6818 bras
2487 6691 2733 6818 eſtan-

602 6808 654 6946 du
732 6808 1057 6946 preſque
1135 6808 1174 6946 en
1239 6808 1447 6946 ligne
1525 6808 1785 6946 droite,
1837 6808 1889 6946 en
1954 6808 2149 6946 ſorte
2214 6808 2357 6946 que
2396 6808 2435 6946 la
2500 6808 2721 6946 poin-

1284 1163 1599 1355 Cercle
1824 1163 2116 1355 N.2.

3605 3113 3917 3284 Cercle
4117 3113 4383 3284 N.4.

3370 4053 3370 4173 E
3520 4053 3758 4173 Cercle
3858 4053 4221 4173 contient
4284 4053 4334 4173 la
4434 4053 4847 4173 pourſuite
4923 4053 4973 4173 du

3372 4177 3619 4298 Cercle
3681 4177 4127 4298 precedent
4251 4177 4288 4298 N.
4338 4177 4400 4298 3;
4474 4177 4524 4298 ou
4623 4177 4722 4298 les
4821 4177 5007 4298 deux

3333 4304 3621 4425 parties
3669 4304 3837 4425 ſont
3885 4304 4257 4425 plantées
4317 4304 4365 4425 en
4473 4304 4845 4425 Premiere
4905 4304 5012 4425 In-

3332 4430 3631 4534 ſtance,
3677 4430 4000 4534 tenants
4046 4430 4149 4534 les
4184 4430 4437 4534 lames
4506 4430 4828 4534 croiſées
4874 4430 5001 4534 l’u-

2857 4557 2940 4680 ne
3022 4557 3281 4680 contre
3340 4557 3634 4680 l’autre:
3728 4557 4187 4680 ZACHARIE
4257 4557 4540 4680 attend
4587 4557 4692 4680 icy
4751 4557 4798 4680 ſa
4857 4557 5010 4680 par-

2861 4681 2993 4805 tie,
3053 4681 3329 4805 tenant
3377 4681 3485 4805 ſon
3569 4681 3773 4805 eſpee
3845 4681 3893 4805 en
4001 4681 4241 4805 droite
4301 4681 4553 4805 ligne,
4613 4681 4661 4805 la
4721 4681 4997 4805 pointe

2865 4808 2936 4929 un
3030 4808 3147 4929 peu
3265 4808 3535 4929 croiſée
3605 4808 3817 4929 outre
3887 4808 3946 4929 le
4064 4808 4451 4929 Diametre
4534 4808 4580 4929 en
4674 4808 5003 4929 dedans;

2894 4932 2917 5037 A
2977 4932 3476 5037 LEXANDRE
3559 4932 3785 5037 eſtant
3868 4932 4082 5037 outre
4153 4932 4189 5037 la
4272 4932 4497 5037 lettre
4616 4932 4676 5037 C,
4723 4932 4996 5037 tenant

2871 5058 2922 5184 le
2999 5058 3229 5184 genou
3319 5058 3600 5184 gauche
3664 5058 3920 5184 ployé,
4035 5058 4035 5184 &
4086 5058 4137 5184 le
4188 5058 4367 5184 pied
4457 5058 4649 5184 droit
4725 5058 4789 5184 un
4879 5058 5007 5184 pas

2879 5183 2925 5308 en
3005 5183 3326 5308 arriere,
3372 5183 3785 5308 penchant
3831 5183 3876 5308 le
3934 5183 4117 5308 haut
4186 5183 4232 5308 du
4323 5183 4541 5308 corps
4610 5183 4656 5308 en
4736 5183 4988 5308 avant,

2868 5310 3048 5434 avec
3120 5310 3480 5434 l’eſpaule
3576 5310 3864 5434 gauche
3936 5310 4331 5434 avancée,
4439 5310 4751 5434 mettant
4835 5310 4967 5434 d’un

2869 5436 3039 5564 bras
3099 5436 3414 5564 eſtãdue
3463 5436 3560 5564 ſon
3644 5436 3863 5564 eſpee
3923 5436 3972 5564 en
4056 5436 4262 5564 croix
4347 5436 4396 5564 en
4505 5436 4735 5564 droite
4783 5436 4989 5564 ligne

2867 5564 3212 5657 adcente
3281 5564 3534 5657 contre
3580 5564 3637 5657 le
3695 5564 3982 5657 taillant
4051 5564 4453 5657 exterieur
4534 5564 4603 5657 de
4683 5564 4856 5657 celle
4925 5564 4994 5657 de

2874 5690 2911 5816 ſa
2996 5690 3301 5816 partie,
3387 5690 3899 5816 remarquant
4008 5690 4130 5816 que
4240 5690 4679 5816 ZACHARIE
4764 5690 4996 5816 eſtant

2874 5811 3197 5937 attaqué
3281 5811 3329 5937 en
3412 5811 3687 5937 dehors
3747 5811 3819 5937 ne
3879 5811 3927 5937 ſe
3986 5811 4226 5937 renue
4273 5811 4560 5937 point,
4644 5811 4871 5937 dreſſe
4943 5811 4991 5937 le

2889 5939 3103 6064 corps
3153 5939 3254 6064 ſur
3305 5939 3355 6064 le
3405 5939 3582 6064 pied
3644 5939 3934 6064 gauche
4060 5939 4060 6064 &
4110 5939 4513 6064 avançant
4564 5939 4614 6064 le
4677 5939 4903 6064 droit,
4966 5939 5004 6064 il

2874 6061 3311 6193 augmente
3361 6061 3461 6193 ſon
3549 6061 3748 6193 pois,
3786 6061 4086 6193 laiſſant
4136 6061 4186 6193 le
4236 6061 4398 6193 bras
4510 6061 4523 6193 &
4573 6061 4835 6193 l’eſpee
4923 6061 4960 6193 en

2872 6190 3028 6314 leur
3087 6190 3326 6314 place,
3374 6190 3745 6314 joignant
3792 6190 3840 6314 le
3900 6190 4091 6314 coſté
4163 6190 4354 6314 droit
4402 6190 4450 6314 au
4557 6190 4844 6314 coude,
4928 6190 4963 6314 en

2873 6314 3074 6440 ſorte
3137 6314 3276 6440 que
3326 6314 3364 6440 la
3415 6314 3692 6440 pointe
3755 6314 3818 6440 de
3869 6314 4133 6440 l’eſpee
4222 6314 4499 6440 dreſſée
4575 6314 4688 6440 par
4751 6314 4802 6440 le
4890 6314 4991 6440 co-

2872 6440 2970 6560 ſté
3019 6440 3337 6560 avancé,
3374 6440 3569 6560 vient
3631 6440 3631 6560 à
3692 6440 4132 6560 reſpondre
4181 6440 4243 6560 au
4316 6440 4561 6560 viſage
4634 6440 4683 6560 de
4744 6440 4781 6560 ſa
4842 6440 5001 6560 par-

2872 6562 3004 6692 tie,
3064 6562 3522 6692 finalement
3582 6562 3799 6692 ayant
3859 6562 4148 6692 avancé
4196 6562 4245 6692 le
4305 6562 4485 6692 pied
4570 6562 4750 6692 droit
4847 6562 5003 6692 oul-

2871 6688 2978 6797 tre
3014 6688 3074 6797 le
3181 6688 3598 6797 Diametre;
3658 6688 3693 6797 il
3753 6688 3884 6797 tire
3967 6688 4170 6797 d’une
4265 6688 4408 6797 main
4504 6688 4992 6797 fermement

2888 6813 3069 6954 cloſe
3160 6813 3199 6954 en
3290 6813 3484 6954 ligne
3574 6813 3807 6954 droite
3898 6813 3950 6954 en
4053 6813 4429 6954 graduant
4493 6813 4597 6954 les
4649 6813 4921 6954 lames,
4985 6813 4985 6954 à

4700 6969 4992 7040 travers

581 296 618 443 la
680 296 953 443 pointe
1027 296 1077 443 du
1164 296 1598 443 contraire,
1648 296 1685 443 il
1723 296 1884 443 faut
1934 296 2083 443 bien
2157 296 2505 443 prendre
2567 296 2703 443 gar-

604 420 664 566 de
736 420 797 566 de
845 420 893 566 le
953 420 1122 566 faire
1170 420 1616 566 lentement
1676 420 1724 566 en
1796 420 2013 566 façon
2098 420 2158 566 de
2218 420 2507 566 pauſe,
2567 420 2688 566 afin

599 546 656 689 de
770 546 1100 689 pouvoir
1214 546 1613 689 touſiours
1704 546 2137 689 prevenir,
2251 546 2513 689 toutes
2604 546 2706 689 les

587 678 891 809 aions
972 678 1101 809 que
1159 678 1649 809 l’adverſaire
1696 678 2057 809 pourroit
2127 678 2711 809 entreprendre

605 804 870 924 durant
950 804 1008 924 ce
1066 804 1376 924 temps,
1480 804 1940 924 autrement
1998 804 2033 924 il
2090 804 2171 924 ne
2217 804 2562 924 faudroit
2631 804 2700 924 de

592 919 775 1064 vous
823 919 1287 1064 ſurprendre
1336 919 1372 1064 ſi
1433 919 1482 1064 on
1555 919 1848 1064 neſtoit
1897 919 1994 1064 ſur
2043 919 2141 1064 ſes
2202 919 2507 1064 gardes.
