5520 7640
3354 4152 3354 4267 E
3474 4152 3714 4267 Cercle
3774 4152 3907 4267 tire
4003 4152 4099 4267 ſon
4219 4152 4508 4267 origine
4604 4152 4652 4267 du
4760 4152 4953 4267 com-

3350 4275 3836 4388 mencement
3924 4275 4023 4388 des
4101 4275 4554 4388 operations
4631 4275 4686 4388 du
4819 4275 4951 4388 Cer-

3336 4397 3423 4516 cle
3548 4397 3585 4516 N.
3660 4397 3709 4516 4.
3772 4397 3946 4516 auſſi
4008 4397 4145 4516 toſt
4232 4397 4369 4516 que
4506 4397 4954 4516 ZACHARIE

3330 4523 3797 4637 commence
3877 4523 3889 4637 à
3968 4523 4424 4637 remarquer
4493 4523 4949 4637 l’approche

2879 4645 3580 4749 d’ALEXANDRE
3673 4645 4070 4749 contenue
4152 4645 4350 4749 audit
4444 4645 4677 4749 Cercle
4806 4645 4852 4749 N.
4922 4645 4957 4749 4.

2855 4767 2892 4886 il
2965 4767 3135 4886 pare
3208 4767 3476 4886 l’eſpee
3561 4767 3877 4886 d’iceluy
3962 4767 4157 4886 d’une
4230 4767 4437 4886 force
4558 4767 4948 4886 moderée,

2850 4896 3176 5007 portant
3220 4896 3263 5007 ſa
3318 4896 3503 5007 lame
3568 4896 3622 5007 au
3720 4896 4439 5007 commencement
4504 4896 4569 5007 un
4667 4896 4787 5007 peu
4885 4896 4928 5007 en

2851 5015 3028 5116 haut
3087 5015 3099 5116 a
3146 5015 3253 5116 ſon
3335 5015 3524 5116 coſté
3583 5015 3807 5116 droit,
3913 5015 3925 5116 &
3984 5015 4055 5116 de
4102 5015 4137 5116 la
4232 5015 4951 5116 continuellement

2852 5141 3037 5262 avec
3095 5141 3257 5262 plus
3326 5141 3546 5262 grand
3627 5141 4124 5262 mouvement
4182 5141 4343 5262 plus
4401 5141 4459 5262 en
4552 5141 4852 5262 dehors,
4910 5141 4945 5262 la

2852 5264 3182 5382 preſſant
3265 5264 3312 5382 en
3407 5264 3596 5382 bas,
3702 5264 3809 5382 qui
3903 5264 4151 5382 donne
4222 5264 4553 5382 occaſion
4648 5264 4660 5382 à
4778 5264 4955 5382 ALE-

2868 5389 3218 5507 XANDRE
3308 5389 3364 5507 de
3409 5389 3466 5507 ſe
3511 5389 3736 5507 ſervir
3804 5389 3905 5507 des
3996 5389 4458 5507 operations
4525 5389 4954 5507 ſuivantes.

2873 5513 2896 5632 A
2962 5513 3429 5632 LEXANDRE
3484 5513 3718 5632 ayant
3762 5513 4151 5632 intention
4240 5513 4684 5632 d’executer
4729 5513 4962 5632 l’ope-

2848 5638 3076 5760 ration
3167 5638 3508 5760 declarée
3554 5638 3611 5760 au
3724 5638 3963 5760 Cercle
4089 5638 4123 5760 N.
4202 5638 4259 5760 4;
4339 5638 4635 5760 comme
4714 5638 4760 5760 en
4839 5638 4965 5760 ap-

2856 5761 3244 5879 prochant
3329 5761 3365 5879 il
3450 5761 3935 5879 s’apperçoit
4020 5761 4153 5879 que
4275 5761 4723 5879 ZACHARIE
4796 5761 4953 5879 pare

2854 5880 2951 6001 ſon
3036 5880 3243 6001 eſpee
3303 5880 3461 6001 vers
3510 5880 3558 6001 le
3619 5880 3801 6001 haut
3838 5880 3947 6001 ſur
3995 5880 4093 6001 ſon
4177 5880 4360 6001 coſté
4432 5880 4639 6001 droit,
4675 5880 4712 6001 il
4748 5880 4967 6001 tour-

2853 6006 2932 6123 ne
2999 6006 3178 6123 avec
3222 6006 3267 6123 la
3368 6006 3513 6123 main
3591 6006 3871 6123 fermée
3927 6006 4039 6123 par
4095 6006 4229 6123 une
4296 6006 4609 6123 courbe,
4642 6006 4687 6123 la
4754 6006 4967 6123 poin-

2859 6129 2917 6244 te
2986 6129 3043 6244 de
3101 6129 3135 6244 ſa
3204 6129 3400 6244 lame
3446 6129 3504 6244 au
3596 6129 3861 6244 devant
3941 6129 4057 6244 des
4149 6129 4333 6244 yeux
4425 6129 4483 6244 de
4552 6129 4598 6244 ſa
4667 6129 4966 6244 partie,

2854 6249 3178 6373 portant
3236 6249 3282 6373 la
3363 6249 3698 6373 branche
3755 6249 4194 6373 interieure
4287 6249 4345 6373 de
4425 6249 4472 6373 ſa
4576 6249 4795 6373 garde
4888 6249 4934 6373 en

2863 6371 3074 6503 haut;
3114 6371 3404 6503 (voyes
3444 6371 3496 6503 le
3589 6371 3879 6503 Tableau
4010 6371 4287 6503 XXII.
4380 6371 4617 6503 Cercle
4683 6371 4749 6503 6.)
4802 6371 4960 6503 puis

2857 6499 3253 6625 avançant
3289 6499 3650 6625 l’eſpaule
3710 6499 3951 6625 droite
3999 6499 4095 6625 ſur
4143 6499 4191 6625 le
4239 6499 4696 6625 ſentiment,
4732 6499 4960 6625 ayant

2862 6626 3114 6749 planté
3165 6626 3215 6749 le
3265 6626 3429 6749 pied
3505 6626 3694 6749 droit
3731 6626 3744 6749 à
3794 6626 3845 6749 la
3895 6626 4122 6749 lettre
4185 6626 4248 6749 I,
4349 6626 4349 6749 &
4412 6626 4638 6749 ayant
4714 6626 4966 6749 donné

2871 6747 3212 6870 occaſion
3283 6747 3283 6870 à
3400 6747 3883 6870 ZACHARIE,
3977 6747 4036 6870 de
4118 6747 4530 6870 continuer
4600 6747 4694 6870 ſon
4765 6747 4977 6870 pare-

4778 6901 4961 6964 ment

1333 1160 1646 1333 Cercle
1869 1160 2137 1333 N..

3357 1219 3831 1340 LEXANDRE
3901 1219 4086 1340 pour
4190 1219 4560 1340 executer
4653 1219 4977 1340 l’opera-

3323 1342 3456 1466 tion
3528 1342 4024 1466 precedente
4084 1342 4241 1466 plus
4278 1342 4290 1466 à
4350 1342 4531 1466 plein
4604 1342 4966 1466 pourſuit

3350 1464 3670 1589 marchãt
3730 1464 3896 1589 tout
3967 1464 4097 1589 d’un
4168 1464 4322 1589 train
4417 1464 4464 1589 du
4547 1464 4713 1589 pied
4784 1464 4962 1589 droit

3338 1585 3580 1714 deſſus
3619 1585 3670 1714 le
3772 1585 4142 1714 Diametre
4193 1585 4206 1714 à
4257 1585 4295 1714 la
4346 1585 4716 1714 lettreV,
4754 1585 4805 1714 ſe
4856 1585 4971 1714 pẽ-

2881 1711 3091 1841 chant
3140 1711 3251 1841 ſur
3301 1711 3350 1841 le
3424 1711 3646 1841 genou
3769 1711 3942 1841 droit
4003 1711 4274 1841 ployé,
4348 1711 4866 1841 augmentant
4916 1711 4965 1841 la

2877 1836 3142 1960 vigeur
3238 1836 3298 1960 de
3371 1836 3467 1960 ſon
3600 1836 3961 1960 eſtocade
4046 1836 4106 1960 de
4178 1836 4395 1960 toute
4455 1836 4503 1960 ſa
4576 1836 4853 1960 force,
4913 1836 4961 1960 la

2866 1960 3233 2088 pouſſant
3281 1960 3340 2088 au
3411 1960 3707 2088 travers
3778 1960 3826 2088 du
3921 1960 4134 2088 corps
4205 1960 4264 2088 de
4312 1960 4407 2088 ſon
4549 1960 4964 2088 Contraire,

2893 2084 2955 2209 de
3004 2084 3188 2209 ſorte
3262 2084 3385 2209 que
3434 2084 3483 2209 ſa
3557 2084 3765 2209 garde
3827 2084 4060 2209 preſſe
4134 2084 4306 2209 celle
4367 2084 4429 2209 de
4527 2084 4957 2209 ZACHARIE

2864 2208 3143 2328 aupres
3213 2208 3271 2328 de
3318 2208 3422 2328 ſon
3504 2208 3702 2328 coſté
3772 2208 4005 2328 droit,
4063 2208 4214 2328 ſans
4296 2208 4738 2328 toutesfois
4796 2208 4971 2328 rela-

2862 2332 3069 2452 ſcher
3118 2332 3167 2452 ſa
3215 2332 3471 2452 lame;
3544 2332 3848 2452 comme
3909 2332 3946 2452 il
4019 2332 4104 2452 eſt
4189 2332 4628 2452 demonſtré
4701 2332 4810 2452 par
4859 2332 4969 2452 les

2867 2460 3186 2578 figures.

648 4731 939 4848 Alexandre
984 4731 1219 4848 continue
1253 4731 1320 4848 icy
1364 4731 1678 4848 l’operation
1723 4731 2036 4848 precedente
2081 4731 2193 4848 ſans
2237 4731 2618 4848 intermeßion,
2719 4731 2719 4848 &

727 4855 926 4971 parant
959 4855 993 4971 la
1048 4855 1170 4971 lame
1225 4855 1258 4971 de
1302 4855 1347 4971 ſa
1391 4855 1568 4971 partie
1612 4855 1789 4971 eſlevée
1856 4855 2033 4971 devant
2077 4855 2144 4971 ſon
2188 4855 2398 4971 viſage,
2431 4855 2719 4971 augmente

726 4979 761 5095 ſa
820 4979 994 5095 vigeur
1052 4979 1087 5095 de
1134 4979 1169 5095 ſa
1215 4979 1530 5095 precedente
1576 4979 1891 5095 eſtocade-

1095 5154 1269 5291 Eluy
1355 5154 1417 5291 cy
1504 5154 1851 5291 contient
1925 5154 1963 5291 la
2049 5154 2458 5291 pourſuite
2545 5154 2607 5291 de
2669 5154 2706 5291 la

1066 5296 1562 5414 precedente
1620 5296 2024 5414 operation
2093 5296 2266 5414 faite
2324 5296 2428 5414 par
2531 5296 2543 5414 A
2624 5296 2716 5414 LE-

1088 5420 1510 5534 XANDRE,
1591 5420 1933 5534 laquelle
1991 5420 2025 5534 il
2105 5420 2482 5534 continue
2539 5420 2711 5534 tout

1090 5541 1218 5657 d’un
1288 5541 1544 5657 temps
1602 5541 1754 5657 ſans
1800 5541 2359 5657 intermiſſion,
2406 5541 2452 5657 en
2522 5541 2732 5657 tour-

608 5664 792 5781 nant
829 5664 890 5781 le
951 5664 1123 5781 pied
1209 5664 1393 5781 droit
1454 5664 1454 5781 à
1528 5664 1921 5781 l’envers,
2043 5664 2043 5781 &
2105 5664 2399 5781 laiſſant
2485 5664 2718 5781 volter

599 5791 865 5912 l’autre
934 5791 1004 5912 de
1050 5791 1177 5912 ſoy
1258 5791 1547 5912 meſme,
1627 5791 1939 5912 mettant
1986 5791 2090 5912 les
2170 5791 2436 5912 orteils
2505 5791 2713 5912 d’ice-

608 5912 725 6038 luy
776 5912 880 6038 ſur
932 5912 971 6038 la
1022 5912 1229 6038 ligne
1372 5912 1488 6038 MS.
1579 5912 1812 6038 deſſus
1864 5912 1915 6038 le
2019 5912 2433 6038 Diametre,
2485 5912 2588 6038 ſur
2627 5912 2731 6038 le-

630 6039 785 6158 quel
833 6039 869 6158 il
917 6039 1227 6158 penche
1263 6039 1323 6158 le
1383 6039 1598 6158 corps
1669 6039 1705 6158 en
1801 6039 2135 6158 arriere,
2255 6039 2267 6158 &
2350 6039 2482 6158 d’un
2553 6039 2721 6158 bras

620 6159 913 6287 eſtandu
974 6159 1010 6287 il
1071 6159 1389 6287 cõtinue
1438 6159 1450 6287 à
1523 6159 1975 6287 deſtourner
2011 6159 2060 6287 la
2109 6159 2292 6287 lame
2353 6159 2414 6287 de
2475 6159 2512 6287 ſa
2573 6159 2719 6287 par-

604 6287 733 6407 tie,
780 6287 898 6407 par
945 6287 992 6407 le
1074 6287 1320 6407 moyen
1414 6287 1473 6407 de
1520 6287 1567 6407 la
1625 6287 1966 6407 branche
2024 6287 2470 6407 exterieure
2541 6287 2600 6407 de
2670 6287 2705 6407 ſa

627 6411 832 6537 garde
904 6411 953 6537 en
1025 6411 1556 6537 augmentant
1604 6411 1640 6537 la
1712 6411 1978 6537 vigeur
2038 6411 2098 6537 de
2159 6411 2255 6537 ſon
2339 6411 2725 6537 eſtocade;

623 6539 917 6661 comme
969 6539 1007 6661 il
1071 6539 1148 6661 eſt
1212 6539 1646 6661 demonſtré
1710 6539 1825 6661 par
1877 6539 1966 6661 les
2017 6539 2350 6661 figures.

2902 645 3199 776 Alexandre
3247 645 3473 776 pourſuit
3532 645 3639 776 plus
3699 645 3711 776 à
3770 645 3889 776 plein
3937 645 4008 776 ſon
4056 645 4317 776 operation
4377 645 4722 776 precedente,
4805 645 4805 776 &
4865 645 4900 776 en
4948 645 4972 776 ſe

2981 771 3244 898 penchant
3298 771 3331 898 en
3386 771 3561 898 avant,
3615 771 3768 898 pouſſe
3834 771 3900 898 ſon
3943 771 4173 898 eſtocade
4228 771 4272 898 au
4326 771 4545 898 travers
4621 771 4654 898 du
4720 771 4862 898 corps
4939 771 4971 898 de

2981 899 3040 1029 ſon
3123 899 3419 1029 Contraire,
3466 899 3690 1029 preſſant
3749 899 3785 1029 de
3832 899 3868 1029 ſa
3927 899 4080 1029 garde
4128 899 4234 1029 celle
4293 899 4328 1029 de
4376 899 4411 1029 ſa
4458 899 4636 1029 partie
4683 899 4884 1029 aupres
4931 899 4967 1029 de

2985 1023 3046 1137 ſon
3095 1023 3218 1137 coſté
3279 1023 3426 1137 droit.

630 1428 819 1559 Comme
914 1428 1173 1559 Zacharie
1232 1428 1386 1559 eſleve
1433 1428 1457 1559 le
1504 1428 1610 1559 bras
1669 1428 1787 1559 pour
1834 1428 1858 1559 ſe
1905 1428 2106 1559 couvrir
2165 1428 2189 1559 de
2236 1428 2283 1559 ſa
2330 1428 2531 1559 garde,
2637 1428 2720 1559 Ale-

762 1550 942 1683 xandre
990 1550 1302 1683 changeant
1362 1550 1699 1683 d’operation
1747 1550 1879 1683 bleſſe
1927 1550 1963 1683 ſa
2011 1550 2179 1683 partie
2252 1550 2468 1683 deſſoubs
2528 1550 2552 1683 le
2624 1550 2732 1683 bras

736 1676 892 1805 eſlevé
939 1676 975 1805 au
1035 1676 1154 1805 coſté
1202 1676 1357 1805 droit,
1393 1676 1465 1805 luy
1501 1676 1680 1805 tirant
1728 1676 1764 1805 au
1823 1676 1931 1805 long
1991 1676 2026 1805 de
2074 1676 2349 1805 l’eſpee.

1125 1873 1125 2003 E
1225 1873 1463 2003 Cercle
1513 1873 1626 2003 icy
1676 1873 1864 2003 tient
1914 1873 2014 2003 ſon
2102 1873 2390 2003 origine
2452 1873 2503 2003 du
2615 1873 2716 2003 cõ-

1114 2000 1601 2123 mencement
1667 2000 1723 2123 de
1767 2000 2220 2123 l’operation
2287 2000 2718 2123 preceden-

1080 2122 1140 2222 te
1224 2122 1271 2222 du
1403 2122 1642 2222 Cercle
1785 2122 1821 2222 N.
1881 2122 1917 2222 2.
2000 2122 2060 2222 ou
2203 2122 2717 2222 ZACHARIE

1074 2249 1627 2373 s’apercevant
1691 2249 1744 2373 au
1840 2249 2563 2373 commencement
2659 2249 2723 2373 de

610 2366 999 2495 l’aproche
1070 2366 1731 2495 d’ALEXANDRE,
1790 2366 2014 2495 eſleve
2073 2366 2132 2495 au
2227 2366 2486 2495 meſme
2545 2366 2711 2495 tẽps

608 2488 656 2620 le
715 2488 918 2620 bras,
978 2488 1347 2620 couvrant
1407 2488 1502 2620 ſon
1585 2488 1812 2620 viſage
1872 2488 2050 2620 avec
2122 2488 2158 2620 ſa
2253 2488 2527 2620 garde,
2646 2488 2706 2620 de

611 2612 806 2744 ſorte
879 2612 1001 2744 que
1074 2612 1111 2744 la
1172 2612 1440 2744 pointe
1525 2612 1586 2744 de
1659 2612 1757 2744 ſon
1866 2612 2061 2744 eſpée
2134 2612 2354 2744 baiſſe
2427 2612 2488 2744 un
2573 2612 2695 2744 peu

617 2735 775 2864 vers
842 2735 887 2864 la
966 2735 1225 2864 terre,
1338 2735 1495 2864 mais
1574 2735 1923 2864 pendant
2025 2735 2160 2864 que
2261 2735 2712 2864 ZACHARIE

620 2858 845 2993 eſleve
892 2858 951 2993 le
998 2858 1163 2993 bras
1270 2858 1282 2993 &
1329 2858 1364 2993 la
1447 2858 1659 2993 garde
1718 2858 1896 2993 pour
1955 2858 2002 2993 ſe
2061 2858 2368 2993 couvrir
2415 2858 2474 2993 le
2545 2858 2710 2993 viſa-

630 2983 716 3113 ge,
802 2983 1353 3113 ALEXANDRE
1439 2983 1721 3113 change
1770 2983 1868 3113 ſon
1941 2983 2394 3113 operation,
2419 2983 2713 3113 laiſſant

606 3104 880 3237 baiſſer
918 3104 968 3237 ſa
1017 3104 1317 3237 pointe,
1417 3104 1417 3237 &
1479 3104 1703 3237 gliſſer
1753 3104 1803 3237 le
1866 3104 2140 3237 poulce
2202 3104 2414 3237 outre
2464 3104 2502 3237 la
2564 3104 2714 3237 brã-

617 3229 735 3364 che
794 3229 1232 3364 interieure
1303 3229 1375 3364 de
1422 3229 1469 3364 la
1552 3229 1777 3364 garde
1848 3229 1907 3364 ou
1979 3229 2014 3364 il
2097 3229 2310 3364 eſtoit
2393 3229 2725 3364 premie-

604 3355 948 3487 rement,
1005 3355 1074 3487 de
1119 3355 1314 3487 ſorte
1383 3355 1647 3487 qu’elle
1727 3355 1967 3487 monte
2048 3355 2094 3487 en
2174 3355 2403 3487 haut,
2472 3355 2712 3487 enfer-

645 3479 819 3606 mant
866 3479 970 3606 les
1075 3479 1191 3606 N.3.
1261 3479 1307 3606 ou
1412 3479 1458 3606 4.
1516 3479 1586 3606 de
1632 3479 1911 3606 l’eſpee
1969 3479 2352 3606 contraire
2421 3479 2619 3606 entre
2677 3479 2712 3606 ſa

603 3603 792 3734 lame
935 3603 935 3734 &
1018 3603 1361 3734 branche
1432 3603 1918 3734 exterieure,
1966 3603 2001 3734 il
2072 3603 2357 3734 avance
2428 3603 2475 3734 le
2547 3603 2724 3734 pied

639 3731 860 3857 droit,
970 3731 983 3857 &
1044 3731 1093 3857 en
1179 3731 1548 3857 graduant
1597 3731 1696 3857 les
1745 3731 2052 3857 lames,
2114 3731 2150 3857 il
2187 3731 2421 3857 bleſſe
2470 3731 2507 3857 ſa
2581 3731 2728 3857 par-

607 3830 694 3983 tie
769 3830 1068 3983 deſſous
1117 3830 1167 3983 le
1217 3830 1379 3983 bras
1441 3830 1678 3983 eſlevé
1753 3830 1802 3983 au
1890 3830 2076 3983 coſté
2164 3830 2338 3983 droit
2413 3830 2462 3983 du
2537 3830 2712 3983 long

631 3975 692 4107 de
740 3975 1056 4107 l’eſpee,
1128 3975 1443 4107 mettant
1492 3975 1540 4107 le
1601 3975 1783 4107 pied
1843 3975 2074 4107 eſlevé
2122 3975 2292 4107 pres
2377 3975 2425 4107 du
2558 3975 2728 4107 Cen-

604 4098 740 4224 tre,
790 4098 1088 4224 laiſſant
1150 4098 1398 4224 ſuivre
1448 4098 1497 4224 le
1572 4098 1858 4224 gauche
1932 4098 2205 4224 devant
2242 4098 2292 4224 la
2342 4098 2578 4224 lettre
2677 4098 2727 4224 E;

623 4223 915 4348 comme
964 4223 1061 4348 les
1122 4223 1415 4348 figures
1476 4223 1975 4348 enſeignent.

621 273 922 411 travers
973 273 1010 411 la
1073 273 1249 411 teſte
1324 273 1663 411 d’iceluy,
1713 273 2064 411 plantant
2115 273 2165 411 le
2215 273 2391 411 pied
2441 273 2729 411 avancé

621 416 720 524 ſur
769 416 819 524 la
868 416 1102 524 lettre
1176 416 1189 524 L
1263 416 1485 524 deſſus
1534 416 1584 524 le
1682 416 2102 524 Diametre;
2164 416 2460 524 comme
2509 416 2608 524 les
2657 416 2731 524 fi-

641 541 845 661 gures
941 541 1398 661 monſtrent.

2868 3345 2911 3470 Ce
2984 3345 3143 3470 Cercle
3195 3345 3428 3470 contient
3480 3345 3565 3470 une
3607 3345 3828 3470 nouvelle
3881 3345 4145 3470 operation
4198 3345 4229 3470 en
4282 3345 4409 3470 ſuite
4472 3345 4504 3470 de
4546 3345 4651 3470 celle
4715 3345 4968 3470 contenue

2977 3462 3019 3592 au
3082 3462 3240 3592 Cercle
3356 3462 3388 3592 N.
3440 3462 3493 3592 4;
3567 3462 3672 3592 mais
3714 3462 3893 3592 comme
3978 3462 4272 3592 Alexandre
4325 3462 4483 3592 ayant
4525 3462 4567 3592 en
4610 3462 4873 3592 intention
4936 3462 4968 3592 de

2965 3593 3411 3715 l’executervoit
3455 3593 3531 3715 que
3574 3593 3618 3715 ſa
3661 3593 3835 3715 partie
3879 3593 3999 3715 pare
4031 3593 4097 3715 ſon
4151 3593 4282 3715 eſpee
4325 3593 4434 3715 vers
4477 3593 4510 3715 le
4554 3593 4717 3715 haut,
4749 3593 4782 3715 il
4815 3593 4956 3715 tour-

2967 3716 3012 3844 ne
3057 3716 3135 3844 par
3180 3716 3258 3844 une
3303 3716 3482 3844 courbe
3526 3716 3560 3844 ſa
3627 3716 3795 3844 pointe
3862 3716 4041 3844 devant
4085 3716 4153 3844 les
4208 3716 4343 3844 yeux
4398 3716 4656 3844 d’iceluy;
4767 3716 4767 3844 &
4823 3716 4857 3844 en
4902 3716 4946 3844 fin

2970 3836 3126 3967 ayant
3174 3836 3282 3967 ſaiſi
3318 3836 3378 3967 ſon
3426 3836 3558 3967 eſpee
3618 3836 3655 3967 de
3691 3836 3727 3967 la
3787 3836 3895 3967 main
3955 3836 4267 3967 gauche,
4303 3836 4327 3967 il
4363 3836 4387 3967 le
4436 3836 4568 3967 bleſſe
4628 3836 4724 3967 d’un
4784 3836 4952 3967 revers

2971 3974 3039 4081 ſur
3084 3974 3299 4081 l’oreille
3355 3974 3592 4081 droite.

1310 4452 1615 4644 Cercle
1962 4452 2136 4644 N6.

3597 3088 3886 3278 Cercle
4198 3088 4354 3278 N8.

3631 385 3939 566 Cercle
4357 385 4423 566 7.
