5520 7640
2825 4887 3128 5016 Alexandre
3204 4887 3420 5016 s’eſtant
3485 4887 3680 5016 avance
3744 4887 3863 5016 pour
3928 4887 4199 5016 executer
4264 4887 4599 5016 l’operation
4685 4887 4707 5016 du
4804 4887 4967 5016 Cercle

2965 5023 2999 5141 N.
3045 5023 3092 5141 2,
3161 5023 3427 5141 Zacharie
3473 5023 3543 5141 luy
3589 5023 3704 5141 pare
3751 5023 3808 5141 ſon
3855 5023 4028 5141 coupa
4086 5023 4202 5141 coſté
4248 5023 4363 5141 vers
4410 5023 4433 5141 le
4479 5023 4629 5141 haut:
4687 5023 4803 5141 mais
4884 5023 4976 5141 Ale-

2935 5153 3127 5277 xandre
3170 5153 3330 5277 apres
3362 5153 3437 5277 luy
3490 5153 3629 5277 avoir
3672 5153 3896 5277 retarde
3939 5153 3971 5277 le
4035 5153 4409 5277 mouvement,
4526 5153 4526 5277 &
4601 5153 4889 5277 augmenté
4932 5153 4964 5277 le

2925 5280 3030 5405 pois
3088 5280 3123 5405 de
3158 5280 3205 5405 ſa
3251 5280 3402 5405 lame,
3426 5280 3495 5405 luy
3565 5280 3647 5405 met
3682 5280 4007 5405 finalement
4042 5280 4077 5405 la
4135 5280 4298 5405 pointe
4380 5280 4415 5405 de
4461 5280 4519 5405 ſon
4578 5280 4717 5405 eſpee
4775 5280 4962 5405 devant

2937 5405 2962 5517 le
3013 5405 3279 5517 viſage.

1237 2112 1539 2285 Cercle
1755 2112 2014 2285 N.

544 2306 869 2441 L’operation
927 2306 962 2441 de
1009 2306 1044 2441 ce
1113 2306 1276 2441 Cercle
1322 2306 1450 2441 vient
1519 2306 1636 2441 außi
1705 2306 1740 2441 du
1833 2306 1995 2441 Cercle
2111 2306 2146 2441 N.
2204 2306 2239 2441 4,
2344 2306 2645 2441 Alexandre

628 2450 845 2569 n’ayant
890 2450 982 2569 pas
1016 2450 1038 2569 le
1084 2450 1255 2569 temps
1312 2450 1346 2569 de
1380 2450 1414 2569 ſe
1460 2450 1619 2569 ſervir
1676 2450 1710 2569 du
1756 2450 1870 2569 coup
1950 2450 2268 2569 precedent,
2314 2450 2553 2569 preſente
2610 2450 2644 2569 ſa

635 2573 796 2697 pointe
854 2573 946 2697 aux
992 2573 1119 2697 yeux
1189 2573 1212 2697 de
1258 2573 1293 2697 ſa
1339 2573 1546 2697 partie,
1581 2573 1893 2697 s’efforcant
1950 2573 1985 2697 de
2031 2573 2054 2697 le
2100 2573 2273 2697 bleſſer
2331 2573 2446 2697 mais
2481 2573 2643 2697 eſtant

632 2699 895 2819 empeſché
940 2699 1021 2819 par
1066 2699 1089 2819 le
1146 2699 1421 2819 continuel
1467 2699 1741 2819 parement
1810 2699 1844 2819 de
1924 2699 2233 2819 Zacharie;
2290 2699 2324 2819 il
2370 2699 2519 2819 ſaute

633 2825 790 2948 ſaiſiſt
862 2825 862 2948 à
934 2825 958 2948 la
1019 2825 1212 2948 cheute
1272 2825 1308 2948 du
1368 2825 1513 2948 corps
1561 2825 1597 2948 la
1658 2825 1814 2948 garde
1887 2825 1923 2948 de
1971 2825 2043 2948 ſon
2128 2825 2453 2948 Contraire,
2562 2825 2574 2948 &
2622 2825 2658 2948 le

633 2947 777 3073 bleſſe
837 2947 945 3073 d’un
993 2947 1316 3073 eſtramaçon
1376 2947 1412 3073 au
1472 2947 1591 3073 gras
1651 2947 1687 3073 de
1723 2947 1759 3073 la
1807 2947 2070 3073 jambe.

1036 3144 1429 3262 Operation
1518 3144 1581 3262 de
1644 3144 1708 3262 ce
1796 3144 2037 3262 Cercle
2113 3144 2430 3262 reſourd
2481 3144 2658 3262 auſſi

988 3269 1034 3375 du
1139 3269 1861 3375 commencement
1942 3269 2000 3375 du
2140 3269 2384 3375 Cercle
2512 3269 2547 3375 N.
2617 3269 2652 3375 4,

977 3395 1202 3484 eſtant
1309 3395 1356 3484 en
1475 3395 1641 3484 tout
1724 3395 2163 3484 ſemblable
2235 3395 2235 3484 à
2329 3395 2507 3484 celle
2579 3395 2626 3484 du

1000 3523 1248 3644 Cercle
1371 3523 1408 3644 N.
1458 3523 1520 3644 8,
1582 3523 1854 3644 exepte
1915 3523 2051 3644 que
2163 3523 2645 3644 ZACHARIE

513 3649 560 3767 en
643 3649 702 3767 ce
797 3649 1045 3767 Cercle
1104 3649 1365 3767 faiſant
1424 3649 1519 3767 ſon
1602 3649 2087 3767 parement,
2182 3649 2229 3767 en
2348 3649 2655 3767 menant

496 3777 593 3895 les
665 3777 919 3895 eſpees
967 3777 1136 3895 plus
1185 3777 1595 3895 l’entemẽt
1716 3777 1716 3895 &
1777 3777 1946 3895 avec
2006 3777 2175 3895 plus
2260 3777 2320 3895 de
2393 3777 2647 3895 ſeure-

497 3902 555 4027 té
613 3902 613 4027 à
672 3902 777 4027 ſon
858 3902 1057 4027 coſté
1126 3902 1313 4027 droit
1406 3902 1628 4027 moins
1698 3902 1744 4027 en
1838 3902 1989 4027 bas,
2036 3902 2118 4027 ne
2211 3902 2467 4027 donne
2537 3902 2654 4027 pas

498 4029 544 4145 le
614 4029 871 4145 temps
917 4029 917 4145 à
1022 4029 1570 4145 ALEXANDRE
1651 4029 1710 4145 de
1768 4029 1815 4145 ſe
1873 4029 2222 4145 pouvoir
2281 4029 2514 4145 ſervir
2584 4029 2630 4145 du

515 4154 697 4272 coup
793 4154 842 4272 du
963 4154 1205 4272 Cercle
1253 4154 1713 4272 precedent
1822 4154 1943 4272 N.8:
2028 4154 2185 4272 mais
2258 4154 2657 4272 ALEXAN-

528 4277 648 4397 DRE
720 4277 804 4397 ne
876 4277 1068 4397 laiſſe
1140 4277 1525 4397 pourtant
1609 4277 1729 4397 pas
1801 4277 1873 4397 de
1945 4277 1994 4397 ſe
2078 4277 2306 4397 ſervir
2414 4277 2474 4397 de
2582 4277 2642 4397 ce

518 4401 1087 4525 changement,
1135 4401 1329 4525 pour
1377 4401 1728 4525 pouvoir
1776 4401 2054 4525 bleſſer
2163 4401 2647 4525 ZACHARIE

500 4529 969 4649 ſeurement
1016 4529 1121 4649 ſur
1168 4529 1274 4649 ſon
1344 4529 1801 4649 parement,
1860 4529 1977 4649 luy
2059 4529 2516 4649 preſentant
2598 4529 2633 4649 ſa

509 4656 786 4779 pointe
849 4656 1000 4779 tant
1063 4656 1227 4779 qu’il
1290 4656 1378 4779 eſt
1429 4656 1719 4779 poſible
1769 4656 1832 4779 au
1908 4656 2147 4779 viſage
2236 4656 2639 4779 s’eſſayant

524 4781 585 4904 de
635 4781 684 4904 le
734 4781 1067 4904 bleſſer:
1129 4781 1178 4904 or
1265 4781 1487 4904 parce
1586 4781 1709 4904 que
1820 4781 2302 4904 ZACHARIE
2364 4781 2425 4904 le
2499 4781 2660 4904 pre-

520 4909 719 5023 vient
777 4909 894 5023 par
965 4909 1058 5023 ſon
1175 4909 1597 5023 continuel
1655 4909 2124 5023 parement,
2182 4909 2217 5023 il
2276 4909 2487 5023 ſaute
2580 4909 2650 5023 de

510 5027 613 5150 ſon
703 5027 870 5150 pied
973 5027 1256 5150 gauche
1320 5027 1693 5150 joignant
1758 5027 1796 5150 la
1873 5027 2105 5150 lettre
2208 5027 2221 5150 T
2298 5027 2529 5150 ſoubs
2594 5027 2645 5150 le

558 5157 975 5277 Diametre,
1012 5157 1344 5277 ſaiſiſant
1405 5157 1467 5277 de
1516 5157 1565 5277 ſa
1651 5157 1798 5277 main
1872 5157 2252 5277 gauche(à
2302 5157 2351 5277 la
2424 5157 2645 5277 cheu-

513 5278 577 5402 te
640 5278 691 5402 du
780 5278 1111 5402 corpslla
1187 5278 1403 5402 garde
1479 5278 1530 5402 de
1594 5278 1683 5402 ſon
1797 5278 2216 5402 Contraire,
2318 5278 2318 5402 &
2356 5278 2420 5402 le
2471 5278 2661 5402 bleſ-

510 5408 570 5534 ſe
642 5408 775 5534 d’un
859 5408 1040 5534 coup
1112 5408 1667 5534 d’eſtramaçon
1739 5408 1860 5534 par
1932 5408 2257 5534 derriere
2342 5408 2390 5534 au
2511 5408 2655 5534 gras

527 5534 601 5655 de
675 5534 712 5655 la
787 5534 1108 5655 jambe;
1195 5534 1492 5655 comme
1566 5534 1603 5655 il
1665 5534 1752 5655 eſt
1851 5534 2160 5655 monſtré
2234 5534 2358 5655 par
2420 5534 2519 5655 les
2593 5534 2655 5655 fi-

539 5691 782 5781 gures.

1253 5851 1570 6020 Cercle
1773 5851 2089 6020 N.10.

553 6071 853 6194 Alexandre
925 6071 1285 6194 pourſuivant
1345 6071 1670 6194 l’operation
1754 6071 1814 6194 des
1898 6071 2054 6194 Cercle
2150 6071 2186 6194 N.
2270 6071 2270 6194 .
2354 6071 2354 6194 &
2438 6071 2654 6194 apres

638 6193 822 6319 l’avoir
872 6193 1007 6319 bleſſe
1081 6193 1228 6319 retire
1277 6193 1339 6319 ſon
1400 6193 1536 6319 eſpée
1585 6193 1585 6319 à
1634 6193 1708 6319 ſoy
1745 6193 1782 6319 la
1843 6193 2052 6319 paſſant
2114 6193 2151 6319 au
2200 6193 2421 6319 travers
2470 6193 2507 6319 la
2544 6193 2655 6319 pla-

636 6321 708 6439 yé,
805 6321 805 6439 &
853 6321 889 6439 la
962 6321 1034 6439 met
1094 6321 1191 6439 d’un
1239 6321 1348 6439 bras
1396 6321 1613 6439 eſtandu
1674 6321 1674 6439 à
1722 6321 1794 6439 ſon
1855 6321 1975 6439 coſté
2023 6321 2168 6439 droit.

1030 6467 1030 6592 E
1168 6467 1405 6592 Cercle
1505 6467 1867 6592 contient
1942 6467 1979 6592 la
2079 6467 2491 6592 pourſuite
2579 6467 2629 6592 du

1032 6595 1281 6714 Cercle
1393 6595 1505 6714 N.8.
1642 6595 1642 6714 &
1730 6595 1792 6714 9,
1879 6595 1991 6714 qui
2053 6595 2414 6714 peuvent
2477 6595 2651 6714 tous

1016 6721 1207 6843 deux
1266 6721 1433 6843 eſtre
1493 6721 1946 6843 pourſuivis
1994 6721 2113 6843 par
2208 6721 2518 6843 ALEXA
2614 6721 2650 6843 N-

1011 6851 1150 6969 DRE
1243 6851 1289 6969 en
1416 6851 1602 6969 ceſte
1717 6851 2111 6969 maniere,
2203 6851 2423 6969 apres
2527 6851 2643 6969 que

3308 5615 3356 5733 Es
3429 5615 3721 5733 parties
3806 5615 4037 5733 ayant
4122 5615 4450 5733 obſervé
4523 5615 4620 5733 les
4705 5615 4973 5733 choſes

3279 5737 3732 5847 contenues
3802 5737 3860 5847 au
3976 5737 4220 5847 Cercle
4336 5737 4371 5847 N.
4417 5737 4464 5847 1,
4510 5737 4824 5847 comme
4905 5737 4963 5847 A-

3278 5857 3783 6004 LEXANDRE
3852 5857 4208 6004 s’avance
4277 5857 4586 6004 entrant
4667 5857 4724 6004 du
4793 5857 4965 6004 pied

3284 5981 3477 6126 droit
3550 5981 3659 6126 afin
3767 5981 4239 6126 d’executer
4299 5981 4770 6126 l’operation
4891 5981 4939 6126 du

2846 6106 3095 6257 Cercle
3220 6106 3257 6257 N.
3307 6106 3357 6257 2,
3444 6106 3930 6257 ZACHARIE
3992 6106 4117 6257 luy
4204 6106 4254 6257 va
4316 6106 4528 6257 parer
4577 6106 4677 6257 ſon
4764 6106 4963 6257 coup

2810 6229 2896 6388 (en
2983 6229 3530 6388 augmentant
3567 6229 3629 6388 le
3704 6229 3964 6388 Poids)
4014 6229 4014 6388 à
4113 6229 4299 6388 coſté
4374 6229 4535 6388 vers
4610 6229 4660 6388 le
4746 6229 4970 6388 haut,

2807 6356 2996 6510 pour
3055 6356 3563 6510 tranſporter
3598 6356 3705 6510 les
3752 6356 4000 6510 lames
4059 6356 4059 6510 à
4166 6356 4319 6510 main
4402 6356 4733 6510 gauche,
4804 6356 4957 6510 mais

2842 6488 3390 6637 ALEXANDRE
3448 6488 3576 6637 luy
3635 6488 3938 6637 retarde
3996 6488 4043 6637 le
4148 6488 4731 6637 mouvement,
4801 6488 4975 6637 aug-

2847 6613 3180 6742 mentant
3254 6613 3426 6742 auſſi
3500 6613 3635 6742 toſt
3697 6613 3746 6742 le
3820 6613 4054 6742 poids
4140 6613 4202 6742 de
4251 6613 4301 6742 la
4350 6613 4547 6742 lame
4608 6613 4621 6742 a
4682 6613 4978 6742 l’adve-

2809 6735 3019 6892 nant,
3069 6735 3416 6892 plantant
3466 6735 3516 6892 le
3578 6735 3751 6892 pied
3813 6735 3999 6892 droit
4074 6735 4384 6892 deſſous
4421 6735 4483 6892 le
4583 6735 4967 6892 Diametre

2829 6864 3026 7019 entre
3078 6864 3130 7019 le
3235 6864 3497 7019 Centre
3615 6864 3615 7019 &
3667 6864 3707 7019 la
3772 6864 4008 7019 lettre
4113 6864 4191 7019 L,
4270 6864 4322 7019 le
4401 6864 4571 7019 pied
4663 6864 4964 7019 gauche

4656 7022 4966 7137 ſuivant

2822 2470 3116 2612 Alexandre
3163 2470 3433 2612 excutant
3468 2470 3785 2612 l’operation
3844 2470 4161 2612 precedente
4196 2470 4360 2612 eſleve
4407 2470 4466 2612 ſon
4524 2470 4677 2612 eſpee,
4771 2470 4771 2612 &
4818 2470 4970 2612 apres

2920 2608 3054 2726 avoir
3103 2608 3261 2726 retire
3322 2608 3322 2726 à
3370 2608 3443 2726 ſoy
3480 2608 3516 2726 la
3577 2608 3735 2726 garde
3796 2608 3832 2726 de
3869 2608 3905 2726 ſa
3966 2608 4148 2726 partie
4197 2608 4330 2726 ſaiſie
4379 2608 4416 2726 cy
4476 2608 4646 2726 deſſus,
4683 2608 4707 2726 il
4744 2608 4780 2726 le
4829 2608 4975 2726 perce

2911 2730 2911 2850 à
2963 2730 3181 2850 travers
3233 2730 3275 2850 la
3327 2730 3638 2850 poitrine.

3289 2941 3461 3071 Etuy
3535 2941 3596 3071 cy
3670 2941 4027 3071 contient
4076 2941 4433 3071 l’execut
4470 2941 4568 3071 ion
4654 2941 4716 3071 du
4826 2941 4962 3071 Cer-

3263 3067 3346 3190 cle
3429 3067 3880 3190 precedent
4023 3067 4058 3190 N.
4118 3067 4272 3190 10,
4403 3067 4961 3190 ALEXANDRE

3269 3198 3509 3315 eſtant
3572 3198 3838 3315 planté
3888 3198 4002 3315 ſur
4052 3198 4153 3315 ſon
4229 3198 4406 3315 pied
4469 3198 4696 3315 droit,
4747 3198 4962 3315 tenãt

3252 3322 3301 3444 le
3373 3322 3676 3444 gauche
3737 3322 3979 3444 eſlevé
4088 3322 4100 3444 &
4137 3322 4416 3444 l’eſpee
4488 3322 4537 3444 en
4609 3322 4731 3444 bas
4791 3322 4791 3444 a
4864 3322 4973 3444 co-

2792 3444 2882 3578 ſté
2972 3444 3202 3578 droit;
3240 3444 3279 3578 il
3317 3444 3484 3578 leve
3560 3444 3612 3578 en
3688 3444 3957 3578 ceſtuy
4021 3444 4085 3578 cy
4149 3444 4251 3578 ſon
4328 3444 4546 3578 eſpee
4623 3444 4623 3578 à
4674 3444 4712 3578 la
4802 3444 4968 3578 hau-

2804 3576 2962 3702 teur
3035 3576 3096 3702 de
3144 3576 3193 3702 la
3253 3576 3605 3702 poitrine
3678 3576 3751 3702 de
3848 3576 4370 3702 ZACHARIE,
4503 3576 4503 3702 &
4576 3576 4819 3702 ayant
4867 3576 4977 3702 re-

2792 3705 2920 3828 tiré
2971 3705 3022 3828 la
3086 3705 3316 3828 garde
3393 3705 3457 3828 de
3572 3705 3572 3828 Z
3636 3705 4045 3828 ACHARIE
4109 3705 4122 3828 a
4186 3705 4377 3828 ſoy,
4441 3705 4480 3828 il
4544 3705 4595 3828 le
4659 3705 4889 3828 perce
4953 3705 4953 3828 à

2792 3834 3090 3951 travers
3138 3834 3174 3951 la
3246 3834 3592 3951 poitrine
3663 3834 3699 3951 en
3794 3834 4164 3951 plantant
4224 3834 4272 3951 le
4355 3834 4582 3951 pied;
4665 3834 4964 3951 comme

2793 3955 2892 4084 les
2942 3955 3241 4084 figures
3316 3955 3776 4084 monſtrent.

3495 4607 3817 4787 Cercle
4047 4607 4392 4787 N.12.

562 303 739 438 ment
821 303 1466 438 encommencée
1537 303 1584 438 en
1654 303 1783 438 bas
1842 303 1995 438 vers
2042 303 2089 438 le
2159 303 2382 438 ſuſdit
2464 303 2652 438 coſté

532 428 704 566 avec
766 428 938 566 plus
1000 428 1061 566 de
1110 428 1356 566 force,
1381 428 1418 566 il
1455 428 1738 566 leve(la
1787 428 2057 566 pointe
2119 428 2635 566 baiſſante)un

540 560 656 694 peu
733 560 771 694 ſa
848 560 1104 694 garde,
1207 560 1207 694 &
1271 560 1553 694 paſſant
1604 560 1656 694 la
1720 560 1989 694 pointe
2079 560 2143 694 de
2207 560 2297 694 ſon
2412 560 2656 694 eſpee,

530 681 782 816 (parée
854 681 962 816 par
1022 681 1082 816 le
1154 681 1454 816 dernier
1514 681 1742 816 effort
1814 681 1874 816 de
1994 681 2523 816 ZACHARIE)
2571 681 2619 816 en

525 802 653 936 bas
734 802 944 936 entre
1014 802 1107 936 les
1177 802 1363 936 deux
1422 802 1666 936 corps,
1736 802 1771 936 en
1899 802 2505 936 Circonference
2575 802 2633 936 du

525 924 649 1073 bas
711 924 760 1073 en
822 924 1033 1073 haut,
1058 924 1095 1073 il
1145 924 1380 1073 ſaulte
1455 924 1504 1073 du
1579 924 1752 1073 pied
1814 924 2112 1073 gauche
2174 924 2323 1073 vers
2373 924 2645 1073 l’eſpee

550 1056 610 1181 de
658 1056 754 1181 ſon
862 1056 1283 1181 Contraire,
1344 1056 1560 1181 outre
1620 1056 1668 1181 la
1728 1056 1957 1181 lettre
2029 1056 2089 1181 S,
2149 1056 2198 1181 la
2270 1056 2486 1181 garde
2582 1056 2643 1181 de

515 1184 856 1310 laquelle
904 1184 941 1310 il
989 1184 1208 1310 ſaiſiſt
1257 1184 1439 1310 avec
1476 1184 1524 1310 la
1609 1184 1755 1310 main
1840 1184 2168 1310 gauche,
2217 1184 2266 1310 en
2338 1184 2655 1310 tresbu-

534 1308 750 1430 chant
859 1308 859 1430 &
919 1308 1244 1430 baiſſant
1292 1308 1352 1430 le
1412 1308 1665 1430 corps,
1773 1308 1785 1430 &
1845 1308 2266 1430 cõtinuant
2315 1308 2363 1430 le
2423 1308 2651 1430 cours

547 1424 597 1555 de
660 1424 760 1555 ſon
848 1424 1099 1555 eſpee,
1137 1424 1174 1555 il
1212 1424 1262 1555 le
1312 1424 1550 1555 bleſſe
1613 1424 1751 1555 d’un
1851 1424 2102 1555 revers
2152 1424 2265 1555 ſur
2328 1424 2641 1555 l’oreille

540 1555 804 1690 droite;
864 1555 1165 1690 comme
1213 1555 1321 1690 les
1369 1555 1670 1690 figures
1742 1555 2199 1690 monſtrent.

2863 269 2863 417 Z
2926 269 3316 417 ACHARIE
3392 269 3404 417 à
3455 269 3619 417 paré
3694 269 3744 417 en
3820 269 3996 417 haut
4059 269 4059 417 a
4122 269 4223 417 ſon
4311 269 4513 417 coſté
4588 269 4777 417 droit
4840 269 4954 417 l’e-

2808 403 2975 540 ſpee
3053 403 3117 540 de
3168 403 3207 540 ſa
3284 403 3593 540 partie,
3709 403 3722 540 &
3799 403 3941 540 que
4031 403 4057 540 A
4121 403 4610 540 LEXANDRE
4662 403 4714 540 la
4778 403 4945 540 auſſi

2814 526 2954 667 toſt
3044 526 3454 667 pourſuivi
3544 526 3595 667 le
3685 526 4030 667 bleſſant
4107 526 4120 667 à
4222 526 4543 667 l’oreille
4658 526 4953 667 droite,

2828 648 3398 790 ALEXANDRE
3503 648 3957 790 deſmarche
4027 648 4143 790 icy
4202 648 4260 790 un
4341 648 4469 790 pas
4551 648 4597 790 en
4667 648 4947 790 arriere

2814 777 2865 924 en
2940 777 3142 924 volte
3231 777 3521 924 dupied
3584 777 3849 924 eſleve,
3875 777 3925 924 le
3976 777 4342 924 plantant
4392 777 4506 924 ſur
4544 777 4960 924 leCercle,

2823 902 3147 1054 mettant
3195 902 3243 1054 le
3315 902 3531 1054 corps
3580 902 3676 1054 ſur
3724 902 4036 1054 iceluy,
4084 902 4132 1054 ſe
4192 902 4601 1054 panchant
4649 902 4721 1054 un
4817 902 4925 1054 peu

2805 1031 2852 1174 en
2921 1031 3270 1174 arriere,
3363 1031 3688 1174 eſlevant
3734 1031 3792 1174 le
3885 1031 4187 1174 gauche
4257 1031 4478 1174 apres
4536 1031 4745 1174 avoir
4838 1031 4942 1174 mis

2795 1162 2832 1298 la
2906 1162 3116 1298 garde
3190 1162 3251 1298 de
3313 1162 3411 1298 ſon
3522 1162 3917 1298 Contraire
3978 1162 4040 1298 un
4114 1162 4237 1298 peu
4348 1162 4619 1298 devant
4681 1162 4804 1298 luy
4890 1162 4927 1298 en

2815 1294 3174 1412 dedans,
3290 1294 3557 1412 contre
3638 1294 3917 1412 toutes
3998 1294 4103 1412 les
4207 1294 4694 1412 entrepriſes
4822 1294 4949 1412 que

2843 1414 3315 1558 ZACHARIE
3400 1414 3776 1558 pourroit
3849 1414 4091 1558 faire,
4237 1414 4237 1558 &
4310 1414 4540 1558 ayant
4613 1414 4831 1558 apres
4904 1414 4952 1558 le

2806 1540 2988 1683 coup
3085 1540 3302 1683 retiré
3375 1540 3484 1683 ſon
3581 1540 3787 1683 eſpee
3859 1540 3859 1683 à
3944 1540 4065 1683 ſoy
4138 1540 4174 1683 la
4247 1540 4634 1683 traiſnant
4695 1540 4949 1683 autra-

2810 1666 2962 1810 vers
3026 1666 3064 1810 la
3140 1666 3419 1810 playe,
3508 1666 3547 1810 il
3597 1666 3648 1810 la
3750 1666 3877 1810 met
3966 1666 4105 1810 d’un
4194 1666 4360 1810 bras
4448 1666 4766 1810 eſtandu
4868 1666 4957 1810 (la

2796 1802 3069 1927 pointe
3131 1802 3180 1927 en
3255 1802 3416 1927 bas)
3466 1802 3478 1927 à
3528 1802 3627 1927 ſon
3727 1802 3913 1927 coſté
3987 1802 4211 1927 droit;
4273 1802 4583 1927 comme
4633 1802 4670 1927 il
4732 1802 4956 1927 apert

2792 1932 2908 2058 par
2959 1932 3061 2058 les
3112 1932 3445 2058 figures.

3540 2187 3866 2381 Cercle
4098 2187 4377 2381 N.11.
