5520 7640
3682 4116 4003 4281 Cercle
4366 4116 4516 4281 16.

3452 4717 3618 4835 Etuy
3689 4717 3748 4835 cy
3807 4717 4163 4835 contient
4210 4717 4683 4835 l’execution
4766 4717 4826 4835 du
4897 4717 5050 4835 pre-

3430 4840 3703 4940 cedent
3822 4840 4059 4940 Cercle
4202 4840 4237 4940 N.
4309 4840 4392 4940 15.
4510 4840 5045 4940 ALEXANDRE

3430 4964 3717 5078 voltant
3801 4964 3861 5078 le
3945 4964 4112 5078 pied
4220 4964 4447 5078 eſlevé
4579 4964 4902 5078 derriere
4997 4964 5045 5078 le

3447 5083 3679 5209 droit,
3757 5083 3795 5209 il
3873 5083 4092 5209 bleſſe
4170 5083 4260 5209 ſon
4402 5083 4789 5209 Contraire
4906 5083 5035 5209 d’un

2975 5198 3147 5330 coup
3245 5198 3774 5330 d’eſtramaçon
3872 5198 3922 5330 au
4032 5198 4217 5330 coſté
4327 5198 4499 5330 droit
4610 5198 4659 5330 du
4770 5198 5053 5330 viſage;

2971 5335 3268 5451 comme
3315 5335 3351 5451 il
3398 5335 3600 5451 apert
3683 5335 3789 5451 par
3848 5335 3955 5451 les
4003 5335 4323 5451 figures.

3121 5453 3157 5574 Il
3218 5453 3375 5574 faut
3435 5453 3544 5574 icy
3605 5453 3859 5574 noter,
3943 5453 4560 5574 qu’ALExandre
4657 5453 4802 5574 doit
4862 5453 5044 5574 faire

2967 5578 3148 5696 ceſte
3238 5578 3645 5696 execution
3735 5578 3882 5696 ſans
3961 5578 4266 5696 aucune
4312 5578 4583 5696 pauſe,
4662 5578 4707 5696 en
4809 5578 5057 5696 conti-

2962 5702 3194 5819 nuant
3243 5702 3683 5819 l’operation
3793 5702 3842 5819 du
3952 5702 4196 5819 Cercle
4319 5702 4355 5819 N.
4392 5702 4478 5819 15.

4890 6774 5055 6881 Voila

695 294 996 424 ſuivant
1080 294 1779 424 ſoudainement;
1851 294 2008 424 lors
2128 294 2128 424 Z
2201 294 2574 424 ACHARIE
2647 294 2803 424 ren-

706 421 1019 542 forçant
1094 421 1456 542 derechef
1493 421 1556 542 le
1618 421 1830 542 Poids
1893 421 1955 542 de
2005 421 2055 542 ſa
2105 421 2318 542 lame,
2355 421 2792 542 tranſporte

722 541 881 661 celle
955 541 1017 661 de
1066 541 1164 661 ſon
1275 541 1656 661 Contraire
1718 541 1718 661 à
1779 541 1878 661 ſon
1964 541 2148 661 coſté
2222 541 2566 661 gauche,
2653 541 2800 661 mais

716 666 1016 790 comme
1064 666 1160 790 ſon
1244 666 1448 790 eſpee
1508 666 1700 790 paſſe
1761 666 2001 790 oultre
2049 666 2085 790 la
2145 666 2325 790 teſte
2421 666 2481 790 de
2529 666 2565 790 ſa
2637 666 2793 790 par-

702 790 846 902 tie;
945 790 1509 902 ALEXANDRE
1575 790 1852 902 tourne
1907 790 1951 902 la
2006 790 2349 902 branche
2404 790 2791 902 exterieu-

710 915 769 1039 re
851 915 909 1039 de
980 915 1027 1039 ſa
1109 915 1308 1039 garde
1390 915 1906 1039 contremont
2000 915 2118 1039 d’un
2223 915 2387 1039 bras
2481 915 2798 1039 courbé,

703 1036 1082 1159 tournant
1162 1036 1552 1159 enſemble
1610 1036 1644 1159 la
1724 1036 1989 1159 pointe
2069 1036 2126 1159 de
2195 1036 2230 1159 ſa
2298 1036 2494 1159 lame
2574 1036 2804 1159 ende-

722 1161 891 1282 dans
952 1161 1218 1282 devers
1266 1161 1363 1282 ſon
1484 1161 1908 1282 Contraire,
1968 1161 2005 1282 la
2053 1161 2235 1282 lame
2307 1161 2356 1282 du
2441 1161 2610 1282 quel
2658 1161 2804 1282 s’eſ-

718 1284 927 1406 coule
985 1284 1042 1406 au
1112 1284 1251 1406 fort
1332 1284 1390 1406 de
1424 1284 1471 1406 la
1528 1284 1841 1406 ſienne,
1887 1284 2049 1406 puis
2118 1284 2512 1406 avançant
2558 1284 2616 1406 le
2697 1284 2801 1406 co-

704 1407 791 1533 ſté
854 1407 1141 1533 gauche
1191 1407 1228 1533 il
1278 1407 1528 1533 plante
1578 1407 1628 1533 le
1678 1407 1840 1533 pied
1902 1407 2127 1533 eſlevé
2189 1407 2389 1533 entre
2439 1407 2539 1533 les
2614 1407 2789 1533 deux

701 1532 981 1653 lettres
1066 1532 1078 1653 V
1199 1532 1199 1653 &
1272 1532 1321 1653 S,
1381 1532 1697 1653 mettant
1746 1532 1782 1653 la
1843 1532 2110 1653 pointe
2171 1532 2232 1653 de
2293 1532 2329 1653 ſa
2378 1532 2572 1653 lame
2645 1532 2766 1653 d’un

706 1656 862 1777 bras
934 1656 1210 1777 courbé
1294 1656 1557 1777 devant
1605 1656 1653 1777 le
1725 1656 1953 1777 viſage
2037 1656 2084 1777 de
2144 1656 2180 1777 ſa
2240 1656 2528 1777 partie;
2588 1656 2780 1777 ſelon

726 1777 879 1901 qu’il
942 1777 1018 1901 eſt
1069 1777 1513 1901 repreſanté
1564 1777 1678 1901 par
1729 1777 1830 1901 les
1894 1777 2211 1901 figures.

1443 2022 1755 2202 Cercle
2067 2022 2268 2202 .1a.

734 2253 994 2386 Zacharie
1065 2253 1313 2386 deſtourne
1360 2253 1395 2386 la
1442 2253 1608 2386 pointe
1690 2253 2068 2386 d’Alexandre
2115 2253 2222 2386 nmiſe
2281 2253 2458 2386 devant
2505 2253 2564 2386 ſon
2635 2253 2800 2386 viſage

832 2377 934 2491 vers
979 2377 1002 2491 le
1047 2377 1160 2491 bas,
1205 2377 1341 2491 uſant
1409 2377 1443 2491 de
1510 2377 1635 2491 Poids
1680 2377 1951 2491 tresfort;
1996 2377 2075 2491 ſur
2121 2377 2222 2491 cela
2313 2377 2606 2491 Alexandre
2674 2377 2810 2491 quite

826 2498 862 2619 la
909 2498 1028 2619 lame
1088 2498 1112 2619 de
1159 2498 1195 2619 ſa
1255 2498 1457 2619 partie,
1552 2498 1552 2619 &
1624 2498 1874 2619 delivrant
1933 2498 1969 2619 la
2040 2498 2255 2619 ſienne,
2302 2498 2338 2619 il
2386 2498 2421 2619 le
2481 2498 2624 2619 bleſſe
2695 2498 2802 2619 d’un

828 2621 1147 2734 eſtramaçon
1213 2621 1357 2734 donné
1412 2621 1445 2734 du
1489 2621 1731 2734 tailland
1776 2621 2062 2734 exterieur
2106 2621 2172 2734 ſur
2216 2621 2437 2734 l’oreille
2492 2621 2734 2734 droite.

1210 2810 1455 2935 Omme
1548 2810 2191 2935 ALEXANDRE
2249 2810 2261 2935 a
2343 2810 2448 2935 mis
2495 2810 2530 2935 ſa
2600 2810 2810 2935 poin-

1165 2935 1224 3055 te
1294 2935 1424 3055 d’un
1506 2935 1670 3055 bras
1752 2935 2034 3055 courbé
2105 2935 2375 3055 devant
2433 2935 2492 3055 le
2562 2935 2797 3055 viſage

1183 3056 1246 3175 de
1296 3056 1345 3175 ſa
1395 3056 1670 3175 partie,
1732 3056 1907 3175 ainſi
1982 3056 2144 3175 qu’il
2219 3056 2293 3175 eſt
2368 3056 2805 3175 repreſanté

1170 3179 1218 3295 au
1351 3179 1581 3295 Cercle
1654 3179 2138 3295 percedant,
2246 3179 2694 3295 ZACHARIE
2754 3179 2791 3295 la

728 3296 1146 3423 deſtourne
1206 3296 1314 3423 icy
1397 3296 1553 3423 vers
1612 3296 1672 3423 le
1732 3296 1863 3423 bas
1923 3296 2138 3423 uſant
2222 3296 2282 3423 de
2377 3296 2580 3423 Poids
2640 3296 2819 3423 tres-

703 3421 902 3549 fort,
964 3421 1014 3549 en
1076 3421 1337 3549 faiſant
1412 3421 1462 3549 du
1537 3421 1711 3549 pied
1798 3421 1972 3549 droit
2022 3421 2084 3549 un
2159 3421 2283 3549 pas
2321 3421 2644 3549 juſques
2719 3421 2818 3549 de-

712 3549 880 3674 vant
916 3549 963 3674 la
1011 3549 1250 3674 lettre
1370 3549 1418 3674 Q.
1561 3549 1573 3674 A
1657 3549 2207 3674 LEXANDRE
2302 3549 2494 3674 quite
2554 3549 2697 3674 lors
2757 3549 2805 3674 la

703 3669 895 3786 lame
955 3669 1027 3786 de
1075 3669 1123 3786 ſa
1171 3669 1411 3786 partie
1471 3669 1807 3786 eſlevant
1855 3669 1903 3786 le
1951 3669 2131 3786 pied
2203 3669 2418 3786 droit,
2442 3669 2730 3786 jettant
2790 3669 2790 3786 à

708 3786 907 3909 laide
969 3786 1030 3909 du
1105 3786 1427 3909 poignet
1476 3786 1514 3909 la
1576 3786 1823 3909 ſienne
1898 3786 1960 3909 de
2046 3786 2344 3909 deſſous
2418 3786 2467 3909 en
2579 3786 2814 3909 deſſus

725 3909 895 4035 celle
974 3909 1026 4035 de
1078 3909 1118 4035 ſa
1183 3909 1445 4035 partie,
1497 3909 1589 4035 (en
1654 3909 1956 4035 laiſſant
2021 3909 2244 4035 gliſſer
2296 3909 2348 4035 le
2401 3909 2689 4035 poulce
2754 3909 2806 4035 de

704 4034 750 4146 la
820 4034 1168 4146 branche
1226 4034 1736 4146 interieure)
1794 4034 1829 4146 la
1933 4034 2304 4146 delivrant
2374 4034 2432 4146 au
2547 4034 2803 4146 meſme

709 4159 904 4283 tẽps,
965 4159 1026 4283 de
1075 4159 1271 4283 ſorte
1344 4159 1466 4283 que
1552 4159 1723 4283 celle
1796 4159 1845 4283 de
1906 4159 1943 4283 ſa
1992 4159 2237 4283 partie
2310 4159 2811 4283 tresbuſche;

702 4284 846 4404 lors
894 4284 1290 4404 avançant
1338 4284 1386 4404 le
1434 4284 1602 4404 pied
1674 4284 1854 4404 droit
1914 4284 2179 4404 eſlevé,
2215 4284 2251 4404 il
2299 4284 2503 4404 frape
2551 4284 2587 4404 la
2659 4284 2803 4404 par-

704 4405 795 4519 tie
887 4405 1013 4519 d’un
1116 4405 1642 4519 eſtramaçon,
1688 4405 1860 4519 avec
1917 4405 1974 4519 le
2043 4405 2363 4519 tailland
2421 4405 2810 4519 exterieur

733 4526 794 4652 de
855 4526 953 4652 ſon
1026 4526 1234 4652 eſpee
1283 4526 1393 4652 ſur
1430 4526 1748 4652 l’oreille
1821 4526 2090 4652 droite,
2139 4526 2493 4652 plantant
2542 4526 2591 4652 le
2652 4526 2811 4652 pied

734 4650 911 4773 droit
987 4650 1215 4773 eſlevé
1278 4650 1455 4773 hors
1531 4650 1582 4773 du
1734 4650 2038 4773 Quadrat
2114 4650 2278 4773 pres
2367 4650 2430 4773 de
2481 4650 2519 4773 la
2582 4650 2810 4773 lettre

780 4776 817 4897 W;
891 4776 1185 4897 comme
1234 4776 1332 4897 les
1382 4776 1676 4897 figures
1750 4776 2203 4897 monſtrent.

3436 2014 3436 2147 E
3535 2014 3784 2147 Cercle
3846 2014 3971 2147 tire
4021 2014 4070 2147 ſa
4120 2014 4394 2147 ſource
4456 2014 4518 2147 de
4568 2014 5016 2147 l’operation

3424 2147 3473 2270 du
3609 2147 3843 2270 Cercle
3966 2147 4003 2270 N.
4065 2147 4102 2270 4,
4188 2147 4422 2270 eſtant
4496 2147 4545 2270 en
4632 2147 4804 2270 tout
4878 2147 5038 2270 auſſi

3405 2272 3824 2389 ſemblable
3901 2272 3913 2389 à
3990 2272 4206 2389 celles
4295 2272 4345 2389 du
4485 2272 4523 2389 N.
4587 2272 4625 2389 8.
4739 2272 4739 2389 &
4816 2272 4867 2389 9.
4930 2272 5032 2389 ex-

3410 2397 3568 2519 epté
3666 2397 3788 2519 que
3910 2397 4362 2519 ZACHARIE
4435 2397 4484 2519 en
4593 2397 4850 2519 ceſtuy
4935 2397 5045 2519 cy,

2951 2519 3172 2640 porte
3221 2519 3492 2640 l’eſpee
3553 2519 3614 2640 de
3676 2519 3713 2640 ſa
3774 2519 4008 2640 partie
4069 2519 4118 2640 en
4192 2519 4315 2640 bas
4364 2519 4364 2640 a
4425 2519 4524 2640 ſon
4610 2519 4794 2640 coſté
4868 2519 5040 2640 droit

2942 2643 3124 2763 avec
3192 2643 3249 2763 un
3340 2643 3635 2763 heurt,
3714 2643 4213 2763 empeſchant
4282 2643 4395 2763 par
4475 2643 4531 2763 ce
4622 2643 4872 2763 moyen
4940 2643 5031 2763 les

2959 2770 3408 2883 operations
3517 2770 3893 2883 declarees
3978 2770 4281 2883 audis
4403 2770 4633 2883 Cercle
4742 2770 4779 2883 8.
4900 2770 4912 2883 &
4997 2770 5033 2883 9.

2969 2883 2992 3006 A
3049 2883 3519 3006 LEXANDRE
3565 2883 4081 3006 ſapercenant
4150 2883 4208 3006 du
4276 2883 4414 3006 fort
4483 2883 4896 3006 parement
4965 2883 5033 3006 de

2945 3010 2981 3131 ſa
3051 3010 3333 3131 partie,
3392 3010 3580 3131 paſſe
3639 3010 3686 3131 au
3791 3010 4050 3131 meſme
4097 3010 4356 3131 temps
4414 3010 4649 3131 oultre
4720 3010 4755 3131 la
4826 3010 5049 3131 poin-

2973 3134 3022 3253 de
3083 3134 3181 3253 ſon
3290 3134 3730 3253 Contraire,
3779 3134 4121 3253 plantant
4170 3134 4231 3253 le
4292 3134 4463 3253 pied
4548 3134 4731 3253 droit
4805 3134 5036 3253 eſlevé

2950 3256 3009 3378 au
3091 3256 3363 3378 devant
3433 3256 3481 3378 du
3587 3256 3964 3378 Diametre
4012 3256 4743 3378 perpendiculaire,
4802 3256 5038 3378 voltãt

2948 3381 2997 3501 le
3058 3381 3349 3501 gauche
3398 3381 3507 3501 par
3580 3381 3896 3501 derriere
3957 3381 4200 3501 oultre
4249 3381 4298 3501 le
4383 3381 4784 3501 Diametre,
4869 3381 4881 3501 &
4930 3381 5039 3501 ſur

2947 3500 2996 3626 le
3045 3500 3277 3626 heurt
3350 3500 3411 3626 de
3460 3500 3557 3626 ſon
3655 3500 4082 3626 Contraire,
4143 3500 4362 3626 ayant
4423 3500 4606 3626 paſſé
4655 3500 4753 3626 ſon
4826 3500 5033 3626 eſpée

2958 3621 3159 3743 entre
3230 3621 3360 3743 eux
3443 3621 3620 3743 deux
3691 3621 3738 3743 en
3820 3621 4021 3743 haut,
4068 3621 4104 3743 il
4151 3621 4411 3743 plante
4470 3621 4517 3743 le
4588 3621 4765 3743 pied
4848 3621 5037 3743 droit

2959 3747 3193 3868 oultre
3254 3747 3303 3868 la
3365 3747 3598 3868 lettre
3733 3747 3807 3868 Q;
3918 3747 4212 3868 comme
4274 3747 4372 3868 les
4471 3747 4753 3868 figures
4864 3747 5048 3868 mon-

2941 3869 3208 3978 ſtrent.

2946 276 2996 423 au
3110 276 3299 423 coſté
3400 276 3640 423 droit,
3728 276 3892 423 puis
3980 276 4333 423 plantant
4422 276 4472 423 le
4561 276 4725 423 pied
4800 276 5027 423 eſlevé

2941 423 3169 518 ſoubs
3229 423 3289 518 le
3396 423 3767 518 Diametre
3827 423 3923 518 ſur
3995 423 4031 518 la
4103 423 4330 518 lettre
4438 423 4510 518 Y,
4581 423 4617 518 il
4689 423 5024 518 execute

2939 541 3035 661 ſon
3119 541 3299 661 coup
3371 541 3431 661 de
3504 541 3720 661 toute
3768 541 3816 661 ſa
3876 541 4117 661 force;
4201 541 4501 661 comme
4549 541 4585 661 il
4646 541 4742 661 eſt
4790 541 5042 661 repre-

2947 672 3137 791 ſanté
3188 672 3302 791 par
3340 672 3441 791 les
3491 672 3808 791 figures.

1411 5004 1731 5184 Cercle
1966 5004 2265 5184 N4.

3652 1324 3951 1497 Cercle
4164 1324 4442 1497 N.

2970 1593 3263 1720 Alexandre
3308 1593 3681 1720 s’apercevant
3737 1593 3771 1720 du
3816 1593 3918 1720 fort
3963 1593 4234 1720 parement
4290 1593 4313 1720 de
4358 1593 4403 1720 ſa
4448 1593 4651 1720 partie,
4696 1593 4820 1720 paſſe
4866 1593 5035 1720 oultre

3055 1716 3090 1838 la
3136 1716 3309 1838 pointe
3355 1716 3551 1838 d’iceluy
3597 1716 3805 1838 portant
3851 1716 3920 1838 ſur
3966 1716 4001 1838 le
4035 1716 4185 1838 heurt
4243 1716 4278 1838 de
4312 1716 4381 1838 ſon
4451 1716 4704 1838 Contraire
4774 1716 4831 1838 ſon
4900 1716 5027 1838 eſpée

3058 1843 3193 1927 entre
3232 1843 3328 1927 eux
3386 1843 3502 1927 deux
3559 1843 3598 1927 en
3646 1843 3820 1927 hault.

2980 4384 3268 4505 Alexandre
3325 4384 3556 4505 execute
3614 4384 3625 4505 à
3683 4384 3798 4505 plein
3867 4384 4178 4505 l’operation
4247 4384 4593 4505 precedente,
4639 4384 4847 4505 bleſſant
4927 4384 5043 4505 d’un

3063 4497 3377 4635 eſtramaçon
3435 4497 3470 4635 ſa
3517 4497 3680 4635 partie
3738 4497 3773 4635 au
3831 4497 3947 4635 coſté
3994 4497 4110 4635 droit
4168 4497 4203 4635 du
4261 4497 4517 4635 viſage.

748 5291 1000 5412 Zacharie
1060 5291 1336 5412 s’eſſayant
1396 5291 1432 5412 de
1492 5291 1647 5412 parer
1719 5291 1827 5412 avec
1887 5291 1995 5412 plus
2067 5291 2103 5412 de
2151 5291 2403 5412 ſuhtilité
2462 5291 2594 5412 qu’au
2666 5291 2822 5412 Cercle

882 5415 1032 5537 N.12.
1056 5415 1090 5537 la
1136 5415 1263 5537 lame
1321 5415 1344 5537 de
1390 5415 1436 5537 ſa
1483 5415 1679 5537 partie,
1725 5415 1990 5537 deſcouvre
2037 5415 2106 5537 ſon
2152 5415 2291 5537 coſté,
2337 5415 2533 5537 auquel
2614 5415 2833 5537 Alexan-

857 5538 917 5660 dre
952 5538 988 5660 le
1035 5538 1201 5660 bleſſe,
1248 5538 1403 5660 apres
1438 5538 1580 5660 avoir
1628 5538 1936 5660 abandonné
1983 5538 2019 5660 la
2066 5538 2185 5660 lame
2244 5538 2279 5660 de
2315 5538 2351 5660 ſa
2410 5538 2588 5660 partie
2718 5538 2836 5660 eſle-

844 5666 877 5780 vé
921 5666 954 5780 le
1010 5666 1120 5780 pied
1175 5666 1297 5780 droit
1363 5666 1540 5780 durant
1584 5666 1618 5780 le
1662 5666 1960 5780 parement.

1223 5852 1223 5975 E
1324 5852 1564 5975 Cercle
1652 5852 1841 5975 vient
1904 5852 2081 5975 auſſi
2131 5852 2283 5975 bien
2384 5852 2510 5975 que
2560 5852 2611 5975 le
2674 5852 2838 5975 pre-

1191 5976 1472 6094 cedent
1528 5976 1584 6094 du
1685 5976 2392 6094 commencement
2482 5976 2538 6094 de
2583 5976 2819 6094 l’ope-

1179 6102 1414 6203 ration
1496 6102 1543 6203 du
1648 6102 1883 6203 Cercle
2000 6102 2164 6203 N.12,
2211 6102 2258 6203 ou
2376 6102 2821 6203 ZACHARIE

1184 6223 1584 6347 s’eſſayant
1669 6223 1730 6347 de
1802 6223 2008 6347 parer
2081 6223 2263 6347 avec
2323 6223 2481 6347 plus
2554 6223 2614 6347 de
2663 6223 2832 6347 ſub-

713 6349 896 6467 tilité
945 6349 981 6467 la
1043 6349 1238 6467 lame
1311 6349 1373 6467 de
1421 6349 1470 6467 ſa
1531 6349 1764 6467 partie
1849 6349 1898 6467 en
2008 6349 2289 6467 dedans
2350 6349 2363 6467 à
2424 6349 2521 6467 ſon
2631 6349 2815 6467 coſté

723 6472 1020 6595 gauche
1106 6472 1527 6595 deſcouvre
1589 6472 1638 6595 ſõ
1713 6472 1911 6595 coſté
1972 6472 2195 6595 droit,
2269 6472 2826 6595 ALEXANDRE

710 6595 934 6718 ayant
1005 6595 1229 6718 eſlevé
1288 6595 1335 6718 le
1394 6595 1571 6718 pied
1654 6595 1831 6718 droit
1913 6595 2184 6718 durant
2243 6595 2290 6718 le
2361 6595 2809 6718 parement;

714 6716 1196 6839 abandonne
1246 6716 1283 6839 la
1344 6716 1530 6839 lame
1604 6716 1666 6839 de
1715 6716 2333 6839 ſonContraire,
2432 6716 2432 6839 &
2481 6716 2530 6839 le
2580 6716 2815 6839 bleſſe
