5520 7640
1594 278 1756 515 Oila
1817 278 2346 515 lapreuve
2448 278 2611 515 que
2692 278 3038 515 noſtre
3160 278 3750 515 Alexandre
3831 278 3831 515 à
3913 278 4076 515 fait
4177 278 4259 515 de
4320 278 4381 515 ſa
4503 278 5011 515 d’exterité

1491 491 1952 655 changeant
2020 491 2020 655 à
2088 491 2387 655 propos
2454 491 2943 655 d’operation
3011 491 3119 655 ſur
3187 491 3513 655 diverſes
3581 491 4001 655 occaſions
4069 491 4422 655 ſortants
4517 491 4734 655 d’une
4843 491 5005 655 meſ-

1509 636 1595 797 me
1667 636 1996 797 poſture
2082 636 2140 797 de
2197 636 2240 797 ſa
2297 636 2584 797 partie,
2684 636 2699 797 &
2742 636 2785 797 le
2856 636 3200 797 preſſant
3258 636 3415 797 ſans
3516 636 4089 797 deſavantage:
4146 636 4204 797 au
4275 636 4476 797 reſte
4519 636 4548 797 il
4605 636 4992 797 ſemblera

1478 780 1478 935 à
1534 780 1982 935 pluſieurs,
2038 780 2178 935 que
2220 780 2262 935 la
2332 780 2486 935 plus
2542 780 2696 935 part
2780 780 2878 935 des
2934 780 3409 935 operations
3479 780 3549 935 de
3605 780 3675 935 ce
3759 780 4081 935 Tableau
4151 780 4333 935 ſont
4375 780 4738 935 inutiles,
4794 780 5004 935 com-

1508 921 1586 1074 me
1664 921 1897 1074 ayant
1962 921 2092 1074 eſté
2144 921 2701 1074 repreſentées
2753 921 2896 1074 aux
2948 921 3493 1074 precedents:
3596 921 3752 1074 mais
3830 921 4076 1074 oultre
4167 921 4297 1074 que
4374 921 4504 1074 rien
4634 921 4997 1074 d’impor-

1468 1062 1704 1215 tance
1756 1062 1834 1215 ne
1900 1062 2253 1215 ſçauroit
2306 1062 2489 1215 eſtre
2541 1062 2711 1215 trop
2764 1062 3117 1215 ſouvent
3169 1062 3483 1215 repeté,
3549 1062 3627 1215 ils
3667 1062 3719 1215 ſe
3771 1062 4308 1215 pourroyent
4373 1062 4530 1215 bien
4609 1062 4988 1215 tromper

611 1189 997 1352 d’eſtimer
1038 1189 1093 1352 le
1176 1189 1438 1352 meſme
1506 1189 1562 1352 ce
1644 1189 1754 1352 qui
1810 1189 1892 1352 eſt
1947 1189 2429 1352 ſemblable,
2471 1189 2567 1352 car
2636 1189 2994 1352 combien
3091 1189 3215 1352 que
3284 1189 3545 1352 toutes
3614 1189 3862 1352 lignes
3931 1189 4220 1352 droites
4276 1189 4565 1352 ſoyent
4620 1189 4840 1352 faites
4896 1189 4992 1352 ſur

583 1339 723 1492 une
834 1339 1099 1492 meſme
1155 1339 1447 1492 reigle,
1503 1339 1531 1492 ſi
1601 1339 1684 1492 eſt
1768 1339 1824 1492 ce
1893 1339 2172 1492 quelles
2242 1339 2326 1492 ne
2367 1339 2674 1492 laiſſent
2730 1339 2841 1492 pas
2911 1339 2967 1492 de
3036 1339 3371 1492 prendre
3455 1339 3678 1492 divers
3747 1339 4026 1492 noms,
4138 1339 4152 1492 &
4221 1339 4277 1492 de
4375 1339 4821 1492 conſtituer
4918 1339 5002 1492 di-

589 1480 825 1631 verſes
880 1480 1213 1631 eſpeces,
1255 1480 1449 1631 ſelon
1519 1480 1616 1631 les
1685 1480 2004 1631 diverſes
2046 1480 2476 1631 ſituations
2587 1480 2587 1631 &
2657 1480 2920 1631 places
2976 1480 3267 1631 quelles
3309 1480 3697 1631 tiennent
3767 1480 3809 1631 en
3892 1480 4058 1631 leur
4114 1480 4405 1631 figure:
4433 1480 4613 1631 auſſi
4669 1480 4752 1631 les
4822 1480 5002 1631 ope-

572 1622 875 1772 rations
968 1622 1020 1772 de
1099 1622 1165 1772 ce
1271 1622 1666 1772 Tableau,
1732 1622 1995 1772 ſeront
2101 1622 2562 1772 differentes
2614 1622 2628 1772 à
2720 1622 2931 1772 celles
3023 1622 3115 1772 des
3194 1622 3510 1772 autres,
3576 1622 3629 1772 en
3734 1622 3787 1772 ce
3879 1622 4156 1772 quelles
4235 1622 4538 1772 auront
4617 1622 4749 1772 eſté
4828 1622 4999 1772 pro-

599 1758 838 1912 duites
905 1758 1011 1912 ſur
1091 1758 1423 1912 d’autres
1490 1758 1955 1912 occaſions,
2088 1758 2088 1912 &
2155 1758 2261 1912 ſur
2368 1758 2594 1912 divers
2700 1758 3099 1912 deſſeins;
3206 1758 3565 1912 comme-
3618 1758 3751 1912 cela
3844 1758 3991 1912 seſt
4070 1758 4190 1912 peu
4310 1758 4456 1912 voir
4549 1758 4549 1912 à
4656 1758 4815 1912 clair
4922 1758 4962 1912 en

577 1901 867 2039 iceluy.
