5520 7640
1367 4583 1688 4804 Cercle
1989 4583 2139 4804 .

616 4798 868 4934 Zacharie
914 4798 948 4934 ſe
1017 4798 1086 4934 met
1143 4798 1223 4934 ſur
1281 4798 1315 4934 la
1384 4798 1773 4934 Circonference
1831 4798 2461 4934 perpendiculairement
2541 4798 2702 4934 droit,

704 4934 887 5061 tenant
933 4934 956 5061 le
1013 4934 1115 5061 bras
1172 4934 1321 5061 droit;
1355 4934 1389 5061 ſe
1435 4934 1697 5061 couvrant
1743 4934 1766 5061 le
1812 4934 1983 5061 viſage
2040 4934 2074 5061 de
2120 4934 2154 5061 ſa
2222 4934 2394 5061 garde:
2474 4934 2690 5061 Alexan-

719 5054 782 5187 dre
856 5054 1046 5187 venant
1098 5054 1109 5187 à
1162 5054 1498 5187 l’encontre,
1551 5054 1678 5187 jette
1751 5054 1857 5187 d’un
1909 5054 2025 5187 bras
2099 5054 2436 5187 moderement
2488 5054 2688 5187 eſtandu

706 5183 767 5313 ſon
816 5183 950 5313 eſpee
1010 5183 1193 5313 deſſous
1229 5183 1338 5313 celle
1399 5183 1424 5313 de
1472 5183 1509 5313 ſa
1545 5183 1727 5313 partie
1764 5183 1800 5313 en
1849 5183 2189 5313 paralelle.

1072 5325 1483 5455 ACHARIE
1533 5325 1832 5455 s’eſtant
1882 5325 2132 5455 planté
2182 5325 2232 5455 le
2281 5325 2456 5455 pied
2518 5325 2705 5455 droit

1051 5449 1152 5562 ſur
1215 5449 1265 5562 la
1354 5449 1972 5562 Circonference
2036 5449 2048 5562 à
2099 5449 2149 5562 la
2200 5449 2427 5562 lettre
2541 5449 2591 5562 X,
2654 5449 2705 5562 le

1059 5573 1351 5701 gauche
1400 5573 1400 5701 à
1449 5573 1498 5701 la
1559 5573 1791 5701 lettre
1913 5573 1961 5701 Z,
2022 5573 2291 5701 tenant
2352 5573 2413 5701 le
2486 5573 2706 5701 corps

1043 5699 1638 5828 proportionné
1709 5699 2684 5828 perpendiculairement,

586 5819 772 5956 avec
835 5819 884 5956 le
947 5819 1108 5956 bras
1171 5819 1519 5956 eſtandu,
1581 5819 1930 5956 hauſſant
1992 5819 2042 5956 la
2104 5819 2328 5956 garde
2378 5819 2701 5956 juſques

575 5949 587 6078 à
673 5949 734 6078 ce
807 5949 978 6078 qu’il
1039 5949 1162 6078 s’en
1247 5949 1529 6078 couvre
1590 5949 1651 6078 le
1712 5949 1981 6078 viſage,
2091 5949 2104 6078 &
2152 5949 2189 6078 la
2275 5949 2544 6078 pointe
2629 5949 2691 6078 de

574 6076 845 6202 l’eſpee
903 6076 974 6202 un
1044 6076 1174 6202 peu
1256 6076 1573 6202 eſlevée.
1668 6076 1679 6202 A
1750 6076 2232 6202 LEXANDRE
2302 6076 2502 6202 vient
2561 6076 2702 6202 tra-

589 6194 845 6329 vailler
894 6194 894 6329 à
955 6194 1432 6329 l’encontre,
1518 6194 1823 6329 mettant
1884 6194 1933 6329 le
1994 6194 2165 6329 pied
2239 6194 2532 6329 gauche
2593 6194 2691 6329 ſur

580 6317 617 6436 la
731 6317 1349 6436 Circonference
1412 6317 1425 6436 à
1475 6317 1513 6436 la
1564 6317 1791 6436 lettre
1892 6317 1955 6436 C,
2018 6317 2320 6436 laiſſant
2371 6317 2421 6436 le
2510 6317 2686 6436 droit

581 6443 654 6579 un
715 6443 838 6579 pas
911 6443 960 6579 en
1033 6443 1351 6579 arriere,
1400 6443 1890 6579 reſpondant
1951 6443 1963 6579 a
2012 6443 2061 6579 la
2110 6443 2318 6579 ligne
2403 6443 2452 6579 du
2562 6443 2697 6579 Dia-

617 6566 864 6703 metre,
914 6566 1323 6703 penchant
1372 6566 1422 6703 le
1484 6566 1694 6703 corps
1744 6566 1843 6703 ſur
1892 6566 1942 6703 le
1991 6566 2165 6703 pied
2239 6566 2561 6703 gauche,
2673 6566 2685 6703 &

598 6694 1009 6840 eſtendant
1046 6694 1096 6840 le
1146 6694 1307 6840 bras
1394 6694 1954 6840 moderement,
1991 6694 2016 6840 il
2066 6694 2253 6840 jette
2303 6694 2402 6840 ſon
2477 6694 2688 6840 eſpee

1158 1296 2569 1425 DECLARATION
2808 1296 3066 1425 DES
3305 1296 4497 1425 OPERATIONS

1507 1444 1622 1551 DV
1795 1444 2415 1551 TABLEAV
2603 1444 2978 1551 VINGT
3122 1444 3209 1551 ET
3353 1444 4117 1551 TROISIEME.

1559 1657 1577 1869 L
1668 1657 1795 1869 ny
1885 1657 1903 1869 a
2012 1657 2465 1869 exercice
2573 1657 2646 1869 au
2827 1657 3189 1869 monde
3298 1657 3388 1869 ou
3497 1657 3624 1869 les
3732 1657 4456 1869 changemens
4565 1657 4927 1869 ſovent

1482 1857 1641 2010 plus
1720 1857 2317 2010 conſiderables
2396 1857 2582 2010 qu’au
2675 1857 2966 2010 noſtre,
3032 1857 3125 2010 car
3192 1857 3351 2010 bien
3430 1857 3775 2010 ſouvent
3828 1857 3881 2010 le
3987 1857 4331 2010 moindre
4398 1857 4530 2010 non
4610 1857 4928 2010 preveu,

1482 2004 1676 2146 nous
1741 2004 1935 2146 peut
2038 2004 2284 2146 mettre
2362 2004 2413 2146 en
2504 2004 2918 2146 tresgrand
3008 2004 3319 2146 danger:
3461 2004 3642 2146 Voilà
3720 2004 4159 2146 pourquoy
4237 2004 4315 2146 cy
4405 2004 4664 2146 devant
4741 2004 4935 2146 nous

1488 2142 1686 2285 nous
1752 2142 2109 2285 ſommes
2176 2142 2480 2285 eſtudié
2572 2142 2625 2285 de
2705 2142 2890 2285 vous
2930 2142 3022 2285 les
3088 2142 3260 2285 faire
3327 2142 3816 2285 cognoiſtre,
3869 2142 4054 2285 vous
4107 2142 4583 2285 produiſant
4663 2142 4769 2285 des
4861 2142 4927 2285 di-

1500 2278 1730 2422 verſes
1773 2278 2117 2422 aions,
2160 2278 2261 2422 ſur
2347 2278 2448 2422 des
2491 2278 2850 2422 poſtures
2922 2278 2979 2422 de
3037 2278 3453 2422 l’Ennemi
3496 2278 3525 2422 ſi
3583 2278 4085 2422 ſemblables,
4143 2278 4315 2422 qu’il
4358 2278 4746 2422 ſembloit
4804 2278 4933 2422 que

1483 2408 1524 2562 la
1605 2408 2028 2562 difference
2082 2408 2164 2562 ne
2219 2408 2355 2562 fuſt
2409 2408 2586 2562 rien,
2641 2408 3172 2562 neantmoins
3227 2408 3282 2562 en
3350 2408 3391 2562 la
3445 2408 3636 2562 ſuite
3690 2408 3758 2562 on
3827 2408 4167 2562 pouvoit
4222 2408 4399 2562 aſſez
4467 2408 4944 2562 cognoiſtre,

622 2554 678 2703 de
776 2554 1028 2703 qu’elle
1112 2554 1685 2703 conſequence
1755 2554 2091 2703 eſtoient
2161 2554 2314 2703 leur
2384 2554 2874 2703 diſtinion.
2958 2554 3125 2703 cecy
3195 2554 3559 2703 paroiſtra
3629 2554 3909 2703 encore
3965 2554 4132 2703 plus
4188 2554 4188 2703 a
4286 2554 4440 2703 clair
4496 2554 4552 2703 en
4622 2554 4664 2703 la
4748 2554 4943 2703 diffe-

606 2688 798 2838 rẽce,
866 2688 976 2838 qui
1031 2688 1127 2838 eſt
1182 2688 1387 2838 entre
1442 2688 1524 2838 les
1579 2688 2018 2838 premieres
2073 2688 2429 2838 poſtures
2497 2688 2566 2838 de
2621 2688 2717 2838 ces
2785 2688 2963 2838 deux
3046 2688 3457 2838 Tableaux,
3512 2688 3621 2838 qui
3690 2688 3772 2838 eſt
3827 2688 3854 2838 ſi
3909 2688 4142 2838 petite
4211 2688 4265 2838 en
4334 2688 4745 2838 aparance,
4814 2688 4937 2838 que

600 2830 870 2976 l’eſpee
924 2830 1006 2976 un
1087 2830 1208 2976 peu
1289 2830 1452 2976 plus
1492 2830 1762 2976 haulte
1817 2830 1884 2976 au
1952 2830 2398 2976 precedent
2695 2830 2790 2976 1I.
2871 2830 3047 2976 qu’en
3141 2830 3587 2976 ceſtuy-cy,
3641 2830 3695 2976 en
3790 2830 3885 2976 eſt
3925 2830 3966 2976 la
4033 2830 4277 2976 cauſe;
4331 2830 4763 2976 toutesfois
4817 2830 4939 2976 no-

603 2967 744 3115 ſtre
828 2967 1124 3115 diſciple
1194 2967 1251 3115 ſe
1349 2967 1702 3115 mettroit
1772 2967 1828 3115 en
1927 2967 2166 3115 grand
2223 2967 2434 3115 peril,
2476 2967 2575 3115 s’il
2617 2967 2927 3115 vouloit
2969 2967 3406 3115 attaquant
3462 2967 3504 3115 ſa
3575 2967 3842 3115 partie,
3899 2967 4040 3115 uſer
4124 2967 4180 3115 de
4237 2967 4589 3115 pareilles
4631 2967 4941 3115 aions

605 3109 720 3254 icy
792 3109 979 3254 qu’en
1066 3109 1368 3254 l’autre.
1440 3109 1483 3254 Il
1541 3109 1584 3254 ſe
1656 3109 1930 3254 pourra
2017 3109 2204 3254 donc
2261 3109 2434 3254 faire
2506 3109 2636 3254 que
2723 3109 3083 3254 Zacharie
3140 3109 3601 3254 changeant
3673 3109 3962 3254 d’advis,
4019 3109 4466 3254 preſentera
4524 3109 4624 3254 ſon
4725 3109 4927 3254 eſpee

612 3247 654 3389 en
724 3247 766 3389 la
836 3247 1045 3389 façon
1143 3247 1506 3389 depeinte
1562 3247 1618 3389 au
1758 3247 1981 3389 Cercle
2121 3247 2163 3389 N.
2205 3247 2233 3389 1.
2330 3247 2372 3389 de
2456 3247 2512 3389 ce
2610 3247 2959 3389 Tableau,
3015 3247 3294 3389 tenant
3350 3247 3406 3389 au
3476 3247 3658 3389 reſte
3713 3247 3755 3389 la
3839 3247 4105 3389 meſme
4160 3247 4482 3389 poſture
4566 3247 4691 3389 que
4761 3247 4929 3389 celle

611 3386 653 3527 en
738 3386 1077 3527 laquelle
1147 3386 1175 3527 il
1232 3386 1528 3527 s’eſtoit
1599 3386 1951 3527 preſenté
2022 3386 2078 3527 au
2177 3386 2657 3527 precedent,
2727 3386 2995 3527 exepté
3080 3386 3235 3527 qu’il
3305 3386 3602 3527 tiendra
3672 3386 3715 3527 la
3827 3386 3968 3527 main
4067 3386 4222 3527 plus
4293 3386 4547 3527 haulte
4617 3386 4815 3527 pour
4871 3386 4928 3527 ſe

609 3521 911 3666 couvrir
953 3521 1008 3666 le
1063 3521 1186 3666 bas
1255 3521 1310 3666 du
1393 3521 1668 3666 viſage,
1709 3521 1819 3666 ſon
1901 3521 2108 3666 eſpee
2163 3521 2575 3666 enclinant
2644 3521 2685 3666 la
2754 3521 3029 3666 pointe
3084 3521 3235 3666 vers
3290 3521 3345 3666 le
3400 3521 3593 3666 coſté
3675 3521 3854 3666 droit
3923 3521 3991 3666 de
4046 3521 4088 3666 ſa
4156 3521 4390 3666 partie
4473 3521 4789 3666 comme
4844 3521 4912 3666 au

660 3661 893 3803 Cercle
966 3661 995 3803 3.
1068 3661 1127 3803 en
1229 3661 1287 3803 ce
1346 3661 1448 3803 cas
1506 3661 1535 3803 il
1608 3661 1681 3803 ne
1740 3661 1871 3803 ſera
1929 3661 2046 3803 pas
2104 3661 2440 3803 beſoing
2498 3661 2557 3803 de
2615 3661 2849 3803 ſuivre
2892 3661 2995 3803 les
3038 3661 3593 3803 Inſtruions
3680 3661 3724 3803 du
3826 3661 4133 3803 Tableau
4206 3661 4687 3803 precedent,
4731 3661 4921 3803 pour

598 3797 712 3940 luy
784 3797 941 3940 tirer
998 3797 1056 3940 au
1141 3797 1370 3940 viſage
1427 3797 1542 3940 par
1585 3797 1642 3940 le
1713 3797 1985 3940 dehors
2056 3797 2114 3940 du
2185 3797 2342 3940 bras
2400 3797 2643 3940 oultre
2700 3797 3000 3940 l’eſpee,
3086 3797 3486 3940 marchant
3558 3797 3787 3940 deſſus
3830 3797 3872 3940 le
3987 3797 4359 3940 Diametre
4416 3797 4416 3940 a
4473 3797 4516 3940 la
4573 3797 4788 3940 lettre
4873 3797 4931 3940 L,

595 3935 609 4080 a
690 3935 906 4080 cauſe
987 3935 1109 4080 que
1177 3935 1217 4080 le
1285 3935 1813 4080 hochement
1894 3935 1962 4080 de
2029 3935 2070 4080 la
2165 3935 2367 4080 garde
2449 3935 3044 4080 empeſcheroit
3139 3935 3585 4080 d’executer
3639 3935 3693 4080 le
3761 3935 4004 4080 coup;
4113 3935 4262 4080 mais
4329 3935 4356 4080 il
4424 3935 4681 4080 faudra
4762 3935 4938 4080 ainſi

611 4074 780 4217 qu’il
836 4074 977 4217 ſera
1075 4074 1398 4217 monſtré
1455 4074 1511 4217 en
1609 4074 1666 4217 ce
1750 4074 2116 4217 Tableau,
2158 4074 2284 4217 luy
2355 4074 2523 4217 tirer
2594 4074 2692 4217 ſur
2777 4074 2959 4217 ceſte
3016 4074 3339 4217 poſture
3395 4074 3466 4217 un
3550 4074 3747 4217 coup
3817 4074 3874 4217 de
3944 4074 4211 4217 pointe
4267 4074 4408 4217 aux
4492 4074 4703 4217 yeux,
4774 4074 4942 4217 eſle-

609 4209 777 4354 vant
819 4209 875 4354 le
931 4209 1100 4354 bras
1128 4209 1170 4354 la
1268 4209 1422 4354 main
1563 4209 1563 4354 &
1605 4209 1647 4354 la
1717 4209 1970 4354 garde,
2054 4209 2447 4354 marchant
2531 4209 2755 4354 deſſus
2797 4209 2839 4354 le
2952 4209 3330 4354 Diametre
3401 4209 3415 4354 a
3485 4209 3513 4354 la
3569 4209 3807 4354 lettre
3906 4209 3948 4354 G;
4046 4209 4046 4354 &
4102 4209 4214 4354 par
4298 4209 4355 4354 ce
4453 4209 4705 4354 moyen
4789 4209 4902 4354 l’on

602 4348 729 4498 ſera
799 4348 968 4498 hors
1038 4348 1095 4498 de
1151 4348 1334 4498 peril
1404 4348 1658 4498 d’eſtre
1714 4348 1968 4498 bleſſé;
2024 4348 2334 4498 ſuivant
2376 4348 2460 4498 les
2503 4348 3052 4498 inſtruions
3108 4348 3178 4498 cy
3249 4348 3544 4498 deſſous
3601 4348 4079 4498 contenues.

2830 4591 3061 4707 ſoubs
3146 4591 3315 4707 celle
3400 4591 3473 4707 de
3534 4591 3570 4707 ſa
3643 4591 3885 4707 partie
3970 4591 4019 4707 en
4116 4591 4480 4707 Premiere
4540 4591 4916 4707 Inſtance,

2830 4714 3097 4835 faiſant
3182 4714 3437 4835 couler
3498 4714 3547 4835 le
3632 4714 3911 4835 poulce
3996 4714 4008 4835 a
4069 4714 4336 4835 l’autre
4433 4714 4627 4835 coſté
4736 4714 4785 4835 de
4870 4714 4919 4835 la

2832 4837 3171 4958 branche
3219 4837 3654 4958 interieure
3703 4837 3812 4958 ſur
3860 4837 4187 4958 laquelle
4259 4837 4283 4958 il
4356 4837 4610 4958 eſtoit;
4682 4837 4731 4958 de
4815 4837 4924 4958 ma-

2831 4962 3034 5077 niere
3124 4962 3248 5077 que
3316 4962 3361 5077 la
3429 4962 3778 5077 branche
3857 4962 4297 5077 exterieure
4365 4962 4556 5077 vient
4624 4962 4669 5077 en
4759 4962 4929 5077 bas,

2832 5085 3096 5205 faiſant
3144 5085 3312 5205 ainſi
3373 5085 3469 5205 les
3541 5085 3721 5205 deux
3769 5085 4010 5205 lames
4070 5085 4262 5205 deux
4310 5085 4563 5205 lignes
4611 5085 4935 5205 paralel-

2829 5207 2961 5330 les,
3021 5207 3345 5330 prenant
3417 5207 3562 5330 bien
3646 5207 3862 5330 garde
3934 5207 3946 5330 a
4018 5207 4319 5330 planter
4355 5207 4415 5330 le
4475 5207 4631 5330 pied
4679 5207 4920 5330 lente-

2854 5331 3045 5453 ment
3093 5331 3105 5453 à
3164 5331 3391 5453 terre,
3451 5331 3570 5453 afin
3677 5331 3928 5453 d’eſtre
3999 5331 4310 5453 prompt
4381 5331 4381 5453 à
4465 5331 4846 5453 travailler
4906 5331 4906 5453 a

2830 5453 3290 5569 l’encontre,
3402 5453 3415 5569 &
3465 5453 3514 5569 le
3564 5453 3975 5569 ſouſtenir.

3539 5597 3848 5770 Cercle
4068 5597 4355 5770 N.2.

2847 5802 3026 5921 Pource
3073 5802 3157 5921 que
3228 5802 3478 5921 Zacharie
3526 5802 3550 5921 ſe
3609 5802 3788 5921 couvre
3835 5802 3859 5921 le
3919 5802 4097 5921 viſage
4145 5802 4181 5921 de
4240 5802 4276 5921 ſa
4336 5802 4538 5921 garde,
4633 5802 4919 5921 Alexandre

2946 5929 3102 6058 eſleve
3163 5929 3223 6058 ſon
3283 5929 3440 6058 eſpee,
3500 5929 3536 6058 la
3608 5929 3825 6058 mettant
3873 5929 3897 6058 le
4006 5929 4030 6058 N.
4090 5929 4126 6058 6.
4186 5929 4222 6058 au
4331 5929 4367 6058 N.
4415 5929 4451 6058 5.
4524 5929 4560 6058 de
4620 5929 4728 6058 celle
4801 5929 4825 6058 de
4885 5929 4921 6058 ſa

2939 6059 3118 6173 partie
3152 6059 3263 6173 ſans
3308 6059 3442 6173 faire
3487 6059 3632 6173 aucun
3699 6059 3866 6173 poids.

3327 6197 3541 6319 Ource
3624 6197 3755 6319 que
3886 6197 4314 6319 ZACHARIE
4386 6197 4433 6319 ſe
4517 6197 4790 6319 couvre
4862 6197 4909 6319 la

3285 6319 3467 6446 veüe
3539 6319 3600 6446 de
3648 6319 3684 6446 ſa
3757 6319 3999 6446 garde,
4060 6319 4326 6446 tenant
4374 6319 4423 6446 ſa
4483 6319 4761 6446 pointe
4834 6319 4895 6446 un

3272 6439 3392 6565 peu
3464 6439 3801 6565 hauſſée.
3885 6439 4439 6565 ALEXANDRE
4511 6439 4752 6565 eſleve
4800 6439 4896 6565 ſon

3289 6553 3536 6689 eſpee,
3575 6553 3614 6689 la
3717 6553 4029 6689 mettant
4093 6553 4145 6689 le
4262 6553 4301 6689 N.
4379 6553 4418 6689 6.
4470 6553 4521 6689 au
4651 6553 4690 6689 N.
4742 6553 4781 6689 5.
4872 6553 4923 6689 de

2834 6695 3006 6818 celle
3080 6695 3142 6818 de
3204 6695 3253 6818 ſa
3327 6695 3586 6818 partie,
3648 6695 3796 6818 ſans
3858 6695 4031 6818 faire
4093 6695 4327 6818 aucun
4401 6695 4623 6818 poids
4685 6695 4697 6818 a
4759 6695 4944 6818 l’en-

4626 6843 4927 6924 contre,
