5520 7640
3000 289 3304 424 mencement
3363 289 3398 424 du
3480 289 3831 424 mouvement,
3866 289 3901 424 le
3960 289 4183 424 bleſſant
4241 289 4288 424 au
4358 289 4557 424 viſage;
4604 289 4710 424 ps
4780 289 5014 424 peuſui-

2979 417 3099 555 vant
3142 417 3251 555 tout
3306 417 3470 555 oultre
3513 417 3546 555 le
3590 417 3732 555 perce
3775 417 3786 555 e
3863 417 4092 555 rigueur
4147 417 4147 555 à
4201 417 4420 555 tavrs
4463 417 4758 555 lateſte,.

3354 591 3366 716 E
3476 591 3720 716 Cercle
3781 591 3903 716 icy
3964 591 4085 716 tire
4146 591 4256 716 ſon
4341 591 5012 716 commencemẽt

3347 710 3408 840 de
3470 710 3938 840 l’operation
4049 710 4098 840 du
4222 710 4480 840 Cercle
4604 710 4653 840 N.
4702 710 4739 840 1.
4813 710 5023 840 com-

3344 837 3429 962 me
3538 837 3599 962 Az
3672 837 4096 962 EXANDRE
4193 837 4242 962 va
4327 837 4642 962 planter
4703 837 4764 962 le
4836 837 5018 962 pied

3338 960 3669 1105 gauche,
3731 960 3780 1105 en
3841 960 3890 1105 la
3977 960 4284 1105 maniere
4357 960 4529 1105 qu’il
4603 960 4689 1105 eſt
4751 960 5021 1105 repre-

2843 1097 3058 1223 ſenté
3109 1097 3248 1223 aux
3312 1097 3603 1223 figures
3667 1097 3882 1223 dudit
3971 1097 4250 1223 Cercle,
4364 1097 4858 1223 ZACHARIE
4934 1097 4985 1223 en

2870 1217 3132 1351 meſme
3192 1217 3454 1351 temps
3514 1217 3824 1351 entrant
3896 1217 3944 1351 du
4027 1217 4194 1351 pied
4277 1217 4504 1351 droit,
4576 1217 4707 1351 tire
4790 1217 5005 1351 d’une

2847 1347 3108 1477 pleine
3170 1347 3381 1477 force
3431 1347 3480 1477 au
3567 1347 3816 1477 viſage
3890 1347 3953 1477 de
4002 1347 4040 1477 ſa
4102 1347 4400 1477 partie:
4499 1347 4648 1477 mais
4711 1347 5009 1477 pource

2866 1472 3075 1607 qu’ils
3124 1472 3285 1607 ſont
3334 1472 3506 1607 tous
3580 1472 3765 1607 deux
3839 1472 3888 1607 en
3987 1472 4369 1607 Premiere
4430 1472 4837 1607 Inſtance,
4898 1472 4935 1607 il
4997 1472 4997 1607 a

2858 1598 3097 1729 beſoin
3193 1598 3324 1729 d’un
3420 1598 3671 1729 temps
3742 1598 3981 1729 entier
4053 1598 4244 1729 pour
4304 1598 4651 1729 pouvoir
4722 1598 5021 1729 execu-

2852 1720 2963 1858 ter
3013 1720 3111 1858 ſon
3198 1720 3432 1858 coup;
3494 1720 3506 1858 à
3581 1720 3778 1858 quoy
3864 1720 3877 1858 A
3939 1720 4420 1858 LEXANDRE
4469 1720 4815 1858 prenant
4889 1720 5025 1858 gar-

2863 1849 2931 1973 de
2998 1849 3055 1973 au
3178 1849 3910 1973 commencement
4011 1849 4067 1973 du
4191 1849 4720 1973 mouvement
4822 1849 4889 1973 de
4957 1849 5002 1973 ſa

2844 1980 3137 2106 partie;
3199 1980 3419 2106 porte
3492 1980 3541 2106 en
3615 1980 3847 2106 avant
3896 1980 3945 2106 le
4019 1980 4190 2106 pied
4263 1980 4496 2106 droit,
4569 1980 4888 2106 dreſſant
4949 1980 5010 2106 le

2857 2108 3080 2236 corps
3139 2108 3233 2236 ſur
3303 2108 3362 2236 le
3444 2108 3773 2236 gauche,
3878 2108 3890 2236 &
3960 2108 4019 2236 va
4101 2108 4582 2236 rencontrer
4641 2108 4700 2236 le
4782 2108 5017 2236 coup,

2863 2228 2925 2363 de
2975 2228 3174 2363 ſorte
3248 2228 3385 2363 que
3435 2228 3484 2363 le
3534 2228 3683 2363 fort
3757 2228 3819 2363 de
3869 2228 3968 2363 ſon
4055 2228 4266 2363 eſpee
4328 2228 4540 2363 vient
4614 2228 4664 2363 au
4763 2228 5011 2363 foible

2870 2364 2936 2493 de
3015 2364 3200 2493 celle
3293 2364 3346 2493 de
3425 2364 3465 2493 ſa
3557 2364 3874 2493 partie,
3967 2364 4310 2493 laquelle
4403 2364 4786 2493 graduant
4865 2364 4891 2493 il
4957 2364 5010 2493 le

2846 2491 3086 2615 bleſſe
3161 2491 3212 2615 au
3312 2491 3602 2615 viſage,
3690 2491 3753 2615 de
3816 2491 3992 2615 telle
4068 2491 4282 2615 force
4357 2491 4496 2615 que
4559 2491 4672 2615 les
4747 2491 5012 2615 gardes

2844 2622 3123 2745 s’entre
3183 2622 3753 2745 rencontrent,
3813 2622 3971 2745 puis
4031 2622 4395 2745 plantant
4443 2622 4504 2745 le
4565 2622 4746 2745 pied
4819 2622 5013 2745 droit

2850 2745 2957 2874 ſur
3011 2745 3065 2874 le
3159 2745 3548 2874 Diametre
3602 2745 3615 2874 à
3656 2745 3709 2874 la
3777 2745 4005 2874 lettre
4126 2745 4166 2874 H,
4220 2745 4260 2874 il
4314 2745 4623 2874 panche
4677 2745 4730 2874 le
4798 2745 5026 2874 corps

2876 2871 3106 2998 deſſus
3170 2871 3503 2998 ployant
3567 2871 3618 2998 le
3695 2871 3990 2998 genou;
4066 2871 4118 2998 de
4233 2871 4553 2998 maniere
4630 2871 4783 2998 qu’il
4860 2871 5014 2998 faut

2856 2996 2984 3125 que
3035 2996 3086 3125 le
3150 2996 3317 3125 bras
3419 2996 3432 3125 &
3483 2996 3752 3125 l’eſpee
3828 2996 3892 3125 de
3943 2996 3982 3125 ſa
4046 2996 4289 3125 partie
4365 2996 4672 3125 cedent,
4724 2996 4775 3125 le
4864 2996 5031 3125 per-

2859 3122 3011 3251 çant
3087 3122 3265 3251 ainſi
3354 3122 3404 3251 en
3493 3122 3747 3251 pleine
3823 3122 4140 3251 rigueur
4241 3122 4444 3251 d’une
4533 3122 4913 3251 eſtocade
5002 3122 5015 3251 à

2839 3251 3146 3385 travers
3193 3251 3240 3385 la
3299 3251 3522 3385 teſte;
3581 3251 3888 3385 comme
3935 3251 4041 3385 les
4088 3251 4382 3385 figures
4476 3251 4936 3385 monſtrent.

3544 3807 3869 4017 Cercle
4217 3807 4403 4017 16.

2852 4037 3040 4178 Cmme
3158 4037 3381 4178 acharie
3428 4037 3628 4178 aoyant
3675 4037 3817 4178 venir
3852 4037 3887 4178 la
3934 4037 4064 4178 lame
4134 4037 4170 4178 de
4217 4037 4252 4178 ſa
4311 4037 4487 4178 partie
4546 4037 4734 4178 devant
4770 4037 4840 4178 ſes
4887 4037 5017 4178 yeux

2966 4171 3149 4302 comme
3201 4171 3476 4302 auCerile
3580 4171 3606 4302 N.
3671 4171 3711 4302 3.
3763 4171 3933 4302 bauſſe
3985 4171 4011 4302 le
4063 4171 4181 4302 bras
4272 4171 4272 4302 &
4324 4171 4507 4302 l’eſpee
4572 4171 4598 4302 de
4651 4171 4794 4302 toute
4846 4171 4886 4302 ſa
4925 4171 5029 4302 for-

2958 4296 3045 4439 ce,
3170 4296 3470 4439 Alexandre
3533 4296 3608 4439 s’en
3683 4296 4070 4439 appercevant
4133 4296 4283 4439 laiſſe
4345 4296 4408 4439 icy
4470 4296 4533 4439 ſon
4595 4296 4908 4439 intention,
5020 4296 5020 4439 &

2963 4427 3164 4560 voyant
3214 4427 3277 4560 les
3315 4427 3491 4560 eſpees
3542 4427 3667 4560 ainſi
3718 4427 3970 4560 haultes,
4007 4427 4045 4560 il
4083 4427 4146 4560 les
4184 4427 4335 4560 laiſſe
4372 4427 4725 4560 accouplées.

3342 4612 3714 4747 Eſtuy-cy
3794 4612 4126 4747 reſourd
4233 4612 4286 4747 de
4366 4612 4831 4747 l’operation
4951 4612 5004 4747 du

3351 4743 3606 4878 Cercle
3734 4743 3772 4878 N.
3848 4743 3887 4878 2.
4001 4743 4575 4878 ALEXANDRE
4677 4743 5021 4878 pourſui-

3324 4872 3490 5003 vant
3553 4872 3936 5003 derechef
4000 4872 4178 5003 celle
4242 4872 4305 5003 du
4420 4872 4662 5003 Cercle
4777 4872 4815 5003 N.
4854 4872 4892 5003 3.
4956 4872 4994 5003 en

3316 5005 3373 5136 ce
3442 5005 3695 5136 temps
3765 5005 3903 5136 que
4006 5005 4087 5136 ZA
4156 5005 4478 5136 CHARIE
4547 5005 4847 5136 voyant
4904 5005 5019 5136 ve-

2835 5094 2937 5254 nir
3027 5094 3309 5254 devant
3361 5094 3463 5254 ſes
3528 5094 3733 5254 yeux
3784 5094 3823 5254 la
3887 5094 4079 5254 lame
4156 5094 4221 5254 de
4272 5094 4323 5254 ſa
4387 5094 4695 5254 partie,
4760 5094 5029 5254 hauſſe

2830 5238 2891 5372 le
2964 5238 3134 5372 bras
3268 5238 3280 5372 &
3353 5238 3632 5372 l’eſpee
3729 5238 3790 5372 de
3863 5238 4094 5372 toute
4166 5238 4215 5372 ſa
4288 5238 4507 5372 force
4592 5238 4907 5372 comme
4968 5238 5029 5372 le

2847 5373 3074 5526 corps
3163 5373 3819 5526 d’ALEXANDRE
3895 5373 3983 5526 eſt
4059 5373 4109 5526 en
4197 5373 4248 5526 ſa
4324 5373 4664 5526 cheute,
4790 5373 4790 5526 &
4879 5373 5018 5526 que

2833 5497 2933 5642 ſon
3033 5497 3208 5642 pied
3283 5497 3571 5642 gauche
3646 5497 3733 5642 eſt
3796 5497 4034 5642 eſlevé
4109 5497 4296 5642 pour
4371 5497 4421 5642 le
4496 5497 4747 5642 volter
4809 5497 4859 5642 en
4934 5497 5022 5642 ar-

2839 5629 3069 5769 riere,
3146 5629 3453 5769 comme
3517 5629 3543 5769 il
3607 5629 3696 5769 eſt
3748 5629 3978 5769 porté
4029 5629 4170 5769 aux
4272 5629 4516 5769 Cercle
4644 5629 4695 5769 N.
4746 5629 4772 5769 3.
4887 5629 4900 5769 &
4977 5629 5028 5769 4.

2831 5754 2953 5891 icy
3039 5754 3051 5891 A
3112 5754 3578 5891 LEXANDRE
3639 5754 3945 5891 laiſſant
4018 5754 4214 5891 ceſte
4263 5754 4667 5891 intention
4789 5754 4912 5891 met
4973 5754 5022 5891 le

2843 5882 3020 6009 pied
3121 5882 3412 6009 gauche
3514 5882 3754 6009 eſlevé
3830 5882 3843 6009 a
3919 5882 3957 6009 la
4045 5882 4286 6009 lettre
4412 5882 4463 6009 G.
4564 5882 4893 6009 derriere
4969 5882 5020 6009 le

2867 6005 3051 6138 droit
3112 6005 3407 6138 planté,
3457 6005 3739 6138 lequel
3776 6005 3813 6138 il
3874 6005 3960 6138 eſt
4010 6005 4255 6138 eſleve
4317 6005 4870 6138 tresbuchant
4944 6005 4993 6138 du

2858 6145 3121 6292 corps,
3234 6145 3234 6292 &
3296 6145 3584 6292 pource
3660 6145 3797 6292 que
3835 6145 3898 6292 le
3948 6145 4123 6292 bras
4236 6145 4236 6292 &
4286 6145 4574 6292 l’eſpee
4649 6145 4712 6292 de
4775 6145 4812 6292 ſa
4875 6145 5025 6292 par-

2847 6267 2936 6406 tie
2987 6267 3154 6406 ſont
3205 6267 3243 6406 ſi
3295 6267 3602 6406 haulte,
3640 6267 3679 6406 il
3730 6267 4075 6406 plantera
4139 6267 4191 6406 le
4255 6267 4434 6406 pied
4511 6267 4703 6406 droit
4792 6267 5023 6406 eſlevé

2846 6390 2946 6549 ſur
3021 6390 3071 6549 le
3183 6390 3508 6549 Centre,
3608 6390 3920 6549 laiſſant
3983 6390 4095 6549 les
4183 6390 4445 6549 eſpees
4508 6390 5020 6549 accouplees

2857 6521 3052 6700 pour
3105 6521 3587 6700 pourſuivre
3639 6521 3744 6700 les
3796 6521 4278 6700 operations
4343 6521 4396 6700 du
4513 6521 4761 6700 Cercle
4839 6521 4891 6700 7.

4890 6890 5037 6982 Cer-

596 311 925 437 contre,
1054 311 1207 437 mais
1289 311 1689 437 eſtandant
1771 311 2218 437 ſeulement
2288 311 2335 437 le
2406 311 2582 437 bras
2700 311 2711 437 &

578 435 883 562 l’eſpee,
934 435 972 562 il
1036 435 1265 562 eſleve
1328 435 1723 562 enſemble
1786 435 1850 562 le
1926 435 2091 562 pied
2180 435 2397 562 droit,
2435 435 2486 562 le
2549 435 2715 562 por-

582 564 738 707 tant
798 564 846 707 en
930 564 1182 707 avant;
1254 564 1554 707 comme
1602 564 1698 707 les
1758 564 2046 707 figures
2130 564 2574 707 monſtrent.

1321 747 1642 951 Cercle
1964 747 2101 951 .3.

621 950 908 1093 Alexandre
968 950 1327 1093 pourſuivant
1386 950 1458 1093 met
1518 950 1590 1093 ſon
1638 950 1769 1093 eſpee
1829 950 2044 1093 deſſoubs
2140 950 2152 1093 &
2200 950 2451 1093 joignant
2499 950 2606 1093 celle
2666 950 2702 1093 de

697 1087 735 1214 ſa
799 1087 1002 1214 partie,
1103 1087 1103 1214 &
1154 1087 1179 1214 la
1243 1087 1522 1214 graduant
1560 1087 1585 1214 il
1649 1087 1801 1214 eſleue
1851 1087 1877 1214 le
1928 1087 2042 1214 bras
2130 1087 2130 1214 &
2181 1087 2219 1214 la
2270 1087 2448 1214 garde,
2486 1087 2701 1214 juſques

698 1215 698 1337 à
752 1215 785 1337 ce
828 1215 914 1337 que
957 1215 990 1337 la
1044 1215 1205 1337 pointe
1259 1215 1432 1337 vienne
1486 1215 1669 1337 devant
1713 1215 1777 1337 les
1831 1215 1961 1337 yeux
2026 1215 2263 1337 d’iceluy.

1064 1364 1550 1482 LEXANDRE
1621 1364 1668 1482 en
1739 1364 2296 1482 pourſuivant,
2344 1364 2604 1482 plante
2651 1364 2699 1482 le

1035 1487 1206 1601 pied
1280 1487 1463 1601 droit
1525 1487 1757 1601 eſlevé
1806 1487 1819 1601 à
1880 1487 1917 1601 ſa
2002 1487 2149 1601 main
2247 1487 2492 1601 droite
2566 1487 2713 1601 deſ-

1033 1615 1141 1732 ſus
1201 1615 1249 1732 le
1345 1615 1764 1732 Diametre,
1799 1615 1991 1732 avec
2027 1615 2075 1732 la
2135 1615 2410 1732 pointe
2494 1615 2697 1732 d’ice-

1040 1739 1159 1868 luy
1225 1739 1238 1868 à
1304 1739 1357 1868 la
1423 1739 1648 1868 lettre
1741 1739 1794 1868 I,
1886 1739 2217 1868 eſlevant
2283 1739 2336 1868 le
2402 1739 2707 1868 gauche

569 1861 749 1984 pour
797 1861 858 1984 le
918 1861 1183 1984 porter
1255 1861 1592 1984 derriere
1640 1861 1688 1984 le
1736 1861 2025 1984 planté;
2061 1861 2230 1984 puis
2278 1861 2507 1984 ayant
2591 1861 2699 1984 mis

556 1987 592 2112 la
653 1987 1007 2112 branche
1056 1987 1508 2112 interieure
1581 1987 1642 2112 de
1691 1987 1728 2112 ſa
1801 1987 2021 2112 garde
2107 1987 2400 2112 deſſous
2510 1987 2510 2112 &
2558 1987 2693 2112 joi-

580 2116 800 2238 gnant
849 2116 1129 2238 l’eſpee
1190 2116 1264 2238 de
1313 2116 1349 2238 ſa
1410 2116 1691 2238 partie,
1740 2116 1789 2238 en
1874 2116 1911 2238 la
1996 2116 2375 2238 graduant
2424 2116 2460 2238 il
2533 2116 2692 2238 eſie-

575 2240 638 2365 ve
688 2240 738 2365 le
800 2240 962 2365 bras
1012 2240 1050 2365 la
1137 2240 1287 2365 main
1424 2240 1424 2365 &
1474 2240 1524 2365 la
1599 2240 1849 2365 garde,
1899 2240 2186 2365 juſqu’a
2248 2240 2261 2365 à
2336 2240 2386 2365 ce
2460 2240 2598 2365 que
2648 2240 2685 2365 la

557 2368 836 2489 pointe
921 2368 982 2489 de
1054 2368 1151 2489 ſon
1248 2368 1455 2489 eſpee
1539 2368 1806 2489 vienne
1903 2368 2170 2489 devant
2231 2368 2279 2489 la
2352 2368 2534 2489 veüe
2631 2368 2691 2489 de

559 2495 662 2614 ſqn
790 2495 1237 2614 Contraire,
1378 2495 1378 2614 &
1429 2495 1480 2614 la
1544 2495 1812 2614 pointe
1889 2495 1940 2614 de
1991 2495 2042 2614 ſa
2094 2495 2336 2614 partie
2413 2495 2707 2614 oultre-

562 2617 760 2746 paſſe
826 2617 879 2746 un
958 2617 1077 2746 peu
1143 2617 1196 2746 ſa
1249 2617 1434 2746 teſte
1500 2617 1567 2746 au
1659 2617 1950 2746 deſſus;
2043 2617 2347 2746 comme
2426 2617 2572 2746 cela
2638 2617 2691 2746 ſe

576 2747 712 2878 voit
766 2747 902 2878 aux
970 2747 1282 2878 figures.

1256 2918 1595 3136 Cerele
1807 2918 2082 3136 N.4.

580 3148 880 3272 Alexandre
926 3148 1169 3272 pourſuit
1215 3148 1319 3272 plus
1365 3148 1527 3272 oultre
1585 3148 1769 3272 voyant
1815 3148 1896 3272 que
1954 3148 2000 3272 ſa
2046 3148 2220 3272 partie
2266 3148 2312 3272 ne
2358 3148 2485 3272 faut
2531 3148 2682 3272 aucun

664 3266 768 3400 fort
825 3266 1137 3400 parement,
1252 3266 1252 3400 &
1299 3266 1460 3400 ayant
1495 3266 1529 3400 le
1587 3266 1703 3400 bras
1795 3266 1795 3400 &
1841 3266 1876 3400 la
1945 3266 2060 3400 main
2118 3266 2153 3400 en
2234 3266 2407 3400 haut,
2464 3266 2695 3400 enferme

660 3398 797 3539 entre
843 3398 889 3539 ſa
935 3398 1152 3539 branche
1221 3398 1519 3539 interieure
1576 3398 1690 3539 celle
1748 3398 1782 3539 de
1828 3398 1862 3539 ſa
1919 3398 2194 3539 partie,
2309 3398 2309 3539 &
2378 3398 2412 3539 en
2469 3398 2515 3539 la
2572 3398 2687 3539 gra-

682 3526 873 3645 duant,
909 3526 945 3645 il
980 3526 1004 3645 le
1052 3526 1195 3645 bleſſe
1243 3526 1255 3645 à
1302 3526 1529 3645 travers
1565 3526 1601 3645 la
1648 3526 1863 3645 teſte.

1058 3666 1058 3783 E
1178 3666 1430 3783 Cercle
1526 3666 1898 3783 contient
1970 3666 2018 3783 la
2102 3666 2522 3783 pourſuite
2617 3666 2677 3783 du

1018 3792 1529 3911 precedent,
1599 3792 1901 3911 pource
1982 3792 2110 3911 que
2226 3792 2378 3911 ZAC
2459 3792 2691 3911 HARIE

1023 3920 1096 4036 ne
1168 3920 1290 4036 fait
1362 3920 1593 4036 aucun
1677 3920 1835 4036 fort
1908 3920 2380 4036 parement,
2513 3920 2695 4036 ALE-

1043 4047 1403 4167 XANDRE
1487 4047 1848 4167 pourſuit
1920 4047 2016 4167 ſon
2112 4047 2304 4167 coup
2388 4047 2688 4167 voltant

548 4167 604 4300 le
673 4167 840 4300 pied
910 4167 1202 4300 gauche
1271 4167 1452 4300 (qui
1508 4167 1730 4300 eſtoit
1786 4167 2064 4300 eſlevé)
2133 4167 2245 4300 par
2328 4167 2704 4300 derriere,

546 4292 825 4428 lequel
891 4292 918 4428 il
971 4292 1223 4428 plante
1289 4292 1395 4428 ſur
1462 4292 1555 4428 les
1648 4292 1900 4428 orteils
1980 4292 2046 4428 un
2139 4292 2258 4428 peu
2351 4292 2590 4428 oultre
2643 4292 2696 4428 la

546 4419 780 4555 lettre
910 4419 975 4555 Q,
1027 4419 1326 4555 laiſſant
1391 4419 1638 4555 ſuivre
1716 4419 1768 4555 le
1846 4419 2092 4555 corps,
2170 4419 2222 4555 le
2287 4419 2690 4555 panchant

558 4544 607 4677 en
681 4544 953 4677 arriere
1015 4544 1114 4677 ſur
1164 4544 1213 4677 le
1275 4544 1448 4677 pied
1510 4544 1806 4677 gauche
1844 4544 1893 4677 ja
1955 4544 2252 4677 planté,
2301 4544 2573 4677 tenant
2622 4544 2684 4677 le

548 4672 718 4791 bras
828 4672 828 4791 &
877 4672 926 4791 la
1012 4672 1158 4791 main
1244 4672 1292 4791 en
1366 4672 1573 4791 haut,
1622 4672 1659 4791 il
1720 4672 2062 4791 enferme
2123 4672 2330 4791 entre
2379 4672 2428 4791 ſa
2489 4672 2684 4791 lame

616 4796 616 4934 &
703 4796 1041 4934 branche
1116 4796 1553 4934 interieure
1616 4796 1666 4934 la
1729 4796 1916 4934 lame
1991 4796 2054 4934 de
2116 4796 2166 4934 ſa
2229 4796 2516 4934 partie,
2604 4796 2692 4934 la-

571 4921 823 5057 quelle
903 4921 942 5057 en
1049 4921 1433 5057 graduant
1486 4921 1526 5057 il
1592 4921 1645 5057 le
1725 4921 1951 5057 bleſſe
2004 4921 2123 5057 par
2203 4921 2256 5057 ce
2348 4921 2587 5057 moyen
2680 4921 2680 5057 à

557 5049 863 5185 travers
930 5049 970 5185 la
1049 5049 1276 5185 teſte,
1369 5049 1435 5185 de
1502 5049 1675 5185 telle
1742 5049 1954 5185 force
2048 5049 2181 5185 que
2247 5049 2340 5185 les
2434 5049 2700 5185 gardes

561 5178 949 5324 viennent
999 5178 1012 5324 a
1075 5178 1777 5324 s’entrechoquer;
1852 5178 2153 5324 comme
2203 5178 2240 5324 il
2303 5178 2391 5324 eſt
2441 5178 2691 5324 repre-

547 5300 764 5424 ſenté
819 5300 927 5424 par
981 5300 1076 5424 les
1117 5300 1456 5424 figures.

685 5429 723 5572 Il
774 5429 938 5572 faut
1001 5429 1178 5572 eſtre
1241 5429 1583 5572 adverti,
1646 5429 1772 5572 que
1823 5429 1924 5572 les
2000 5429 2467 5572 operations
2543 5429 2708 5572 pre-

561 5555 944 5689 cedentes
1021 5555 1123 5689 des
1225 5555 1519 5689 Cercles
1622 5555 1673 5689 N.
1724 5555 1762 5689 2.
1852 5555 1852 5689 .
1928 5555 1979 5689 4.
2081 5555 2094 5689 &
2145 5555 2311 5689 auſſi
2350 5555 2388 5689 la
2478 5555 2695 5689 pour-

543 5677 581 5814 ſu
645 5677 734 5814 ite
785 5677 900 5814 icy
976 5677 1333 5814 deſcrite,
1409 5677 1728 5814 doivent
1792 5677 1830 5814 en
1906 5677 1944 5814 la
2008 5677 2378 5814 pratique
2454 5677 2505 5814 ſe
2569 5677 2696 5814 ſui-

552 5813 667 5918 vre
748 5813 1498 5918 continuellement
1625 5813 1625 5918 &
1694 5813 1844 5918 ſans
1913 5813 2236 5918 aucune
2305 5813 2697 5918 intermiſ-

548 5931 733 6069 ſion,
799 5931 970 6069 ainſi
1049 5931 1379 6069 qu’elles
1444 5931 1603 6069 ſont
1695 5931 2117 6069 deſcriptes
2156 5931 2499 6069 juſques
2565 5931 2578 6069 à
2657 5931 2696 6069 la

544 6063 804 6176 pleine
863 6063 1347 6176 execution.

1307 6537 1617 6724 Cercle
1952 6537 2119 6724 .s.

572 6733 760 6886 Comme
843 6733 1090 6886 Zacharie
1149 6733 1290 6886 entre
1360 6733 1396 6886 du
1466 6733 1572 6886 pied
1631 6733 1749 6886 droit
1855 6733 1855 6886 &
1902 6733 1996 6886 tire
2055 6733 2196 6886 d’une
2255 6733 2408 6886 pleine
2467 6733 2608 6886 force
2655 6733 2690 6886 au

705 6862 843 7016 iſge
911 6862 946 7016 de
980 6862 1026 7016 ſa
1095 6862 1290 7016 partie,
1394 6862 1692 7016 llexandre
1750 6862 1761 7016 v
1864 6862 2163 7016 rencontrer
2232 6862 2255 7016 le
2312 6862 2703 7016 coupaucom-
