5520 7640
4839 6831 4977 6917 Cer-

1351 298 1660 491 Cercle
1882 298 2147 491 N77.

652 528 935 659 Alexadre
991 528 1341 659 pourſuivant
1387 528 1635 659 s’avance
1669 528 1703 659 le
1748 528 1895 659 corps
1929 528 2076 659 ſoubs
2110 528 2144 659 la
2189 528 2313 659 lame
2370 528 2403 659 de
2437 528 2483 659 ſa
2528 528 2720 659 partie,

779 651 779 788 &
860 651 1079 788 mettant
1114 651 1149 788 le
1183 651 1334 788 corps
1380 651 1415 788 en
1461 651 1507 788 ſa
1553 651 1715 788 courſe
1762 651 1785 788 le
1831 651 1970 788 bleſſe
2039 651 2143 788 d’un
2189 651 2363 788 revers
2409 651 2455 788 au
2513 651 2629 788 gras
2687 651 2721 788 de

726 782 759 898 la
815 782 972 898 jambe
1028 782 1208 898 droite.

900 914 900 1049 a
1104 914 1580 1049 LEXANDRE
1693 914 2078 1049 marchant
2180 914 2543 1049 derechef
2645 914 2691 1049 en

1078 1055 1295 1187 avant
1371 1055 1422 1187 du
1499 1055 1664 1187 pied
1741 1055 2034 1187 gauche
2098 1055 2200 1187 ſur
2264 1055 2302 1187 la
2365 1055 2569 1187 ligne
2671 1055 2722 1187 R.

1096 1178 1143 1308 S,
1201 1178 1541 1308 s’avance
1600 1178 1647 1308 le
1717 1178 1964 1308 corps,
2011 1178 2058 1308 le
2116 1178 2515 1308 penchant
2585 1178 2714 1308 deſ-

1071 1303 1307 1431 ſoubs
1366 1303 1402 1431 la
1473 1303 1674 1431 lame
1745 1303 1804 1431 de
1875 1303 1910 1431 ſa
1981 1303 2253 1431 partie,
2324 1303 2478 1431 puis
2561 1303 2726 1431 eſle-

619 1426 787 1555 vant
835 1426 883 1555 le
943 1426 1111 1555 pied
1195 1426 1411 1555 droit,
1482 1426 1518 1555 il
1566 1426 1626 1555 le
1686 1426 1890 1555 volte
1974 1426 2345 1555 derriere,
2465 1426 2477 1555 &
2561 1426 2717 1555 met-

611 1552 764 1680 tant
835 1552 882 1680 le
965 1552 1178 1680 corps
1261 1552 1308 1680 en
1391 1552 1438 1680 ſa
1521 1552 1816 1680 courſe,
1875 1552 1911 1680 il
1970 1552 2242 1680 frappe
2313 1552 2360 1680 en
2466 1552 2727 1680 meſme

620 1673 875 1806 temps
944 1673 1071 1806 d’un
1153 1673 1407 1806 revers
1454 1673 1511 1806 au
1604 1673 1743 1806 gras
1812 1673 1882 1806 de
1928 1673 1963 1806 la
2021 1673 2275 1806 jambe
2357 1673 2588 1806 droite
2658 1673 2727 1806 de

607 1801 710 1931 ſon
825 1801 1237 1931 Contraire;
1295 1801 1593 1931 comme
1662 1801 1707 1931 on
1776 1801 1960 1931 peut
2017 1801 2166 1931 voir
2223 1801 2349 1931 aux
2407 1801 2728 1931 figures.

1300 1994 1605 2200 Cercle
1844 1994 2105 2200 N.8.

652 2216 941 2340 Alexandre
1008 2216 1363 2340 pourſuivant
1419 2216 1519 2340 plus
1563 2216 1730 2340 oultre
1774 2216 1952 2340 plante
1997 2216 2019 2340 le
2085 2216 2197 2340 pied
2252 2216 2363 2340 droit
2430 2216 2641 2340 derriere
2696 2216 2719 2340 le

730 2338 871 2468 corps
929 2338 964 2468 de
999 2338 1046 2468 ſa
1105 2338 1316 2468 partie,
1362 2338 1468 2468 puis
1503 2338 1679 2468 levant
1737 2338 1761 2468 le
1819 2338 2018 2468 gauche
2194 2338 2405 2468 dreſſant
2475 2338 2498 2468 le
2557 2338 2733 2468 corps,

730 2464 754 2610 il
790 2464 946 2610 ſaiſiſt
994 2464 1054 2610 ſon
1102 2464 1234 2610 eſpee
1294 2464 1354 2610 des
1414 2464 1534 2610 deux
1606 2464 1786 2610 mains,
1906 2464 1906 2610 &
1966 2464 2242 2610 avançant
2278 2464 2302 2610 le
2374 2464 2481 2610 pied
2541 2464 2721 2610 gauche

779 2582 779 2708 &
850 2582 1121 2708 panchant
1156 2582 1191 2708 le
1238 2582 1403 2708 corps,
1450 2582 1473 2708 il
1509 2582 1544 2708 le
1591 2582 1720 2708 bleſſe
1791 2582 1791 2708 à
1862 2582 2073 2708 travers
2120 2582 2144 2708 le
2203 2582 2285 2708 dos.

1105 2758 1585 2882 LEXANDRE
1655 2758 2182 2882 pourſuivant
2252 2758 2708 2882 l’operation

1079 2881 1573 3012 precedente
1647 2881 1697 3012 du
1808 2881 2043 3012 Cercle
2154 2881 2203 3012 N.
2265 2881 2302 3012 7.
2376 2881 2623 3012 plante
2673 2881 2722 3012 le

1070 3004 1250 3129 pied
1298 3004 1501 3129 volté
1549 3004 1609 3129 un
1692 3004 1800 3129 pas
1860 3004 2039 3129 hors
2111 3004 2159 3129 du
2279 3004 2518 3129 Cercle
2590 3004 2721 3129 der-

1073 3129 1260 3256 riere
1307 3129 1354 3256 le
1424 3129 1635 3256 corps
1705 3129 1763 3256 de
1822 3129 1857 3256 ſa
1916 3129 2196 3256 partie,
2243 3129 2407 3256 puis
2466 3129 2723 3256 levant

637 3246 998 3381 derechef
1050 3246 1101 3381 le
1166 3246 1488 3381 gauche,
1604 3246 1604 3381 &
1682 3246 2004 3381 dreſſant
2043 3246 2095 3381 le
2185 3246 2391 3381 corps
2443 3246 2469 3381 il
2521 3246 2727 3381 ſaiſiſt

605 3371 709 3506 ſon
790 3371 998 3506 eſpee
1068 3371 1172 3506 des
1253 3371 1438 3506 deux
1519 3371 1761 3506 mains,
1808 3371 1970 3506 puis
2062 3371 2097 3506 en
2201 3371 2582 3506 avançant
2652 3371 2709 3506 du

632 3495 952 3632 gauche,
1014 3495 1051 3632 en
1124 3495 1531 3632 penchant
1580 3495 1630 3632 le
1691 3495 1901 3632 corps
1950 3495 1987 3632 il
2048 3495 2270 3632 bleſſe
2344 3495 2430 3632 ſon
2566 3495 2738 3632 Con-

608 3619 825 3747 traire
905 3619 962 3747 au
1064 3619 1361 3747 travers
1453 3619 1498 3747 du
1613 3619 1795 3747 dos;
1898 3619 2195 3747 comme
2263 3619 2355 3747 les
2435 3619 2720 3747 figures

636 3748 1091 3851 monſtrent.

1307 4300 1631 4492 Cercle
1847 4300 2107 4492 N.9.

624 4509 816 4626 Comme
863 4509 887 4626 le
935 4509 1079 4626 corps
1138 4509 1533 4626 d’Alexandre
1569 4509 1629 4626 eſt
1665 4509 1784 4626 hors
1832 4509 1868 4626 de
1904 4509 1964 4626 ſon
2023 4509 2167 4626 poids
2310 4509 2442 4626 qu’il
2478 4509 2514 4626 ſe
2562 4509 2741 4626 penche

726 4635 769 4745 en
822 4635 1015 4745 arriere
1068 4635 1250 4745 comme
1293 4635 1325 4745 il
1357 4635 1411 4745 eſt
1464 4635 1668 4745 contenu
1721 4635 1764 4745 au
1850 4635 2010 4745 Cercle
2106 4635 2139 4745 N.
2203 4635 2246 4745 4.
2374 4635 2620 4745 Lacharie
2663 4635 2727 4745 luy

727 4757 848 4874 pare
903 4757 970 4874 ſon
1014 4757 1124 4874 coup
1179 4757 1190 4874 à
1246 4757 1400 4874 droite
1467 4757 1577 4874 avec
1643 4757 1787 4874 Poids
1853 4757 1996 4874 Fort,
2052 4757 2118 4874 icy
2206 4757 2504 4874 Alexandre
2582 4757 2648 4874 met
2703 4757 2736 4874 le

737 4884 855 5000 coſté
927 4884 1045 5000 droit
1116 4884 1152 5000 en
1211 4884 1413 5000 l’angle
1472 4884 1508 5000 de
1555 4884 1733 5000 l’eſpee
1804 4884 1828 5000 de
1875 4884 1911 5000 ſa
1958 4884 2184 5000 partie,
2255 4884 2563 5000 s’enclinant
2634 4884 2741 5000 plus

732 4996 841 5136 bas,
938 4996 950 5136 &
998 4996 1253 5136 plantant
1301 4996 1325 5136 le
1386 4996 1507 5136 pied
1592 4996 1701 5136 droit
1749 4996 1894 5136 eſlevé
1979 4996 2112 5136 deſſus
2149 4996 2185 5136 le
2270 4996 2572 5136 Diametre,
2621 4996 2657 5136 il
2706 4996 2730 5136 le

731 5128 875 5259 bleſſe
948 5128 1056 5259 d’un
1105 5128 1285 5259 revers
1334 5128 1346 5259 à
1382 5128 1418 5259 la
1466 5128 1635 5259 jambe
1695 5128 1936 5259 droite.

1114 5283 1114 5432 E
1227 5283 1467 5432 Cercle
1543 5283 1884 5432 procede
1972 5283 2035 5432 de
2098 5283 2553 5432 l’operation
2666 5283 2717 5432 du

1108 5427 1348 5543 Cercle
1456 5427 1492 5543 N.
1528 5427 1575 5543 3.
1647 5427 1695 5543 ou
1803 5427 2450 5543 ALEXANDRE
2498 5427 2725 5543 ayant

1084 5548 1275 5672 volté
1322 5548 1382 5672 le
1429 5548 1608 5672 pied
1668 5548 1954 5672 gauche
2025 5548 2382 5672 derriere,
2430 5548 2728 5672 comme

1079 5669 1128 5798 le
1213 5669 1431 5798 corps
1504 5669 1589 5798 eſt
1649 5669 1831 5798 hors
1880 5669 1977 5798 ſon
2062 5669 2280 5798 poids
2390 5669 2402 5798 &
2450 5669 2499 5798 ſe
2560 5669 2742 5798 pen-

626 5793 747 5920 che
831 5793 880 5920 en
976 5793 1302 5920 arriere,
1399 5793 1568 5920 ainſi
1640 5793 1810 5920 qu’il
1870 5793 1954 5920 eſt
2027 5793 2244 5920 porté
2305 5793 2365 5920 au
2498 5793 2727 5920 Cercle

672 5918 709 6047 N.
795 5918 832 6047 4.
943 5918 1288 6047 Zacharie
1349 5918 1473 6047 luy
1559 5918 1608 6047 va
1682 5918 1892 6047 parer
1953 5918 2002 6047 le
2089 5918 2261 6047 coup
2335 5918 2347 6047 à
2421 5918 2458 6047 ſa
2569 5918 2705 6047 main

624 6038 898 6168 droite,
961 6038 1310 6168 hauſſant
1384 6038 1484 6168 ſon
1559 6038 1771 6168 eſpee
1821 6038 2032 6168 uſant
2107 6038 2170 6168 de
2269 6038 2469 6168 Poids
2543 6038 2730 6168 Fort;

607 6166 711 6296 ſur
793 6166 979 6296 quoy
1061 6166 1631 6296 ALEXANDRE
1712 6166 1759 6296 va
1840 6166 1887 6296 en
1968 6166 2026 6296 ce
2119 6166 2399 6296 Cercle,
2469 6166 2725 6296 mettre

608 6284 659 6421 le
736 6284 901 6421 pied
990 6284 1283 6421 gauche
1372 6284 1602 6421 eſlevé
1665 6284 1831 6421 (qui
1907 6284 2124 6421 eſtoit
2187 6284 2378 6421 preſt
2468 6284 2722 6421 d’eſtre

617 6414 810 6546 volté
870 6414 991 6546 par
1051 6414 1449 6546 derriere)
1533 6414 1533 6546 à
1606 6414 1654 6546 la
1714 6414 1943 6546 lettre
2040 6414 2088 6546 L,
2148 6414 2317 6546 puis
2377 6414 2739 6546 pourſui-

622 6536 781 6668 vant
891 6536 903 6668 &
964 6536 1269 6668 entrant
1343 6536 1392 6668 du
1502 6536 1709 6668 droit,
1758 6536 1795 6668 il
1856 6536 2161 6668 penche
2235 6536 2284 6668 le
2369 6536 2577 6668 corps
2638 6536 2736 6668 (le

622 6658 812 6786 coſté
914 6658 1091 6786 droit
1179 6658 1509 6786 devant)
1572 6658 1622 6786 en
1711 6658 1977 6786 l’angle
2065 6658 2116 6786 de
2192 6658 2458 6786 l’eſpee
2546 6658 2610 6786 de
2673 6658 2711 6786 ſa

601 6784 871 6914 partie,
969 6784 969 6914 &
1031 6784 1497 6914 s’enclinant
1546 6784 1706 6914 plus
1767 6784 1877 6914 bas
1988 6784 1988 6914 &
2037 6784 2393 6914 plantant
2442 6784 2491 6914 le
2553 6784 2724 6914 pied

2881 334 3065 438 droit
3139 334 3373 438 eſlevé
3434 334 3667 438 deſſus
3716 334 3766 438 le
3864 334 4232 438 Diametre
4294 334 4392 438 ſur
4453 334 4490 438 la
4589 334 4969 438 Circonfe-

2867 468 3085 588 rence
3158 468 3364 588 entre
3425 468 3522 588 les
3559 468 3838 588 lettres
3971 468 3971 588 V
4092 468 4092 588 &
4189 468 4250 588 X,
4311 468 4347 588 il
4408 468 4662 588 frappe
4747 468 4796 588 en
4893 468 4953 588 ce

2888 585 3143 712 meſme
3212 585 3466 712 temps
3559 585 3686 712 d’un
3790 585 4044 712 revers
4125 585 4218 712 ſon
4356 585 4749 712 Contraire
4830 585 4842 712 à
4911 585 4946 712 la

2858 708 3110 832 jambe
3182 708 3471 832 droite;
3555 708 3844 832 comme
3916 708 3952 832 il
4025 708 4109 832 eſt
4181 708 4614 832 demonſtré
4674 708 4795 832 par
4855 708 4963 832 les

2866 833 3183 950 figures.

3581 977 3894 1165 Cercle
4185 977 4386 1165 N10.

2887 1193 3186 1319 Alexandre
3230 1193 3573 1319 ponrſuivant
3640 1193 3894 1319 derechef,
3938 1193 4149 1319 portant
4193 1193 4259 1319 ſon
4315 1193 4447 1319 eſpee
4503 1193 4536 1319 de
4580 1193 4669 1319 bas
4713 1193 4757 1319 en
4835 1193 4956 1319 haut

2980 1317 3017 1441 la
3079 1317 3277 1441 faiſant
3314 1317 3487 1441 paſſer
3524 1317 3611 1441 par
3660 1317 3809 1441 deſſus
3846 1317 3883 1441 ſa
3932 1317 4081 1441 teſte;
4142 1317 4278 1441 bleſſe
4328 1317 4365 1441 ſa
4402 1317 4575 1441 partie
4625 1317 4674 1441 au
4736 1317 4958 1441 derriere

2989 1444 3024 1554 de
3071 1444 3107 1554 la
3154 1444 3355 1554 tuſte.

3365 1598 3478 1723 Ecy
3565 1598 3640 1723 eſt
3715 1598 3752 1723 la
3839 1598 4239 1723 pourſuite
4326 1598 4388 1723 du
4463 1598 4962 1723 precedent,

3358 1722 3901 1841 ALEXANDRE
3967 1722 4266 1841 ſuivant
4344 1722 4953 1841 promptement

3338 1844 3530 1963 volte
3578 1844 3626 1963 le
3686 1844 3854 1963 pied
3926 1844 4202 1963 gauche
4274 1844 4598 1963 derriere
4658 1844 4706 1963 le
4766 1844 4969 1963 plan-

3329 1969 3388 2084 té
3448 1969 3626 2084 hors
3709 1969 3757 2084 du
3888 1969 4185 2084 Cercle,
4280 1969 4447 2084 puis
4506 1969 4792 2084 ſuivant
4887 1969 4934 2084 du

2892 2091 3064 2210 droit
3138 2091 3175 2210 il
3248 2091 3470 2210 dreſſe
3531 2091 3581 2210 le
3667 2091 3938 2210 corps,
4085 2091 4097 2210 &
4171 2091 4221 2210 en
4307 2091 4627 2210 portant
4688 2091 4959 2210 l’eſpee

2881 2211 3264 2333 d’embas,
3388 2211 3401 2333 &
3463 2211 3500 2333 la
3574 2211 3834 2333 faiſant
3883 2211 4119 2333 paſſer
4168 2211 4292 2333 par
4354 2211 4490 2333 une
4589 2211 4973 2333 Circonfe-

2869 2336 3089 2462 rence
3150 2336 3273 2462 par
3358 2336 3591 2462 deſſus
3640 2336 3677 2462 ſa
3762 2336 3971 2462 teſte,
4020 2336 4056 2462 il
4118 2336 4375 2462 frappe
4448 2336 4815 2462 derechef
4877 2336 4950 2462 un

2878 2459 3060 2584 coup
3121 2459 3182 2584 au
3291 2459 3606 2584 derriere
3703 2459 3764 2584 de
3812 2459 3849 2584 la
3922 2459 4104 2584 teſte
4201 2459 4261 2584 de
4322 2459 4370 2584 ſa
4431 2459 4710 2584 partie,
4771 2459 4977 2584 plan-

2866 2584 2959 2707 tãt
3005 2584 3063 2707 le
3121 2584 3296 2707 pied
3354 2584 3540 2707 droit
3598 2584 3877 2707 encore
3923 2584 3993 2707 un
4063 2584 4179 2707 pas
4249 2584 4574 2707 derriere
4621 2584 4679 2707 le
4749 2584 4958 2707 corps

2881 2710 2942 2829 de
3003 2710 3040 2829 ſa
3101 2710 3383 2829 partie;
3444 2710 3737 2829 comme
3786 2710 3811 2829 il
3860 2710 4129 2829 appert
4178 2710 4312 2829 aux
4361 2710 4692 2829 figures.

3608 3267 3928 3460 Cercle
4157 3267 4408 3460 N.

2892 3490 3142 3610 Zacharie
3207 3490 3564 3610 remarquant
3608 3490 3889 3610 l’eſtocade
3944 3490 4019 3610 qui
4084 3490 4150 3610 luy
4204 3490 4345 3610 vient
4410 3490 4453 3610 au
4507 3490 4681 3610 viſage
4724 3490 4973 3610 contenue

2994 3614 3038 3737 au
3105 3614 3271 3737 Cercle
3370 3614 3404 3737 N.
3459 3614 3503 3737 3.
3559 3614 3592 3737 il
3625 3614 3658 3737 la
3703 3614 3824 3737 pare
3869 3614 3880 3737 à
3924 3614 3968 3737 ſa
4046 3614 4201 3737 droite
4245 3614 4577 3737 lentement,
4677 3614 4965 3737 Alexandre

2996 3735 3080 3859 s’en
3140 3735 3500 3859 appercevant
3537 3735 3681 3859 laiſſe
3717 3735 3789 3859 icy
3825 3735 3861 3859 la
3909 3735 4173 3859 pourſuite
4234 3735 4258 3859 de
4294 3735 4582 3859 l’eſtocade
4630 3735 4738 3859 qu’il
4786 3735 4967 3859 vouloit

2982 3860 3267 3985 executer,
3310 3860 3343 3985 ſe
3387 3860 3649 3985 couvrant
3693 3860 3715 3985 le
3759 3860 3934 3985 viſage
3989 3860 4098 3985 avec
4142 3860 4174 3985 le
4218 3860 4328 3985 bras
4371 3860 4415 3985 un
4459 3860 4546 3985 peu
4590 3860 4765 3985 eſlevé,
4929 3860 4962 3985 la

2986 3983 3208 4103 branche
3252 3983 3552 4103 interieure
3607 3983 3818 4103 tournée
3885 3983 3918 4103 en
3996 3983 4151 4103 haut,
4218 3983 4429 4103 laiſſant
4473 3983 4662 4103 baiſſer
4706 3983 4739 4103 ſa
4806 3983 4961 4103 pointe

3043 4108 3043 4227 &
3092 4108 3298 4227 laiſſant
3335 4108 3408 4227 ſon
3456 4108 3590 4227 eſpee
3626 4108 3930 4227 accoupleee
4003 4108 4003 4227 à
4064 4108 4173 4227 celle
4234 4108 4258 4227 de
4307 4108 4343 4227 ſa
4392 4108 4647 4227 partie.

3368 4278 3381 4411 E
3470 4278 3712 4411 Cercle
3762 4278 3864 4411 icy
3928 4278 4106 4411 tient
4156 4278 4195 4411 ſa
4258 4278 4512 4411 ſource
4589 4278 4652 4411 de
4690 4278 4983 4411 l’enſei-

3358 4415 3722 4539 gnement
3806 4415 3855 4539 du
3988 4415 4218 4539 Cercle
4351 4415 4388 4539 N.
4448 4415 4484 4539 3.
4581 4415 4969 4539 ALEXAN-

3357 4538 3472 4657 DRE
3575 4538 3874 4657 voulant
3965 4538 4425 4657 pourſuivre
4493 4538 4941 4657 l’operation

3346 4664 3405 4779 du
3524 4664 3761 4779 Cercle
3904 4664 3939 4779 N.
4023 4664 4046 4779 4.
4153 4664 4450 4779 comme
4533 4664 4569 4779 il
4640 4664 4699 4779 va
4783 4664 4973 4779 pour

2872 4783 3167 4910 planter
3226 4783 3285 4910 le
3368 4783 3533 4910 pied
3616 4783 3899 4910 gauche
3970 4783 4194 4910 eſlevé
4253 4783 4301 4910 le
4383 4783 4678 4910 voltant
4761 4783 4808 4910 en
4879 4783 4974 4910 ar-

2880 4907 3132 5031 riere,
3258 4907 3271 5031 &
3347 4907 3510 5031 qu’il
3586 4907 3662 5031 eſt
3737 4907 3926 5031 preſt
4014 4907 4065 5031 de
4128 4907 4304 5031 faire
4380 4907 4859 5031 tresbucher
4934 4907 4985 5031 le

2888 5032 3106 5169 corps
3157 5032 3336 5169 hors
3400 5032 3451 5169 du
3527 5032 3758 5169 poids
3822 5032 3885 5169 de
3937 5032 3975 5169 la
4026 5032 4295 5169 ſtation
4371 5032 4422 5169 où
4486 5032 4525 5169 il
4589 5032 4806 5169 eſtoit
4883 5032 4985 5169 ſur

2872 5157 2920 5283 le
2979 5157 3146 5283 pied
3218 5157 3432 5283 droit,
3492 5157 3539 5283 en
3634 5157 3813 5283 ceſte
3873 5157 4266 5283 operation
4385 5157 4981 5283 ZACHARIEre-

2903 5282 3294 5401 marquant
3343 5282 3758 5401 l’eſtocade
3831 5282 3941 5401 qui
3978 5282 4100 5401 luy
4161 5282 4357 5401 vient
4418 5282 4479 5401 au
4576 5282 4857 5401 viſage,
4919 5282 4967 5401 la

2872 5401 3046 5530 pare
3092 5401 3104 5530 à
3162 5401 3196 5530 la
3277 5401 3428 5530 main
3509 5401 3751 5530 droite
3809 5401 4260 5530 lentement
4330 5401 4388 5530 de
4446 5401 4642 5530 force
4735 5401 4978 5530 mode-

2874 5525 3011 5649 rée.
3137 5525 3686 5649 ALEXANDRE
3755 5525 4350 5649 S’appercevant
4418 5525 4521 5649 par
4590 5525 4647 5649 le
4739 5525 4967 5649 Senti-

2905 5647 3118 5773 ment,
3168 5647 3368 5773 laiſſe
3405 5647 3455 5773 la
3518 5647 3918 5773 pourſuite
3993 5647 4055 5773 de
4105 5647 4518 5773 l’eſtocade
4580 5647 4743 5773 qu’il
4805 5647 4980 5773 pen-

2878 5773 3009 5896 ſoit
3069 5773 3474 5896 executer,
3581 5773 3581 5896 &
3641 5773 3986 5896 plantant
4034 5773 4082 5896 le
4141 5773 4308 5896 pied
4368 5773 4654 5896 gauche
4737 5773 4964 5896 eſlevé

2875 5897 2982 6025 ſur
3041 5897 3136 6025 les
3219 5897 3481 6025 orteils
3528 5897 3528 6025 à
3588 5897 3623 6025 la
3671 5897 3909 6025 lettre
3992 5897 4027 6025 L,
4111 5897 4479 6025 tournant
4527 5897 4574 6025 le
4622 5897 4835 6025 pied,
4966 5897 4966 6025 &

2879 6019 3185 6143 portant
3253 6019 3310 6143 le
3389 6019 3570 6143 coſté
3638 6019 3819 6143 droit
3910 6019 3955 6143 en
4034 6019 4261 6143 avant
4306 6019 4487 6143 avec
4533 6019 4589 6143 le
4646 6019 4804 6143 bras
4872 6019 4940 6143 un

2870 6143 2997 6267 peu
3077 6143 3330 6267 eſlevé,
3365 6143 3411 6267 il
3445 6143 3733 6267 tourne
3790 6143 3836 6267 la
3894 6143 4228 6267 branche
4274 6143 4711 6267 interieure
4791 6143 4860 6267 de
4906 6143 4952 6267 ſa

2898 6267 3112 6394 garde
3183 6267 3231 6394 en
3326 6267 3504 6394 haut
3564 6267 3683 6394 s’en
3778 6267 4158 6394 couvrant
4218 6267 4265 6394 le
4349 6267 4622 6394 viſage,
4670 6267 4967 6394 laiſſant

2878 6387 3144 6512 baiſſer
3195 6387 3208 6512 à
3259 6387 3462 6512 l’aide
3538 6387 3589 6512 du
3665 6387 3995 6512 poignet
4045 6387 4312 6512 l’eſpee
4426 6387 4426 6512 &
4477 6387 4515 6512 ſa
4578 6387 4883 6512 pointe,
4921 6387 4959 6512 la

2870 6513 3139 6638 tenant
3195 6513 3633 6638 accouplee
3689 6513 3858 6638 avec
3936 6513 4094 6638 celle
4172 6513 4240 6638 de
4285 6513 4329 6638 ſa
4408 6513 4700 6638 partie;
4779 6513 4970 6638 com-

2909 6639 2983 6756 me
3033 6639 3071 6756 il
3121 6639 3208 6756 eſt
3270 6639 3706 6756 demonſtré
3756 6639 3893 6756 aux
3943 6639 4267 6756 figures.
