5520 7640
3002 281 3064 440 tie
3114 281 3338 440 (comme
3376 281 3413 440 il
3451 281 3500 440 eſt
3550 281 3687 440 porté
3737 281 3787 440 au
3849 281 4011 440 Cercle
4124 281 4161 440 N.
4211 281 4261 440 3.
4323 281 4373 440 eſt
4423 281 4572 440 paree
4647 281 4722 440 par
4784 281 4971 440 iceluy,
5009 281 5046 440 il

2992 436 3036 563 la
3080 436 3256 563 tourne
3322 436 3554 563 derechef
3620 436 3807 563 devant
3851 436 3895 563 ſa
3940 436 4083 563 veuë.

3379 549 3379 694 E
3484 549 3720 694 Cercle
3772 549 3904 694 tire
3956 549 4127 694 auſſi
4179 549 4271 694 ſon
4363 549 4652 694 origine
4731 549 4783 694 de
4836 549 4875 694 la
4941 549 5007 694 fin

3367 680 3467 826 des
3555 680 4018 826 operations
4118 680 4168 826 du
4306 680 4556 826 Cercle
4681 680 4719 826 N.
4807 680 4844 826 3.
4969 680 5044 826 A-

3358 815 3851 948 LEXANDRE
3947 815 4513 948 S’aperçevant
4621 815 4766 948 que
4922 815 5030 948 ZA-

3368 934 3682 1080 CHARIE
3751 934 3914 1080 pare
3972 934 4007 1080 ſa
4065 934 4263 1080 lame
4333 934 4379 1080 en
4472 934 4775 1080 dehors,
4833 934 5031 1080 plan-

2874 1062 2937 1216 te
3000 1062 3100 1216 ſon
3189 1062 3365 1216 pied
3428 1062 3667 1216 eſlevé
3730 1062 3894 1216 pres
3957 1062 4020 1216 de
4071 1062 4109 1216 la
4184 1062 4424 1216 lettre
4487 1062 4524 1216 I,
4650 1062 4663 1216 &
4726 1062 5028 1216 voltant

2869 1191 2917 1339 le
3001 1191 3301 1339 gauche
3385 1191 3709 1339 derriere
3781 1191 3841 1339 le
3913 1191 4201 1339 planté,
4261 1191 4549 1339 tourne
4621 1191 4669 1339 ſa
4741 1191 5029 1339 pointe

2890 1317 3089 1463 d’une
3172 1317 3465 1463 courbe
3548 1317 3829 1463 devant
3888 1317 3994 1463 les
4076 1317 4276 1463 yeux
4346 1317 4405 1463 de
4476 1317 4522 1463 ſa
4605 1317 4887 1463 partie,
4957 1317 5004 1463 en

2865 1442 3060 1593 ſorte
3158 1442 3292 1593 que
3378 1442 3414 1593 la
3512 1442 3854 1593 branche
3952 1442 4416 1593 exterieure
4514 1442 4575 1593 de
4660 1442 4709 1593 ſa
4807 1442 5027 1593 garde

2878 1565 3075 1720 vient
3149 1565 3198 1720 en
3284 1565 3505 1720 haut,
3616 1565 3616 1720 &
3677 1565 3911 1720 ayant
3960 1565 4218 1720 planté
4279 1565 4341 1720 le
4415 1565 4709 1720 gauche
4771 1565 4820 1720 au
4931 1565 5029 1720 mi-

2872 1697 2991 1847 lieu
3097 1697 3150 1847 de
3202 1697 3242 1847 la
3295 1697 3506 1847 ligne
3612 1697 3651 1847 N.
3717 1697 3770 1847 S;
3810 1697 3849 1847 il
3889 1697 4206 1847 penche
4258 1697 4311 1847 le
4364 1697 4588 1847 hault
4654 1697 4707 1847 du
4813 1697 5024 1847 corps

2867 1832 2938 1963 un
3032 1832 3149 1963 peu
3232 1832 3337 1963 ſur
3408 1832 3737 1963 iceluy;
3855 1832 4160 1963 comme
4243 1832 4348 1963 les
4431 1832 4736 1963 figures
4842 1832 5030 1963 mon-

2862 1966 3131 2061 ſtrent.

3606 2099 3915 2289 Cercle
4157 2099 4422 2289 N.1.

2901 2295 3200 2443 Alexandre
3245 2295 3521 2443 pourſuit,
3566 2295 3787 2443 portant
3843 2295 3931 2443 lors
3987 2295 4020 2443 du
4075 2295 4363 2443 parement
4418 2295 4452 2443 de
4496 2295 4540 2443 ſa
4596 2295 4773 2443 partie
4817 2295 4850 2443 ſa
4895 2295 5028 2443 lame

2996 2420 3033 2573 de
3106 2420 3326 2573 deſſoubs
3375 2420 3412 2573 en
3498 2420 3657 2573 deſſus
3706 2420 3828 2573 celle
3902 2420 3938 2573 de
3987 2420 4049 2573 ſon
4122 2420 4453 2573 Contraire,
4587 2420 4587 2573 &
4661 2420 4942 2573 panchant
5003 2420 5028 2573 le

2989 2548 3132 2700 corps
3228 2548 3228 2700 &
3287 2548 3311 2700 le
3359 2548 3478 2700 coſté
3538 2548 3657 2700 droit
3693 2548 3729 2700 en
3789 2548 4003 2700 l’angle
4051 2548 4266 2700 ouvert,
4314 2548 4338 2700 il
4373 2548 4409 2700 le
4445 2548 4588 2700 bleſſe
4672 2548 4779 2700 d’un
4851 2548 5042 2700 revers

2983 2696 3060 2811 ſur
3099 2696 3137 2811 la
3176 2696 3394 2811 teſte.

3359 2830 3843 2974 LEXANDRE
3891 2830 4424 2974 pourſuivant
4472 2830 4520 2974 la
4581 2830 5028 2974 preceden-

3324 2966 3383 3085 te
3477 2966 3922 3085 operation,
4005 2966 4239 3085 eſleve
4321 2966 4380 3085 en
4462 2966 4650 3085 ſuite
4720 2966 4779 3085 le
4849 2966 5025 3085 pied

3344 3093 3589 3212 droit,
3693 3093 4089 3212 marchant
4171 3093 4497 3212 d’iceluy
4602 3093 4648 3212 en
4741 3093 5021 3212 avant,

3321 3217 3651 3339 portant
3700 3217 3797 3339 (au
3870 3217 4297 3339 parement
4371 3217 4432 3339 de
4505 3217 4541 3339 ſa
4615 3217 4920 3339 partie)
4981 3217 5017 3339 ſa

2858 3345 3047 3465 lame
3123 3345 3173 3465 en
3299 3345 3966 3465 Circumference
4029 3345 4042 3465 à
4117 3345 4331 3465 l’aide
4407 3345 4457 3465 du
4545 3345 4885 3465 poignet
4973 3345 5036 3465 de

2874 3470 3255 3571 deſſoubs
3331 3470 3381 3571 en
3496 3470 3737 3571 deſſus
3813 3470 3991 3571 celle
4080 3470 4143 3571 de
4207 3470 4308 3571 ſon
4448 3470 4905 3571 Contraire,
5019 3470 5032 3571 &

2857 3579 3128 3732 faiſant
3177 3579 3535 3732 pencher
3596 3579 3646 3732 le
3732 3579 3953 3732 corps
4003 3579 4188 3732 avec
4249 3579 4311 3732 le
4385 3579 4582 3732 coſté
4680 3579 4890 3732 droit,
4964 3579 5001 3732 en

2857 3727 3129 3850 l’angle
3191 3727 3327 3850 que
3388 3727 3660 3850 l’eſpee
3759 3727 3821 3850 de
3883 3727 3932 3850 ſa
3994 3727 4241 3850 partie
4303 3727 4315 3850 à
4402 3727 4686 3850 ouvert
4772 3727 4822 3850 en
4908 3727 5032 3850 pa-

2860 3850 3059 3971 rant,
3096 3850 3133 3971 il
3170 3850 3219 3971 le
3281 3850 3554 3971 frappe
3628 3850 3752 3971 d’un
3839 3850 4099 3971 revers
4148 3850 4247 3971 ſur
4297 3850 4346 3971 la
4408 3850 4619 3971 teſte,
4668 3850 5027 3971 plantant

2862 3980 2910 4101 le
2972 3980 3143 4101 pied
3204 3980 3448 4101 eſlevé
3521 3980 3521 4101 a
3595 3980 3643 4101 la
3704 3980 3937 4101 lettre
4083 3980 4144 4101 V;
4254 3980 4560 4101 comme
4621 3980 4657 4101 il
4706 3980 4767 4101 ſe
4841 3980 5024 4101 peut

2876 4102 3030 4225 voir
3078 4102 3220 4225 aux
3268 4102 3600 4225 figures.

1302 337 1618 513 Cercle
1957 337 2182 513 '2.

649 548 948 680 Alexandre
992 548 1379 680 abandonnant
1434 548 1467 680 la
1534 548 1655 680 lame
1733 548 1766 680 de
1821 548 1865 680 ſa
1932 548 2131 680 partie,
2175 548 2319 680 porte
2374 548 2407 680 la
2474 548 2628 680 ſienne
2695 548 2728 680 de

721 674 797 803 bas
851 674 883 803 en
937 674 1087 803 haut,
1130 674 1389 803 penchant
1432 674 1475 803 un
1529 674 1604 803 peu
1658 674 1679 803 le
1733 674 1863 803 haut
1916 674 1949 803 du
1992 674 2142 803 corps
2185 674 2196 803 à
2261 674 2412 803 droit.

1106 833 1219 964 Ecy
1281 833 1369 964 eſt
1419 833 1456 964 la
1518 833 1930 964 pourſuite
1993 833 2055 964 de
2105 833 2143 964 la
2230 833 2729 964 precedente

1072 961 1545 1082 operation,
1646 961 2198 1082 ALEXANDRE
2277 961 2603 1082 eſlevant
2682 961 2727 1082 le

1061 1083 1240 1209 pied
1300 1083 1490 1209 droit
1598 1083 1610 1209 &
1657 1083 1979 1209 portant
2051 1083 2099 1209 le
2182 1083 2397 1209 corps
2468 1083 2623 1209 vers
2683 1083 2731 1209 ſa

1058 1209 1335 1337 partie,
1404 1209 1450 1337 en
1577 1209 1830 1337 meſme
1899 1209 2164 1337 temps
2222 1209 2256 1337 il
2314 1209 2729 1337 abandon-

594 1334 681 1463 ne
731 1334 768 1463 la
830 1334 1016 1463 lame
1090 1334 1462 1463 d’iceluy,
1524 1334 1846 1463 portant
1908 1334 1908 1463 à
1970 1334 2181 1463 l’aide
2255 1334 2305 1463 du
2392 1334 2726 1463 poignet

589 1457 635 1561 la
693 1457 946 1561 ſienne
1015 1457 1073 1561 de
1130 1457 1257 1561 bas
1315 1457 1361 1561 en
1430 1457 1614 1561 haut
1706 1457 1753 1561 en
1868 1457 2478 1561 Circonference
2536 1457 2547 1561 à
2616 1457 2720 1561 co-

595 1585 683 1710 ſté
759 1585 987 1710 droit,
1037 1585 1303 1710 faiſant
1354 1585 1708 1710 pencher
1758 1585 1821 1710 un
1897 1585 2011 1710 peu
2087 1585 2100 1710 à
2176 1585 2353 1710 droit
2403 1585 2454 1710 le
2517 1585 2732 1710 hault

609 1713 657 1838 du
753 1713 1005 1838 corps;
1064 1713 1364 1838 comme
1424 1713 1472 1838 ſa
1531 1713 1771 1838 figure
1855 1713 2202 1838 monſtre.

1301 1912 1614 2073 Cercle
1948 1912 2149 2073 N13.

620 2122 917 2253 Alexandre
988 2122 1356 2253 pourſuivant
1416 2122 1570 2253 ayant
1641 2122 1831 2253 penché
1878 2122 1902 2253 le
1950 2122 2128 2253 corps,
2187 2122 2329 2253 bleſſe
2365 2122 2401 2253 ſa
2448 2122 2626 2253 partie
2686 2122 2721 2253 au

710 2257 832 2374 coſté
893 2257 1015 2374 droit
1076 2257 1101 2374 de
1149 2257 1186 2374 la
1235 2257 1443 2374 teſte.

1079 2420 1214 2548 Ecy
1300 2420 1385 2548 eſt
1434 2420 1912 2548 l’execution
1997 2420 2120 2548 des
2205 2420 2389 2548 deux
2450 2420 2732 2548 prece-

1070 2549 1281 2670 dents
1363 2549 1974 2670 enſeiguemens
2068 2549 2091 2670 A
2162 2549 2726 2670 LEXANDRE

1064 2672 1112 2795 en
1196 2672 1725 2795 pourſuivant
1797 2672 2109 2795 penche
2169 2672 2229 2795 le
2314 2672 2578 2795 corps,
2710 2672 2722 2795 &

1046 2794 1314 2920 frappe
1375 2794 1424 2920 en
1534 2794 1826 2920 dedans
1875 2794 1936 2920 au
2021 2794 2204 2920 coſté
2289 2794 2472 2920 droit
2532 2794 2593 2920 de
2666 2794 2715 2920 la

584 2920 772 3048 teſte
848 2920 898 3048 de
961 2920 998 3048 ſa
1073 2920 1349 3048 partie,
1400 2920 1751 3048 plantant
1801 2920 1851 3048 le
1914 2920 2077 3048 pied
2152 2920 2340 3048 droit
2390 2920 2629 3048 eſlevé
2704 2920 2704 3048 a

580 3047 616 3174 la
665 3047 897 3174 lettre
1020 3047 1069 3174 V;
1142 3047 1448 3174 comme
1509 3047 1533 3174 il
1594 3047 1643 3174 ſe
1704 3047 1888 3174 peut
1949 3047 2096 3174 voir
2169 3047 2218 3174 en
2291 3047 2328 3174 la
2389 3047 2670 3174 figure,

749 3173 796 3298 On
888 3173 1028 3298 ſera
1098 3173 1411 3298 adverti
1469 3173 1609 3298 que
1690 3173 2038 3298 combien
2131 3173 2259 3298 que
2341 3173 2387 3298 en
2468 3173 2515 3298 la
2608 3173 2712 3298 de-

568 3297 927 3427 ſcription
1026 3297 1138 3427 des
1225 3297 1522 3427 Cercles
1634 3297 1671 3427 N.
1733 3297 1820 3427 11.
1870 3297 1956 3427 12.
2068 3297 2068 3427 &
2130 3297 2217 3427 13.
2279 3297 2378 3427 les
2465 3297 2725 3427 opera-

566 3418 778 3527 tions
849 3418 1250 3527 ſemblent
1333 3418 1580 3527 ſuivre
1675 3418 2347 3527 diſtinement,
2442 3418 2725 3527 neant-

590 3547 816 3651 moins
895 3547 1020 3651 elle
1087 3547 1404 3651 doivent
1472 3547 1653 3651 eſtre
1743 3547 2184 3651 executees
2263 3547 2716 3651 continuel-

564 3675 864 3798 lement
912 3675 1104 3798 l’une
1163 3675 1379 3798 apres
1427 3675 1691 3798 l’autre
1750 3675 1906 3798 ſans
1954 3675 2517 3798 intermiſſion.

1290 4199 1607 4361 Cercle
1844 4199 2161 4361 N14.

607 4427 909 4550 Alexandre
953 4427 1334 4550 s’apercevant
1389 4427 1468 4550 que
1512 4427 1546 4550 ſa
1591 4427 1725 4550 lame
1781 4427 2060 4550 preſentee
2105 4427 2205 4550 aux
2261 4427 2384 4550 yeux
2451 4427 2485 4550 de
2530 4427 2530 4550 ſ
2619 4427 2731 4550 par-

1539 4666 1539 4869 E
1694 4666 2429 4869 Inſtruions
2507 4666 2720 4869 bien
2855 4666 2874 4869 a
2971 4666 3203 4869 plein
3358 4666 4094 4869 conſiderees,
4171 4666 5042 4869 empeſcheront

1482 4866 1685 5022 qu’on
1758 4866 1845 5022 ne
1889 4866 1947 5022 ſe
2049 4866 2500 5022 meſprene,
2573 4866 2631 5022 ou
2718 4866 2849 5022 ſoit
2951 4866 3169 5022 deçeu
3271 4866 3388 5022 par
3446 4866 3489 5022 la
3562 4866 4013 5022 ſimilitude
4086 4866 4188 5022 des
4231 4866 4610 5022 poſtures
4697 4866 4755 5022 de
4813 4866 5046 5022 l’Ad-

1464 5018 1813 5163 verſaire,
1882 5018 1980 5163 car
2022 5018 2370 5163 prenant
2426 5018 2579 5163 bien
2677 5018 2900 5163 garde
2969 5018 3025 5163 ou
3109 5018 3276 5163 c’eſt
3360 5018 3485 5163 que
3541 5018 3652 5163 ſon
3736 5018 4321 5163 changement
4391 5018 4586 5163 tend
4628 5018 4962 5163 (lequel
5004 5018 5032 5163 il

1467 5159 1536 5302 ne
1620 5159 1745 5302 fait
1800 5159 2078 5302 jamais
2147 5159 2300 5302 ſans
2383 5159 2799 5302 eſperance
2911 5159 3452 5302 d’avantage)
3535 5159 3563 5302 il
3632 5159 3771 5302 ſera
3841 5159 3979 5302 aiſé
4049 5159 4188 5302 non
4271 5159 4757 5302 ſeulement
4854 5159 4909 5302 de
4993 5159 5048 5302 le

1471 5300 1957 5452 ſoubſtenir,
2054 5300 2206 5452 mais
2290 5300 2553 5452 meſme
2650 5300 2706 5452 de
2775 5300 2900 5452 luy
2984 5300 3178 5452 oſter
3247 5300 3733 5452 l’eſperance
3802 5300 3983 5452 qu’il
4052 5300 4108 5452 en
4205 5300 4371 5452 aura
4441 5300 4843 5452 conçeue,
4926 5300 5037 5452 qui

1466 5441 1546 5589 ne
1613 5441 1734 5589 luy
1815 5441 2190 5589 tournera
2284 5441 2472 5589 qu’en
2593 5441 3023 5589 dommage
3117 5441 3412 5589 voyant
3479 5441 3586 5589 ſon
3707 5441 3962 5589 deſſein
4056 5441 4392 5589 rompu,
4472 5441 4794 5589 comme
4888 5441 5023 5589 cela

594 5584 753 5740 s’eſt
820 5584 939 5740 peu
1045 5584 1191 5740 voir
1271 5584 1311 5740 es
1391 5584 1869 5740 operations
1909 5584 2479 5740 repreſentees
2546 5584 2599 5740 en
2705 5584 2758 5740 ce
2838 5584 3210 5740 Tableau.
