5520 7640
3542 4629 3853 4850 Cercle
4097 4629 4386 4850 N.2.

2889 4857 3141 4983 Zacharie
3187 4857 3267 4983 tire
3313 4857 3393 4983 une
3439 4857 3668 4983 eſtocade
3714 4857 3749 4983 en
3794 4857 3920 4983 ligne
3978 4857 4127 4983 droite
4184 4857 4230 4983 au
4276 4857 4447 4983 viſage
4505 4857 4539 4983 de
4585 4857 4654 4983 ſon
4711 4857 4952 4983 Contrai-

2972 4984 3100 5107 re.
3208 4984 3497 5107 Alexandre
3561 4984 3604 5107 au
3679 4984 3828 5107 meſme
3893 4984 4064 5107 temps
4117 4984 4460 5107 rencontrant
4535 4984 4567 5107 du
4642 4984 4738 5107 fort
4813 4984 4835 5107 de
4878 4984 4942 5107 ſon

2973 5108 3102 5236 eſpee
3149 5108 3254 5236 celle
3313 5108 3348 5236 de
3395 5108 3430 5236 ſa
3488 5108 3675 5236 partie,
3722 5108 3746 5236 le
3793 5108 3933 5236 bleße
3980 5108 3980 5236 à
4027 5108 4237 5236 travers
4284 5108 4319 5236 la
4366 5108 4518 5236 teſte,
4589 5108 4624 5236 en
4694 5108 4811 5236 ſorte
4870 5108 4952 5236 que

2966 5239 3027 5352 les
3078 5239 3273 5352 gardes
3314 5239 3887 5352 s’entrerencontrent.

1341 4632 1665 4819 Cercle
1902 4632 2118 4819 N.

641 4863 893 4987 Zaharie
941 4863 965 4987 ſe
1025 4863 1097 4987 met
1145 4863 1181 4987 en
1229 4863 1433 4987 poſture
1481 4863 1661 4987 tenant
1709 4863 1769 4987 ſon
1817 4863 1949 4987 eſpee
1997 4863 2033 4987 en
2093 4863 2213 4987 ſorte
2261 4863 2346 4987 que
2406 4863 2430 4987 le
2490 4863 2598 4987 bras

722 4987 857 5110 icelle
902 4987 1003 5110 font
1048 4987 1138 5110 une
1172 4987 1307 5110 ligne
1352 4987 1465 5110 cour
1499 4987 1555 5110 be:
1634 4987 1927 5110 Alexandre
1994 4987 2107 5110 mene
2141 4987 2208 5110 ſon
2253 4987 2388 5110 eſpee
2445 4987 2546 5110 d’un
2602 4987 2715 5110 bras

750 5111 1086 5239 moderement
1134 5111 1338 5239 eſtandu
1398 5111 1625 5239 deſſoubs
1661 5111 1781 5239 celle
1841 5111 1865 5239 de
1913 5111 1949 5239 ſa
1997 5111 2165 5239 partie
2201 5111 2237 5239 en
2309 5111 2608 5239 parallele,
2668 5111 2704 5239 ſe

723 5244 914 5359 tenant
956 5244 1591 5359 perpendiculairement
1643 5244 1791 5359 droit.

1088 5381 1482 5506 ACHARIE
1589 5381 1887 5506 s’eſtant
2019 5381 2114 5506 mis
2210 5381 2257 5506 en
2377 5381 2687 5506 poſture

1069 5506 1122 5630 le
1175 5506 1346 5630 pied
1412 5506 1636 5630 droi
1702 5506 1702 5630 a
1754 5506 1794 5630 la
1847 5506 2084 5630 lettre
2229 5506 2229 5630 ,
2281 5506 2334 5630 le
2413 5506 2703 5630 gauche

1066 5633 1135 5754 un
1205 5633 1321 5754 pas
1379 5633 1426 5754 en
1507 5633 1775 5754 arriere
1856 5633 2147 5754 eſtandu
2240 5633 2519 5754 roide,
2612 5633 2716 5754 te-

1064 5757 1244 5883 nant
1291 5757 1387 5883 ſon
1483 5757 1686 5883 eſpee
1758 5757 1805 5883 en
1877 5757 2068 5883 ſorte
2140 5757 2271 5883 que
2331 5757 2379 5883 le
2439 5757 2594 5883 bras
2702 5757 2714 5883 &

602 5882 650 6008 ſa
711 5882 904 6008 lame
977 5882 1206 6008 (avec
1267 5882 1315 6008 la
1375 5882 1653 6008 pointe
1726 5882 2282 6008 adcendente)
2342 5882 2499 6008 font
2572 5882 2705 6008 une

600 6006 798 6136 ligne
872 6006 1194 6136 courbe;
1243 6006 1280 6136 il
1318 6006 1590 6136 attand
1651 6006 1701 6136 en
1787 6006 1961 6136 ceſte
2022 6006 2233 6136 façon
2319 6006 2356 6136 ſa
2430 6006 2703 6136 partie.

636 6130 1189 6231 ALEXANDRE
1302 6130 1426 6231 met
1517 6130 1652 6231 d’un
1765 6130 1935 6231 bras
2048 6130 2579 6231 moderement
2658 6130 2703 6231 e-

605 6253 858 6382 ſtandu
934 6253 1036 6382 ſon
1125 6253 1327 6382 eſpee
1403 6253 1758 6382 deſſoubs
1834 6253 2012 6382 celle
2101 6253 2164 6382 de
2227 6253 2265 6382 ſa
2341 6253 2569 6382 partie
2646 6253 2684 6382 en

607 6381 1027 6505 parallele,
1101 6381 1225 6505 afin
1311 6381 1373 6505 de
1447 6381 1780 6505 reſerver
1854 6381 1892 6505 ſa
1966 6381 2237 6505 force,
2324 6381 2373 6505 ſe
2447 6381 2719 6505 tenant

632 6504 806 6634 droit
880 6504 1788 6634 perpendiculairemẽt
1837 6504 2049 6634 entre
2099 6504 2198 6634 ſes
2273 6504 2447 6634 deux
2496 6504 2720 6634 pieds

610 6629 623 6763 à
673 6629 711 6763 la
761 6629 1000 6763 lettre
1101 6629 1139 6763 C;
1214 6629 1504 6763 comme
1554 6629 1655 6763 les
1705 6629 1995 6763 figures
2070 6629 2510 6763 monſtrent.

1615 1695 1975 1910 Vſques
2100 1695 2244 1910 icy
2334 1695 2604 1910 nous
2693 1695 3017 1910 avons
3125 1695 3592 1910 enſeigné
3700 1695 4059 1910 toutes
4149 1695 4275 1910 les
4365 1695 4994 1910 operations

1527 1897 1636 2047 qui
1690 1897 1731 2047 ſe
1799 1897 2153 2047 peuvent
2207 1897 2670 2047 praiquer
2752 1897 3010 2047 contre
3064 1897 3132 2047 un
3241 1897 3609 2047 ennemi,
3663 1897 3717 2047 ſe
3785 1897 4262 2047 preſentant
4316 1897 4370 2047 le
4438 1897 4656 2047 corps
4751 1897 4969 2047 dreſſé

1511 2040 2526 2187 perpendiculairement,
2580 2040 2860 2187 tenant
2913 2040 3194 2187 l’eſpee
3261 2040 3648 2187 eſtandue
3728 2040 3781 2187 en
3888 2040 4129 2187 droite
4195 2040 4396 2187 ligne
4462 2040 4529 2187 ou
4623 2040 4770 2187 fort
4836 2040 4957 2187 peu

1534 2181 1997 2323 differente,
2100 2181 2590 2323 maintenant
2641 2181 2848 2323 nous
2899 2181 3144 2323 avons
3195 2181 3504 2323 eſtimé,
3569 2181 3723 2323 qu’il
3775 2181 3852 2323 ne
3904 2181 4046 2323 ſera
4110 2181 4290 2323 hors
4368 2181 4432 2323 de
4509 2181 4831 2323 propos,
4909 2181 4973 2323 de

1533 2321 1817 2463 donner
1894 2321 1959 2463 au
2049 2321 2450 2463 Tableaux
2501 2321 2798 2463 ſuivans
2876 2321 2979 2463 des
3018 2321 3599 2463 inſtruions,
3651 2321 3844 2463 pour
3909 2321 4400 2463 rencontrer
4516 2321 4529 2463 &
4606 2321 4981 2463 attaquer

1505 2460 1756 2602 voſtre
1822 2460 2060 2602 partie
2100 2460 2245 2602 lors
2312 2460 2470 2602 qu’il
2550 2460 2933 2602 changera
3026 2460 3092 2602 de
3145 2460 3502 2602 poſture,
3555 2460 3978 2602 penchant
4031 2460 4084 2602 le
4164 2460 4375 2602 corps
4455 2460 4508 2602 en
4587 2460 4812 2602 avant
4891 2460 4957 2602 ou

632 2594 671 2741 en
749 2594 1061 2741 arriere,
1100 2594 1113 2741 a
1192 2594 1439 2741 droite
1504 2594 1556 2741 ou
1634 2594 1634 2741 a
1713 2594 2038 2741 gauche,
2103 2594 2155 2741 ou
2246 2594 2416 2741 qu’il
2455 2594 2754 2741 tiendra
2832 2594 2872 2741 la
2950 2594 3223 2741 pointe
3288 2594 3536 2741 haute
3601 2594 3653 2741 ou
3744 2594 3978 2741 baſſe,
4044 2594 4187 2741 vers
4226 2594 4278 2741 le
4369 2594 4630 2741 dehors
4708 2594 4773 2741 ou
4877 2594 4981 2741 de-

642 2735 839 2880 dans,
891 2735 957 2880 ou
1036 2735 1089 2880 en
1181 2735 1523 2880 quelque
1575 2735 1786 2880 autre
1851 2735 2062 2880 façon
2154 2735 2285 2880 que
2364 2735 2417 2880 ce
2470 2735 2640 2880 ſoit.
2693 2735 2759 2880 au
2877 2735 3114 2880 Cercle
3259 2735 3298 2880 N.
3337 2735 3364 2880 1.
3456 2735 3508 2880 de
3574 2735 3640 2880 ce
3732 2735 4048 2880 Tableau
4140 2735 4205 2880 on
4311 2735 4889 2880 commencera
4955 2735 4955 2880 à

619 2875 769 3018 voir
837 2875 1028 3018 ceſte
1097 2875 1574 3018 difference,
1628 2875 1724 3018 car
1833 2875 2187 3018 Zacharie
2256 2875 2296 3018 ſe
2365 2875 2801 3018 preſentera
2856 2875 2910 3018 le
2978 2875 3210 3018 genou
3305 2875 3483 3018 droit
3551 2875 3824 3018 ployé,
3865 2875 3919 3018 au
4001 2875 4124 3018 lieu
4219 2875 4383 3018 qu’il
4424 2875 4710 3018 s’eſtoit
4778 2875 4942 3018 tenu

631 3013 699 3154 cy
766 3013 1049 3154 devant
1116 3013 1345 3154 droit,
1399 3013 1695 3154 tiendra
1749 3013 1789 3154 la
1870 3013 2086 3154 garde
2153 3013 2220 3154 de
2261 3013 2530 3154 l’eſpee
2597 3013 2638 3154 en
2719 3013 2840 3154 bas
2948 3013 2948 3154 &
3001 3013 3042 3154 la
3096 3013 3379 3154 pointe
3432 3013 3486 3154 en
3567 3013 3796 3154 haut,
3850 3013 3904 3154 au
3998 3013 4119 3154 lieu
4214 3013 4281 3154 de
4321 3013 4362 3154 la
4429 3013 4833 3154 preſenter
4900 3013 4954 3154 en

634 3151 874 3292 droite
930 3151 1170 3292 ligne.
1283 3151 1523 3292 Noſtre
1593 3151 1904 3292 diſciple
1960 3151 2002 3292 ſe
2073 3151 2566 3292 gouvernera
2637 3151 2834 3292 donc
2877 3151 2990 3292 ſur
3046 3151 3201 3292 telle
3272 3151 3667 3292 occaſion,
3709 3151 3892 3292 ſelon
3949 3151 4047 3292 les
4104 3151 4527 3292 preceptes
4583 3151 4640 3292 de
4710 3151 4767 3292 ce
4865 3151 4964 3292 Ta-

611 3289 897 3432 bleau,
938 3289 993 3432 ſe
1074 3289 1402 3432 mettant
1470 3289 1511 3432 en
1593 3289 1920 3432 poſture
1975 3289 2739 3432 perpendiculaire,
2807 3289 3080 3432 tenant
3134 3289 3230 3432 ſon
3325 3289 3530 3432 eſpee
3584 3289 3939 3432 parallele
4007 3289 4007 3432 à
4089 3289 4253 3432 celle
4335 3289 4389 3432 de
4430 3289 4962 3432 l’adverſaire,

626 3428 665 3569 en
767 3428 1049 3569 courbe
1139 3428 1562 3569 contraire,
1614 3428 1908 3569 ſçavoir
1947 3428 1998 3569 la
2075 3428 2293 3569 garde
2357 3428 2409 3569 en
2473 3428 2665 3569 haut
2768 3428 2780 3569 &
2819 3428 2857 3569 la
2921 3428 3204 3569 pointe
3280 3428 3332 3569 en
3422 3428 3601 3569 bas,
3691 3428 3781 3569 car
3845 3428 3934 3569 s’il
3999 3428 4037 3569 ſe
4152 3428 4447 3569 mettoit
4524 3428 4576 3569 en
4704 3428 4973 3569 meſme

621 3567 941 3710 poſture
1007 3567 1140 3710 que
1207 3567 1260 3710 ſa
1313 3567 1606 3710 partie,
1659 3567 1699 3710 il
1752 3567 1885 3710 n’en
1965 3567 2351 3710 recevroit
2431 3567 2630 3710 nulle
2683 3567 3189 3710 advantage,
3269 3567 3495 3710 choſe
3535 3567 3694 3710 bien
3788 3567 4227 3710 eſlongnée
4306 3567 4373 3710 de
4453 3567 4506 3710 ce
4586 3567 4706 3710 que
4772 3567 4958 3710 nous

628 3704 1141 3849 enſeignons,
1209 3704 1317 3849 qui
1371 3704 1465 3849 eſt
1519 3704 1924 3849 touſiours
2005 3704 2073 3849 de
2154 3704 2491 3849 prendre
2545 3704 3004 3849 advantage
3058 3704 3166 3849 ſur
3220 3704 3314 3849 ſon
3395 3704 3746 3849 ennemi,
3814 3704 3854 3849 en
3949 3704 4461 3849 conſiderant
4529 3704 4569 3849 ſa
4637 3704 4961 3849 poſture

609 3839 750 3987 non
839 3839 890 3987 en
979 3839 1387 3987 intention
1489 3839 1553 3987 de
1604 3839 1655 3987 le
1732 3839 2127 3987 prevenir,
2229 3839 2229 3987 &
2267 3839 2318 3987 le
2382 3839 2637 3987 vincre
2726 3839 2790 3987 de
2854 3839 2892 3987 le
2956 3839 3211 3987 viteſſe
3275 3839 3339 3987 ou
3428 3839 3492 3987 de
3543 3839 3747 3987 force
3798 3839 3810 3987 à
3861 3839 3900 3987 la
3964 3839 4168 3987 façon
4257 3839 4729 3987 commune,
4818 3839 4971 3987 mais

624 3980 815 4131 pour
856 3980 1322 4131 l’aprocher
1363 3980 1541 4131 avec
1609 3980 2102 4131 aſſeurance,
2184 3980 2198 4131 &
2252 3980 2581 4131 prandre
2636 3980 2745 4131 ſon
2814 3980 3265 4131 advantage
3334 3980 3525 4131 pour
3566 3980 3991 4131 l’attaquer
4045 3980 4237 4131 ſelon
4305 3980 4716 4131 l’occaſion
4812 3980 4962 4131 qu’il

618 4122 798 4264 vous
875 4122 1262 4264 donnera;
1326 4122 1378 4264 ce
1455 4122 1571 4264 qui
1622 4122 1700 4264 ne
1751 4122 1803 4264 ſe
1854 4122 2034 4264 peut
2086 4122 2266 4264 faire
2331 4122 2369 4264 ſi
2421 4122 2601 4264 vous
2653 4122 2794 4264 n’en
2871 4122 3065 4264 eliſes
3116 4122 3258 4264 une
3322 4122 3541 4264 toute
3631 4122 4069 4264 Contraire:
4121 4122 4275 4264 c’eſt
4327 4122 4958 4264 enſeignement

611 4257 879 4405 ſervira
946 4257 1080 4405 non
1161 4257 1630 4405 ſeulement
1697 4257 1899 4405 pour
1979 4257 2033 4405 ce
2140 4257 2502 4405 Tableau,
2596 4257 2757 4405 mais
2811 4257 2999 4405 auſsi
3066 4257 3254 4405 pour
3321 4257 4005 4405 advertiſſement
4086 4257 4394 4405 general
4448 4257 4555 4405 ſur
4636 4257 4810 4405 tous
4864 4257 4958 4405 les

611 4438 890 4505 autres.

3329 5410 3534 5544 Stant
3595 5410 3692 5544 les
3776 5410 3957 5544 deux
4018 5410 4308 5544 parties
4368 5410 4417 5544 en
4477 5410 4513 5544 la
4598 5410 4767 5544 die
4828 5410 4949 5544 po-

3311 5531 3547 5672 ſture,
3641 5531 3641 5672 Z
3700 5531 3711 5672 A
3782 5531 4099 5672 CHARIE
4158 5531 4288 5672 tire
4382 5531 4511 5672 une
4594 5531 4946 5672 eſtocade

3329 5658 3378 5792 en
3440 5658 3636 5792 ligne
3710 5658 3943 5792 droite
3992 5658 4053 5792 au
4127 5658 4360 5792 viſage
4434 5658 4495 5792 de
4556 5658 4655 5792 ſon
4777 5658 4949 5792 Con-

3310 5781 3565 5912 traire,
3623 5781 3914 5912 entrant
3972 5781 4146 5912 avec
4192 5781 4239 5912 le
4308 5781 4483 5912 pied
4564 5781 4750 5912 droit
4819 5781 4831 5912 à
4901 5781 4936 5912 la

2853 5906 3079 6040 lettre
3174 5906 3209 6040 V,
3245 5906 3304 6040 le
3364 5906 3660 6040 gauche
3708 5906 3767 6040 le
3815 5906 4159 6040 ſuivant;
4254 5906 4789 6040 ALEXANDRE
4860 5906 4919 6040 au

2880 6027 3143 6167 meſme
3191 6027 3442 6167 temps
3514 6027 3646 6167 que
3693 6027 3789 6167 ſon
3873 6027 4255 6167 contraire
4327 6027 4447 6167 luy
4530 6027 4650 6167 tire
4722 6027 4961 6167 l’eſto-

2865 6152 3075 6293 cade,
3133 6152 3424 6293 avance
3482 6152 3540 6293 le
3587 6152 3761 6293 pied
3843 6152 4075 6293 droit,
4215 6152 4226 6293 &
4273 6152 4796 6293 rencontrant
4866 6152 4924 6293 du

2858 6274 3008 6414 fort
3070 6274 3133 6414 de
3195 6274 3295 6414 ſon
3383 6274 3595 6414 eſpee
3657 6274 3707 6414 le
3757 6274 3995 6414 foible
4070 6274 4132 6414 de
4195 6274 4370 6414 celle
4432 6274 4507 6414 de
4569 6274 4619 6414 ſa
4682 6274 4944 6414 partie,

2876 6398 2926 6543 en
2989 6398 3027 6543 la
3090 6398 3468 6543 graduant
3518 6398 3543 6543 il
3581 6398 3631 6543 le
3694 6398 3908 6543 bleſſe
3959 6398 3971 6543 à
4022 6398 4059 6543 la
4122 6398 4336 6543 teſte;
4374 6398 4538 6543 l’ors
4588 6398 4953 6543 plantant

2869 6526 2920 6665 le
2971 6526 3149 6665 pied
3212 6526 3454 6665 eſlevé
3517 6526 3683 6665 pres
3759 6526 3810 6665 du
3950 6526 4255 6665 Centre,
4293 6526 4331 6665 il
4395 6526 4446 6665 le
4522 6526 4738 6665 perce
4827 6526 4967 6665 d’u-

2869 6647 2943 6797 ne
3029 6647 3374 6797 eſtocade
3447 6647 3460 6797 à
3521 6647 3817 6797 travers
3878 6647 3927 6797 la
3977 6647 4211 6797 teſte,
4272 6647 4309 6797 en
4407 6647 4604 6797 ſorte
4666 6647 4801 6797 que
4863 6647 4961 6797 les

4832 6810 4956 6901 gar-

1186 1319 2591 1439 DECLARATION
2841 1319 3091 1439 DES
3342 1319 4516 1439 OPERATIONS

1513 1504 1643 1605 DV
1801 1504 1930 1605 TA
2016 1504 2448 1605 BLEAV
2620 1504 3009 1605 VINGT
3152 1504 3253 1605 ET
3411 1504 4159 1605 QVATRIEME.
