5520 7640
576 324 844 487 gardes
902 324 1287 487 viennent
1333 324 1345 487 à
1403 324 2230 487 s’entrerencontrer;
2288 324 2591 487 comme
2661 324 2696 487 il

578 472 667 611 eſt
731 472 1191 611 demonſtré
1242 472 1356 611 par
1407 472 1510 611 les
1548 472 1880 611 figures.

1304 1063 1596 1228 Cercle
1865 1063 2089 1228 N3.

609 1283 901 1427 Alexandre
945 1283 1125 1427 quitte
1181 1283 1214 1427 le
1304 1283 1561 1427 Diametre
1617 1283 1707 1427 afin
1785 1283 1819 1427 de
1886 1283 2099 1427 pouvoir
2166 1283 2323 1427 mieux
2379 1283 2592 1427 gaigner
2648 1283 2715 1427 les

686 1406 929 1555 nombres
986 1406 1055 1555 des
1102 1406 1286 1555 lames,
1332 1406 1448 1555 puis
1482 1406 1529 1555 en
1575 1406 1632 1555 les
1690 1406 1967 1555 graduant
2025 1406 2048 1555 il
2106 1406 2244 1555 bleße
2313 1406 2348 1555 ſa
2417 1406 2590 1555 partie
2659 1406 2706 1555 au

690 1559 980 1671 viſage.

1079 1686 1079 1828 E
1215 1686 1462 1828 Cercle
1524 1686 1660 1828 tire
1747 1686 1784 1828 ſa
1858 1686 2130 1828 ſource
2241 1686 2340 1828 des
2451 1686 2710 1828 opera-

1048 1816 1259 1938 tions
1333 1816 1395 1938 du
1507 1816 1742 1938 Cercle
1866 1816 2002 1938 N.1;
2102 1816 2102 1938 Z
2164 1816 2560 1938 ACHARIE
2622 1816 2721 1938 at-

1056 1940 1385 2080 tandant
1446 1940 1908 2080 l’operation
2005 1940 2066 2080 de
2151 1940 2187 2080 ſa
2260 1940 2540 2080 partie,
2649 1940 2710 2080 A-

1064 2064 1557 2207 LEXANDRE
1619 2064 1681 2207 ſe
1780 2064 2039 2207 depart
2150 2064 2199 2207 du
2335 2064 2718 2207 Diametre

589 2192 971 2339 pourtant
1070 2192 1304 2339 mieux
1378 2192 1761 2339 aſſujettir
1810 2192 1909 2339 les
1958 2192 2255 2339 nõbres
2329 2192 2390 2339 de
2440 2192 2711 2339 l’eſpee

598 2313 659 2468 de
708 2313 806 2468 ſon
929 2313 1359 2468 Contraire,
1409 2313 1581 2468 puis
1642 2313 2023 2468 graduant
2072 2313 2171 2468 les
2220 2313 2515 2468 lames,
2576 2313 2613 2468 il
2662 2313 2711 2468 le

578 2440 810 2594 bleſſe
862 2440 913 2594 au
1004 2440 1287 2594 viſage,
1352 2440 1700 2594 plantant
1751 2440 1803 2594 le
1880 2440 2048 2594 pied
2138 2440 2319 2594 droit
2396 2440 2396 2594 à
2461 2440 2499 2594 la
2577 2440 2706 2594 let-

581 2567 680 2719 tre
779 2567 829 2719 L,
866 2567 1164 2719 laiſſant
1214 2567 1462 2719 ſuivre
1511 2567 1561 2719 le
1636 2567 1921 2719 gauche
1996 2567 2008 2719 a
2070 2567 2107 2719 la
2182 2567 2418 2719 lettre
2492 2567 2554 2719 I,
2616 2567 2715 2719 te-

579 2696 760 2843 nant
820 2696 881 2843 le
965 2696 1182 2843 corps
1255 2696 1906 2843 proportionné,
1991 2696 2027 2843 il
2087 2696 2208 2843 luy
2304 2696 2558 2843 donne
2630 2696 2691 2843 un

588 2833 773 2959 coup
847 2833 1290 2959 d’eſtocade
1352 2833 1352 2959 a
1401 2833 1450 2959 la
1512 2833 1708 2959 face;
1795 2833 2090 2959 comme
2164 2833 2189 2959 il
2262 2833 2533 2959 appert
2607 2833 2718 2959 par

599 2965 702 3088 les
753 2965 1074 3088 figures.

1345 3163 1642 3336 Cercle
1854 3163 2130 3336 N.4.

599 3372 788 3516 Comme
877 3372 1168 3516 Alexandre
1212 3372 1301 3516 tire
1346 3372 1391 3516 un
1446 3372 1681 3516 eſtocade
1725 3372 1759 3516 en
1848 3372 2049 3516 dedans
2116 3372 2149 3516 du
2227 3372 2372 3516 bras,
2473 3372 2729 3516 Zacharie

698 3498 733 3652 la
791 3498 918 3652 pare
999 3498 999 3652 à
1056 3498 1287 3652 gauche,
1380 3498 1380 3652 &
1426 3498 1472 3652 en
1518 3498 1715 3652 parant
1761 3498 1796 3652 il
1830 3498 1980 3652 ouvre
2027 3498 2073 3652 un
2131 3498 2304 3652 angle,
2350 3498 2558 3652 auquel
2650 3498 2743 3652 Ale-

729 3642 925 3764 xandre
959 3642 994 3764 ſe
1063 3642 1167 3764 met,
1224 3642 1305 3764 qui
1339 3642 1696 3764 pourſuivant
1766 3642 1835 3764 met
1881 3642 1915 3764 ſa
1973 3642 2146 3764 pointe
2226 3642 2411 3764 devant
2468 3642 2503 3764 le
2560 3642 2744 3764 viſage

718 3771 740 3892 de
784 3771 829 3892 ſa
873 3771 1050 3892 partie
1094 3771 1128 3892 en
1183 3771 1382 3892 courbe.

1098 3901 1098 4045 E
1198 3901 1448 4045 Cercle
1498 3901 1849 4045 procede
1924 3901 2037 4045 des
2112 3901 2587 4045 operations
2675 3901 2725 4045 du

1100 4028 1350 4178 Cercle
1476 4028 1513 4178 N.
1563 4028 1588 4178 3.
1664 4028 1714 4178 au
1839 4028 2102 4178 meſme
2177 4028 2440 4178 temps
2528 4028 2754 4178 qu’A-

1076 4156 1566 4276 LEXANDRE
1624 4156 1752 4276 tire
1810 4156 1915 4276 ſon
1997 4156 2369 4276 eſtocade
2427 4156 2427 4276 a
2486 4156 2521 4276 la
2591 4156 2742 4276 face

1082 4294 1153 4412 de
1212 4294 1307 4412 ſon
1403 4294 1830 4412 contraire,
1925 4294 2412 4412 ZACHARIE
2472 4294 2519 4412 la
2579 4294 2745 4412 pare

599 4419 612 4543 a
700 4419 850 4543 main
926 4419 1277 4543 gauche;
1402 4419 1402 4543 &
1478 4419 1666 4543 pour
1754 4419 1804 4543 ce
1879 4419 2017 4543 que
2093 4419 2256 4543 qu’il
2331 4419 2419 4543 eſt
2469 4419 2758 4543 impoſ-

600 4548 771 4672 ſible
857 4548 919 4672 de
980 4548 1188 4672 parer
1262 4548 1409 4672 ſans
1495 4548 1752 4672 ouvrir
1813 4548 2095 4672 angle,
2181 4548 2745 4672 ALEXANDRE

604 4672 664 4792 au
760 4672 1025 4792 meſme
1085 4672 1337 4792 temps
1421 4672 1542 4792 met
1590 4672 1638 4792 le
1686 4672 1866 4792 pied
1951 4672 2239 4792 gauche
2311 4672 2324 4792 a
2396 4672 2432 4792 la
2504 4672 2744 4792 lettre

639 4799 689 4920 V,
802 4799 814 4920 &
877 4799 927 4920 le
1002 4799 1226 4920 corps
1301 4799 1464 4920 dans
1526 4799 1801 4920 l’angle
1888 4799 2026 4920 que
2101 4799 2138 4920 ſa
2226 4799 2463 4920 partie
2538 4799 2550 4920 a
2638 4799 2750 4920 ou-

618 4925 784 5046 vert
843 4925 891 5046 en
962 4925 1257 5046 parant,
1305 4925 1459 5046 puis
1518 4925 2050 5046 pourſuivant
2121 4925 2216 5046 ſon
2311 4925 2748 5046 avangage,

609 5053 645 5171 il
717 5053 838 5171 met
886 5053 934 5171 ſa
994 5053 1260 5171 pointe
1332 5053 1380 5171 en
1465 5053 1754 5171 courbe
1826 5053 2103 5171 devant
2164 5053 2260 5171 ſon
2344 5053 2634 5171 viſage,
2718 5053 2766 5171 e-

601 5177 801 5298 ſtant
883 5177 1413 5298 entierement
1518 5177 1554 5298 en
1660 5177 1707 5298 ſa
1789 5177 2189 5298 puiſſance
2283 5177 2753 5298 d’executer

616 5302 729 5411 ſon
805 5302 1170 5411 eſtocade
1284 5302 1284 5411 &
1347 5302 1397 5411 le
1447 5302 1750 5411 bleſſer,
1825 5302 1977 5411 mais
2015 5302 2052 5411 il
2103 5302 2216 5411 uſe
2279 5302 2342 5411 de
2418 5302 2758 5411 courtoi-

624 5408 739 5567 ſie;
804 5408 1112 5567 comme
1151 5408 1189 5567 il
1241 5408 1331 5567 eſt
1382 5408 1845 5567 repreſenté
1896 5408 2012 5567 par
2064 5408 2154 5567 les
2205 5408 2539 5567 figures.

1335 5614 1650 5787 Cercle
1897 5614 2167 5787 N.5.

655 5839 913 5983 Zacharie
980 5839 1171 5983 parant
1260 5839 1305 5983 d’e
1372 5839 1507 5983 baut
1563 5839 1597 5983 en
1653 5839 1731 5983 bas
1787 5839 1821 5983 de
1866 5839 2034 5983 force,
2101 5839 2258 5983 ouvre
2314 5839 2493 5983 encore
2561 5839 2605 5983 un
2661 5839 2773 5983 plus

768 5972 932 6109 grand
967 5972 1143 6109 angle,
1190 5972 1273 6109 qui
1308 5972 1402 6109 fait
1449 5972 1883 6109 quAlexandre
1930 5972 2001 6109 luy
2059 5972 2200 6109 donne
2259 5972 2294 6109 au
2365 5972 2541 6109 nmeſme
2611 5972 2776 6109 temps

767 6096 875 6222 d’un
923 6096 1246 6222 eſtramaçon
1306 6096 1378 6222 ſur
1426 6096 1462 6222 la
1510 6096 1725 6222 teſte.

1148 6265 1148 6367 E
1304 6265 1544 6367 Cercle
1664 6265 2012 6367 contient
2108 6265 2576 6367 l’execution
2696 6265 2744 6367 du

1119 6390 1570 6523 precedent
1708 6390 1745 6523 N.
1820 6390 1883 6523 4,
1996 6390 1996 6523 Z
2058 6390 2447 6523 ACHARIE
2509 6390 2772 6523 parant

1135 6516 1198 6646 de
1275 6516 1453 6646 haut
1529 6516 1580 6646 en
1669 6516 1783 6646 bas
1847 6516 2126 6646 l’eſpee
2215 6516 2279 6646 de
2355 6516 2457 6646 ſon
2609 6516 2774 6646 Con-

1120 6648 1346 6782 traire
1433 6648 1546 6782 qui
1621 6648 1834 6782 eſtoit
1935 6648 2210 6782 devant
2273 6648 2373 6782 ſon
2486 6648 2787 6782 viſage,

635 6770 807 6901 fai
869 6770 1041 6901 avec
1115 6770 1214 6901 ſon
1300 6770 1509 6901 eſpee
1571 6770 1854 6901 encore
1915 6770 2075 6901 plus
2149 6770 2432 6901 grande
2506 6770 2777 6901 ouver-

640 6898 842 7040 ture,
905 6898 1018 7040 qui
1068 6898 1244 7040 fai
1307 6898 2100 7040 qu’ALEXANDREau
2213 6898 2477 7040 meſme
2527 6898 2779 7040 temps

2880 267 3198 423 marche,
3308 267 3321 423 &
3369 267 3492 423 luy
3553 267 3810 423 donne
3883 267 4017 423 d’un
4091 267 4580 423 eſtramaçon
4653 267 4763 423 ſur
4812 267 4849 423 la
4910 267 5008 423 te-

2844 399 2943 553 ſte
3005 399 3055 553 en
3129 399 3490 553 plantant
3540 399 3602 553 le
3651 399 3825 553 pied
3900 399 4136 553 eſlevé
4198 399 4211 553 a
4273 399 4310 553 la
4397 399 4745 553 hauteur
4832 399 4894 553 de
4956 399 5006 553 la

2846 527 3082 664 lettre
3181 527 3218 664 X;
3293 527 3591 664 comme
3641 527 3753 664 les
3802 527 4101 664 figures
4175 527 4647 664 monſtrent.

3580 752 3905 914 Cercle
4208 752 4403 914 .6.

2885 960 3186 1114 Alexandre
3259 960 3403 1114 apres
3439 960 3512 1114 ſon
3560 960 3668 1114 coup
3729 960 4114 1114 d’eſtramaçon
4162 960 4199 1114 ſe
4247 960 4428 1114 tourne
4476 960 4548 1114 ſur
4596 960 4620 1114 le
4681 960 4801 1114 pied
4861 960 5018 1114 droit,

3025 1094 3036 1245 &
3083 1094 3316 1245 prenant
3351 1094 3421 1245 ſon
3468 1094 3608 1245 eſpee
3655 1094 3771 1245 avec
3818 1094 3876 1245 les
3935 1094 4063 1245 deux
4121 1094 4273 1245 mains
4320 1094 4460 1245 blee
4507 1094 4542 1245 ſa
4588 1094 4763 1245 partie
4822 1094 4857 1245 au
4927 1094 5020 1245 dos.

3358 1252 3358 1401 E
3496 1252 3747 1401 Cercle
3847 1252 4211 1401 contient
4274 1252 4324 1401 la
4424 1252 4838 1401 pourſuite
4939 1252 5014 1401 de

3317 1379 3802 1524 l’execution
3923 1379 3984 1524 du
4093 1379 4553 1524 precedent
4698 1379 4735 1524 N.
4795 1379 4844 1524 5.
4953 1379 5013 1524 A-

3331 1516 3815 1647 LEXANDRE
3895 1516 4126 1647 ayant
4253 1516 4506 1647 donné
4599 1516 4702 1647 ſon
4829 1516 5014 1647 coup

3348 1645 3897 1773 d’eſtramaçon
3972 1645 3984 1773 a
4034 1645 4134 1773 ſon
4271 1645 4696 1773 Contraire,
4746 1645 4796 1773 le
4845 1645 5020 1773 pied

2871 1762 3059 1922 droit
3121 1762 3358 1922 eſtant
3421 1762 3720 1922 planté,
3758 1762 3795 1922 il
3845 1762 4070 1922 attire
4120 1762 4170 1922 le
4257 1762 4557 1922 gauche
4644 1762 4856 1922 entre
4919 1762 5019 1922 les

2871 1888 3070 2050 deux
3133 1888 3394 2050 corps,
3431 1888 3481 2050 ſe
3556 1888 3942 2050 tournant
4004 1888 4116 2050 ſur
4178 1888 4228 2050 le
4303 1888 4477 2050 pied
4564 1888 4825 2050 droit,
4888 1888 5012 2050 afin

2871 2015 3148 2178 d’avoir
3208 2015 3364 2178 plus
3437 2015 3497 2178 de
3569 2015 3906 2178 vigueur
3954 2015 4159 2178 pour
4219 2015 4460 2178 dõner
4508 2015 4653 2178 une
4737 2015 5038 2178 eſtoca-

2885 2143 2945 2303 de
3005 2143 3053 2303 au
3149 2143 3269 2303 dos
3341 2143 3401 2303 de
3449 2143 3485 2303 ſa
3557 2143 3845 2303 partie,
3929 2143 4266 2303 prenant
4326 2143 4602 2303 l’eſpee
4674 2143 4854 2303 avec
4926 2143 5022 2303 les

2882 2284 3079 2402 deux
3160 2284 3369 2402 mains
3428 2284 3544 2402 afin
3637 2284 3695 2402 de
3799 2284 4043 2402 mieux
4124 2284 4507 2402 executer
4577 2284 4670 2402 ſon
4809 2284 5030 2402 coup,

2921 2408 2934 2531 &
2974 2408 3026 2531 le
3091 2408 3366 2531 bleſſer
3432 2408 3746 2531 comme
3785 2408 3824 2531 il
3890 2408 4047 2531 fait;
4099 2408 4282 2531 ainſi
4361 2408 4492 2531 que
4557 2408 4662 2531 les
4740 2408 5028 2531 figures

2881 2557 3381 2683 enſeignent.

3620 3146 3951 3330 Cercle
4260 3146 4437 3330 N7.

2916 3393 3210 3513 Alexandre
3278 3393 3357 3513 met
3403 3393 3436 3513 ſa
3493 3393 3663 3513 pointe
3708 3393 3753 3513 en
3798 3393 3979 3513 courbe
4047 3393 4239 3513 devant
4285 3393 4341 3513 les
4386 3393 4522 3513 yeux
4590 3393 4624 3513 de
4680 3393 4726 3513 ſa
4794 3393 5054 3513 partie,

2994 3521 3151 3647 uſant
3208 3521 3241 3647 de
3286 3521 3647 3647 courtoiſie.

3392 3662 3392 3786 E
3510 3662 3745 3786 Cercle
3811 3662 4007 3786 tient
4046 3662 4151 3786 ſon
4243 3662 4543 3786 origine
4635 3662 4687 3786 du
4818 3662 5054 3786 Cercle

3417 3794 3456 3913 N.
3544 3794 3582 3913 3.
3671 3794 3913 3913 eſtant
3976 3794 4420 3913 ſemblable
4496 3794 4496 3913 à
4573 3794 5042 3913 l’operation

3353 3912 3537 4044 faite
3599 3912 3710 4044 par
3808 3912 4374 4044 ALEXANDRE
4447 3912 4509 4044 au
4644 3912 4890 4044 Cercle
5025 3912 5062 4044 N.

3388 4048 3427 4172 4.
3479 4048 3764 4172 exepté
3842 4048 4010 4172 qu’il
4062 4048 4139 4172 ne
4204 4048 4437 4172 ploye
4502 4048 4619 4172 pas
4671 4048 4722 4172 le
4787 4048 5059 4172 genou,

2920 4181 3076 4308 mais
3124 4181 3328 4308 tient
3376 4181 3424 4308 le
3496 4181 3712 4308 corps
3784 4181 3976 4308 droit
4096 4181 4096 4308 &
4144 4181 4252 4308 les
4288 4181 4612 4308 jambes
4672 4181 4972 4308 roides,
5008 4181 5056 4308 le

2899 4306 3076 4430 pied
3152 4306 3455 4430 gauche
3531 4306 3543 4430 a
3606 4306 3657 4430 la
3720 4306 3960 4430 lettre
4048 4306 4124 4430 S,
4175 4306 4389 4430 uſant
4490 4306 4553 4430 de
4642 4306 5071 4430 courtoiſie

2895 4432 3093 4561 pour
3146 4432 3225 4561 ne
3278 4432 3556 4561 bleſſer
3609 4432 3662 4561 ſa
3715 4432 3966 4561 partie
4019 4432 4072 4561 au
4151 4432 4429 4561 viſage;
4495 4432 4667 4561 ainſi
4746 4432 4905 4561 qu’il
4984 4432 5064 4561 eſt

2915 4563 3361 4685 demonſtré
3411 4563 3560 4685 aux
3622 4563 3956 4685 figures.

3604 4758 3927 4934 Cercle
4157 4758 4434 4934 N.8.

2924 4980 3189 5098 Zacharie
3223 4980 3304 5098 ſur
3350 4980 3385 5098 ce
3443 4980 3639 5098 danger
3696 4980 3811 5098 pare
3869 4980 3904 5098 un
3961 4980 4042 5098 peu
4100 4980 4134 5098 en
4192 4980 4365 5098 avant
4411 4980 4526 5098 vers
4584 4980 4607 5098 le
4653 4980 4745 5098 bas
4791 4980 4791 5098 a
4849 4980 5068 5098 gauche.

3055 5105 3364 5230 Alexandre
3423 5105 3649 5230 portant
3720 5105 3779 5230 ſon
3827 5105 3969 5230 eſpee
4017 5105 4052 5230 en
4124 5105 4527 5230 circonference
4610 5105 4788 5230 deſſous
4848 5105 4966 5230 celle
5038 5105 5073 5230 de

3017 5232 3057 5358 ſa
3110 5232 3309 5358 partie,
3362 5232 3389 5358 le
3442 5232 3588 5358 bleſſe
3641 5232 3720 5358 par
3786 5232 3946 5358 deſſus
3985 5232 4012 5358 le
4065 5232 4184 5358 bras
4237 5232 4370 5358 d’une
4423 5232 4648 5358 eſtocade
4728 5232 4728 5358 à
4781 5232 4821 5358 la
4887 5232 5086 5358 teſte.

3407 5396 3540 5522 Ecy
3606 5396 3699 5522 eſt
3738 5396 3778 5522 la
3844 5396 4255 5522 pourſuite
4335 5396 4388 5522 du
4520 5396 4759 5522 Cercle
4825 5396 5090 5522 prece-

3401 5526 3571 5630 dent
3681 5526 3717 5630 N.
3778 5526 3814 5630 7,
3923 5526 4384 5630 ZACHARIE
4457 5526 4506 5630 ſe
4566 5526 4955 5630 trouvant
5015 5526 5064 5630 en

3392 5655 3453 5780 ce
3551 5655 3930 5780 danger,
4028 5655 4333 5780 voyant
4394 5655 4443 5780 la
4529 5655 4810 5780 pointe
4896 5655 4969 5780 de
5030 5655 5079 5780 ſa

3384 5782 3630 5903 partie
3717 5782 3988 5903 devant
4049 5782 4148 5903 ſes
4221 5782 4419 5903 yeux
4480 5782 4862 5903 (comme
4911 5782 4948 5903 il
5010 5782 5096 5903 eſt

2922 5901 3383 6037 demonſtré
3447 5901 3498 6037 au
3613 5901 3869 6037 Cercle
3920 5901 4432 6037 precedent)
4470 5901 4650 6037 pare
4726 5901 4790 6037 de
4841 5901 4880 6037 la
4957 5901 5097 6037 gar-

2920 6035 2995 6163 de
3057 6035 3331 6163 l’eſpee
3393 6035 3455 6163 de
3517 6035 3617 6163 ſon
3729 6035 4127 6163 Contraire
4189 6035 4251 6163 un
4338 6035 4462 6163 peu
4537 6035 4587 6163 en
4674 6035 4836 6163 avãt
4948 6035 4948 6163 &
5022 6035 5072 6163 en

2909 6164 3043 6290 bas
3103 6164 3261 6290 vers
3321 6164 3419 6290 ſon
3516 6164 3710 6290 coſté
3794 6164 4122 6290 gauche;
4219 6164 4364 6290 mais
4437 6164 4498 6290 au
4607 6164 4862 6290 meſme
4922 6164 5092 6290 tẽps

2927 6295 3087 6421 qu’il
3137 6295 3260 6421 fait
3322 6295 3384 6421 ce
3471 6295 3990 6421 mouvement
4039 6295 4274 6421 avant
4336 6295 4509 6421 qu’il
4571 6295 4707 6421 ſoit
4756 6295 4929 6421 fini,
5028 6295 5090 6421 A-

2930 6423 3441 6546 LEXANDRE
3522 6423 3743 6546 porte
3812 6423 3917 6546 ſon
4010 6423 4230 6546 eſpee
4312 6423 4358 6546 en
4474 6423 5089 6546 circonference

2925 6543 3042 6684 par
3120 6543 3484 6684 deſſoubs
3562 6543 3744 6684 celle
3835 6543 3900 6684 de
3978 6543 4017 6684 ſa
4095 6543 4394 6684 partie,
4459 6543 4589 6684 luy
4667 6543 4901 6684 tirant
4966 6543 5109 6684 une

2935 6674 3304 6803 eſtocade
3367 6674 3482 6803 par
3558 6674 3800 6803 deſſus
3851 6674 3902 6803 le
3965 6674 4131 6803 bras
4182 6674 4194 6803 a
4245 6674 4296 6803 la
4360 6674 4576 6803 teſte,
4640 6674 4691 6803 en
4767 6674 5098 6803 avançãt

2922 6802 2976 6942 le
3030 6802 3206 6942 pied
3274 6802 3571 6942 gauche
3625 6802 3638 6942 a
3679 6802 3733 6942 la
3787 6802 4166 6942 lettreV,
4193 6802 4436 6942 laiſſãt
4490 6802 4747 6942 ſuivre
4787 6802 4842 6942 le
4909 6802 5098 6942 droit

2945 6934 3193 7081 oultre
3245 6934 3284 7081 la
3336 6934 3558 7081 lettre
3688 6934 3688 7081 ;
3741 6934 4054 7081 comme
4093 6934 4132 7081 il
4184 6934 4406 7081 apert
4458 6934 4602 7081 aux
4654 6934 4980 7081 figures.

4967 7073 5111 7171 Cer-
