5520 7640
2879 295 3189 427 ſtocade
3249 295 3369 427 bas
3428 295 3488 427 ou
3559 295 3762 427 haut,
3798 295 3834 427 il
3870 295 3953 427 ne
4001 295 4276 427 pourra
4335 295 4693 427 toucher,
4729 295 4741 427 a
4813 295 4968 427 cau-

2881 422 2929 549 ſe
3000 422 3190 549 qu’on
3262 422 3310 549 ſe
3357 422 3488 549 ſera
3583 422 3678 549 mis
3750 422 3798 549 en
3857 422 4000 549 une
4047 422 4262 549 autre
4297 422 4500 549 ligne
4583 422 4714 549 que
4785 422 4952 549 celle

2894 546 3066 675 qu’il
3103 546 3289 675 tire,
3350 546 3573 675 ayant
3647 546 3894 675 quitte
3980 546 4141 675 celle
4227 546 4289 675 ou
4375 546 4425 675 on
4536 546 4746 675 eſtoit
4807 546 4968 675 pre-

2910 673 3383 771 mierement.

3585 811 3902 992 Cercle
4128 811 4377 992 N.

2908 1023 3153 1152 Zacharie
3199 1023 3386 1152 voyant
3456 1023 3642 1152 l’eſpee
3701 1023 3736 1152 de
3794 1023 3829 1152 ſa
3887 1023 4062 1152 partie
4120 1023 4307 1152 devant
4354 1023 4412 1152 ſes
4459 1023 4633 1152 yeux,
4692 1023 4727 1152 la
4773 1023 4890 1152 pare
4948 1023 4948 1152 a

3008 1148 3118 1278 droit
3162 1148 3272 1278 vers
3305 1148 3338 1278 le
3382 1148 3481 1278 bas.
3558 1148 3855 1278 Alexandre
3899 1148 3943 1278 au
4009 1148 4164 1278 meſme
4208 1148 4307 1278 tẽps
4351 1148 4549 1278 faiſant
4593 1148 4714 1278 trois
4758 1148 4945 1278 quarts

3005 1274 3042 1393 de
3103 1274 3262 1393 Cercle
3323 1274 3347 1393 de
3396 1274 3457 1393 ſon
3506 1274 3653 1393 eſpee,
3690 1274 3824 1393 bleſſe
3861 1274 3898 1393 ſa
3947 1274 4118 1393 partie
4167 1274 4265 1393 d’un
4314 1274 4485 1393 revers
4522 1274 4595 1393 ſur
4644 1274 4681 1393 la
4717 1274 4864 1393 teſte.

3392 1398 3761 1519 Operation
3856 1398 3915 1519 de
3986 1398 4034 1519 ce
4129 1398 4367 1519 Cercle
4414 1398 4652 1519 prend
4700 1398 4795 1519 ſon
4890 1398 4949 1519 o-

3325 1518 3564 1643 rigine
3640 1518 3690 1643 du
3816 1518 4055 1643 Cercle
4193 1518 4231 1643 N.
4294 1518 4432 1643 10,
4533 1518 4822 1643 auquel
4885 1518 4948 1643 A-

3332 1645 3808 1770 LEXANDRE
3878 1645 4064 1770 tient
4110 1645 4215 1770 ſon
4296 1645 4494 1770 eſpee
4563 1645 4831 1770 devant
4889 1645 4947 1770 le

3334 1766 3566 1888 viſage
3639 1766 3700 1888 de
3749 1766 3786 1888 ſa
3847 1766 4104 1888 partie,
4140 1766 4348 1888 uſant
4421 1766 4482 1888 de
4543 1766 4959 1888 courtoiſie

2871 1889 3021 2010 ſans
3079 1889 3159 2010 riẽ
3228 1889 3632 2010 executer,
3678 1889 4001 2010 encores
4070 1889 4220 2010 qu’il
4266 1889 4393 2010 ſoit
4462 1889 4508 2010 en
4600 1889 4692 2010 ſon
4761 1889 4946 2010 pou-

2885 2011 3030 2133 voir
3090 2011 3151 2133 de
3199 2011 3247 2133 le
3307 2011 3513 2133 faire.
3597 2011 4032 2133 ZACHARIE
4092 2011 4189 2133 ſur
4273 2011 4334 2133 ce
4394 2011 4611 2133 dãger
4647 2011 4816 2133 pare
4877 2011 4925 2133 en

2873 2132 2994 2254 bas
3043 2132 3055 2254 a
3103 2132 3152 2254 ſa
3225 2132 3455 2254 droite
3503 2132 3770 2254 l’eſpee
3843 2132 3903 2254 de
3964 2132 4061 2254 ſon
4170 2132 4521 2254 Cõtraire.
4582 2132 4958 2254 ALEXAND.

2866 2258 2923 2379 au
3026 2258 3276 2379 meſme
3333 2258 3492 2379 tẽps
3560 2258 3685 2379 que
3731 2258 3776 2379 ſa
3833 2258 4243 2379 partiefait
4311 2258 4379 2379 ce
4459 2258 4948 2379 mouvement

2870 2380 3064 2502 pour
3112 2380 3318 2502 parer
3366 2380 3463 2502 ſon
3548 2380 3778 2502 eſpee,
3875 2380 3875 2502 &
3936 2380 4154 2502 avant
4214 2380 4372 2502 qu’il
4420 2380 4541 2502 ſoit
4602 2380 4747 2502 fini,
4807 2380 4965 2502 mar-

2882 2503 3002 2627 che
3062 2503 3122 2627 du
3195 2503 3363 2627 pied
3423 2503 3712 2627 gauche
3772 2503 4097 2627 derriere
4157 2503 4205 2627 le
4277 2503 4482 2627 droit,
4518 2503 4566 2627 le
4650 2503 4951 2627 mettant

2870 2626 3038 2745 pres
3098 2626 3158 2745 de
3207 2626 3255 2745 la
3315 2626 3531 2745 lettre
3640 2626 3688 2745 Q,
3736 2626 3784 2745 en
3880 2626 4169 2745 menant
4217 2626 4313 2745 ſon
4410 2626 4614 2745 eſpee
4686 2626 4746 2745 de
4819 2626 4951 2745 deſ-

2869 2749 3034 2871 ſous
3093 2749 3258 2871 celle
3329 2749 3388 2871 de
3435 2749 3482 2871 ſa
3541 2749 3813 2871 partie,
3872 2749 3919 2871 en
4002 2749 4249 2871 faiſant
4308 2749 4485 2871 trois
4544 2749 4804 2871 quarts
4875 2749 4946 2871 de

2893 2873 3131 2994 Cercle
3179 2873 3214 2994 il
3262 2873 3417 2994 leve
3464 2873 3512 2994 le
3583 2873 3786 2994 droit,
3821 2873 3988 2994 puis
4048 2873 4095 2994 en
4155 2873 4274 2994 luy
4345 2873 4679 2994 donnant
4726 2873 4798 2994 un
4869 2873 4964 2994 re-

2880 2994 3021 3113 vers
3092 2994 3198 3113 ſur
3257 2994 3304 3113 la
3362 2994 3598 3113 teſte,
3645 2994 3680 3113 il
3739 2994 4092 3113 pourſuit
4139 2994 4233 3113 ſon
4315 2994 4598 3113 chemin
4692 2994 4845 3113 vers
4903 2994 4939 3113 ſa

2892 3117 3033 3209 main
3150 3117 3385 3209 droite
3432 3117 3608 3209 hors
3667 3117 3726 3209 du
3843 3117 4090 3209 Cercle
4149 3117 4384 3209 deſſus
4431 3117 4490 3209 le
4584 3117 4948 3209 Diametre

2871 3237 3090 3360 outre
3127 3237 3176 3360 la
3225 3237 3456 3360 lettre
3554 3237 3603 3360 X,
3664 3237 3713 3360 ou
3786 3237 3810 3360 il
3859 3237 3908 3360 le
3957 3237 4213 3360 plante
4274 3237 4555 3360 laiſſant
4616 3237 4848 3360 ſuivre
4897 3237 4946 3360 le

2880 3363 3196 3482 gauche;
3255 3363 3559 3482 comme
3606 3363 3700 3482 les
3747 3363 4028 3482 figures
4122 3363 4567 3482 monſtrent.

3529 3511 3839 3677 Cercle
4060 3511 4391 3677 N.12.

2902 3740 3191 3862 Alexandre
3237 3740 3480 3862 relevant
3515 3740 3573 3862 ſon
3630 3740 3758 3862 eſpee
3804 3740 3838 3862 la
3896 3740 4058 3862 remet
4104 3740 4104 3862 a
4151 3740 4278 3862 laide
4336 3740 4370 3862 du
4416 3740 4625 3862 poignet
4682 3740 4717 3862 de
4775 3740 4960 3862 deſſous

2983 3864 3016 3983 en
3093 3864 3246 3983 deſſus
3290 3864 3411 3983 celle
3477 3864 3509 3983 de
3542 3864 3586 3983 ſa
3630 3864 3849 3983 partie,
3904 3864 3970 3983 luy
4025 3864 4244 3983 donnant
4288 3864 4332 3983 un
4386 3864 4496 3983 coup
4551 3864 4945 3983 d’eſtramaçon.

3357 4004 3417 4121 Vr
3465 4004 3525 4121 le
3609 4004 3860 4121 meſme
3920 4004 4327 4121 parement
4411 4004 4543 4121 que
4626 4004 4746 4121 fait
4854 4004 4854 4121 Z
4914 4004 4962 4121 A-

3350 4125 3686 4241 CHARIE
3744 4125 3802 4241 au
3918 4125 4150 4241 Cercle
4208 4125 4695 4241 precedent,
4776 4125 4961 4241 ALE-

3348 4247 3681 4365 XANDRE
3727 4247 4003 4365 avance
4061 4247 4130 4365 un
4198 4247 4313 4365 peu
4382 4247 4440 4365 le
4509 4247 4681 4365 pied
4739 4247 4946 4365 droit,

3325 4368 3648 4487 juſques
3712 4368 3725 4487 a
3802 4368 3867 4487 ce
3931 4368 4086 4487 qu’il
4151 4368 4331 4487 paſſe
4409 4368 4847 4487 juſtement
4899 4368 4951 4487 le

2915 4490 3285 4609 Diametre
3343 4490 4071 4609 perpendiculaire,
4105 4490 4405 4609 ſuivant
4452 4490 4960 4609 incontinant

2884 4612 2944 4735 du
3029 4612 3319 4735 gauche
3367 4612 3488 4735 par
3548 4612 3862 4735 derriere
3910 4612 4200 4735 iceluy,
4236 4612 4526 4735 relevãt
4574 4612 4671 4735 ſon
4743 4612 4948 4735 eſpee

2877 4734 2877 4855 à
2938 4734 3133 4855 laide
3206 4734 3254 4855 du
3327 4734 3692 4855 poignet,
3741 4734 3777 4855 la
3838 4734 4276 4855 remettant
4349 4734 4397 4855 de
4470 4734 4823 4855 deſſoubs
4884 4734 4933 4855 en

2898 4856 3125 4985 deſſus
3184 4856 3352 4985 celle
3423 4856 3483 4985 de
3531 4856 3578 4985 ſa
3638 4856 3912 4985 partie;
3996 4856 4008 4985 &
4068 4856 4115 4985 en
4199 4856 4545 4985 donnant
4581 4856 4688 4985 ſon
4772 4856 4951 4985 coup

2891 4980 3491 5097 d’eſtramaçon,
3516 4980 3553 5097 il
3591 4980 3791 5097 plãte
3841 4980 3891 5097 le
3941 4980 4103 5097 pied
4166 4980 4403 5097 eſlevé
4453 4980 4453 5097 a
4503 4980 4554 5097 la
4604 4980 4829 5097 lettre
4916 4980 4966 5097 T;

2889 5101 3186 5224 comme
3236 5101 3273 5224 il
3335 5101 3422 5224 eſt
3484 5101 3918 5224 demonſtré
3980 5101 4092 5224 par
4129 5101 4240 5224 les
4278 5101 4612 5224 figures.

3602 5243 3909 5416 Cercle
4127 5243 4412 5416 N.13.

2912 5451 3206 5575 Alexandre
3265 5451 3417 5575 apres
3452 5451 3511 5575 ſon
3558 5451 3675 5575 coup
3722 5451 3969 5575 pourſuit,
4004 5451 4215 5575 paſſant
4250 5451 4274 5575 le
4321 5451 4462 5575 corps
4520 5451 4544 5575 de
4591 5451 4626 5575 ſa
4673 5451 4884 5575 partie,
4955 5451 4955 5575 a

2996 5577 3220 5697 laquelle
3265 5577 3466 5697 (avant
3511 5577 3634 5697 qu’il
3679 5577 3824 5697 puiſſe
3869 5577 4003 5697 faire
4048 5577 4193 5697 aucun
4261 5577 4619 5697 mouvement)
4641 5577 4675 5697 il
4730 5577 4865 5697 donne
4909 5577 4954 5697 un

3007 5701 3148 5829 autre
3191 5701 3300 5829 coup
3365 5701 3723 5829 d’eſtramaçon
3788 5701 4016 5829 derriere
4059 5701 4091 5829 la
4146 5701 4352 5829 teſte.

3377 5849 3707 5968 ECercle
3766 5849 4108 5968 contient
4155 5849 4191 5968 la
4250 5849 4474 5968 finale
4533 5849 4934 5968 execution

3370 5969 3475 6072 des
3569 5969 3804 6072 Cercle
3887 5969 3945 6072 11
4075 5969 4086 6072 &
4169 5969 4298 6072 12,
4404 5969 4956 6072 ALEXANDRE

3345 6092 3571 6220 ayant
3607 6092 3774 6220 ainſi
3845 6092 4072 6220 donné
4119 6092 4215 6220 ſon
4298 6092 4477 6220 coup
4548 6092 4965 6220 d’eſtrama-

3370 6216 3467 6341 çon
3540 6216 3540 6341 à
3601 6216 3638 6341 ſa
3698 6216 3966 6341 partie,
4015 6216 4356 6341 pourſuit
4405 6216 4965 6341 promptemẽt

2908 6342 2955 6461 du
3049 6342 3213 6461 pied
3295 6342 3635 6461 gauche,
3694 6342 4128 6461 l’avançant
4187 6342 4257 6461 un
4351 6342 4469 6461 pas
4539 6342 4833 6461 entier,
4903 6342 4962 6461 de

2889 6461 3078 6586 ſorte
3142 6461 3293 6586 qu’il
3344 6461 3534 6586 paſſe
3584 6461 3761 6586 hors
3824 6461 3875 6586 du
3989 6461 4254 6586 Cercle,
4330 6461 4583 6586 faiſant
4659 6461 4823 6586 tout
4912 6461 4975 6586 de

2887 6583 3066 6710 ſuite
3137 6583 3399 6710 encore
3459 6583 3519 6710 un
3590 6583 3805 6710 autre
3852 6583 4007 6710 pas,
4043 6583 4329 6710 paſſant
4389 6583 4555 6710 ainſi
4627 6583 4674 6710 le
4746 6583 4960 6710 corps

2906 6709 2971 6838 de
3036 6709 3075 6838 ſa
3126 6709 3398 6838 partie;
3463 6709 3528 6838 de
3619 6709 3930 6838 maniere
4007 6709 4137 6838 que
4202 6709 4422 6838 avant
4500 6709 4668 6838 qu’il
4733 6709 4966 6838 puiſſe

4797 6842 4965 6931 faire

1356 287 1659 449 Cercle
1876 287 2157 449 N.9.

670 491 923 628 Zacharie
971 491 1079 628 pare
1151 491 1212 628 icy
1260 491 1296 628 en
1344 491 1537 628 haut,
1633 491 1922 628 Alexandre
1982 491 2030 628 au
2115 491 2271 628 meſme
2307 491 2476 628 temps
2512 491 2536 628 le
2596 491 2741 628 bleſſe

786 619 1014 737 deſſoubs
1052 619 1077 737 le
1128 619 1268 737 bras.

1125 738 1138 869 E
1242 738 1474 869 Cercle
1539 738 1720 869 tient
1759 738 1811 869 le
1888 738 2147 869 meſme
2225 738 2522 869 ſubje
2600 738 2729 869 que

1111 862 1318 989 celuy
1421 862 1473 989 de
1525 862 1977 989 l’operation
2068 862 2107 989 du
2236 862 2469 989 Cercle
2585 862 2637 989 N.
2688 862 2727 989 8,

1108 989 1377 1113 exepté
1450 989 1572 1113 que
1694 989 1755 1113 ZA
1841 989 2207 1113 CHARIE
2281 989 2440 1113 pare
2488 989 2733 1113 l’eſto-

1113 1111 1281 1230 cade
1341 1111 1509 1230 avec
1569 1111 1630 1230 le
1702 1111 1858 1230 bras
1978 1111 1990 1230 &
2026 1111 2291 1230 l’eſpee
2363 1111 2411 1230 en
2495 1111 2736 1230 hault,

667 1233 1307 1360 ALEXANDRE
1376 1233 1423 1360 au
1539 1233 1795 1360 meſme
1853 1233 2016 1360 tẽps
2062 1233 2318 1360 faiſant
2364 1233 2434 1360 un
2516 1233 2725 1360 quart

646 1357 719 1467 de
805 1357 1441 1467 Circonference,
1478 1357 1698 1467 bleſſe
1747 1357 1845 1467 ſon
1931 1357 2310 1467 contraire
2372 1357 2726 1467 deſſoubs

634 1477 693 1604 le
740 1477 941 1604 bras;
1012 1477 1308 1604 comme
1355 1477 1450 1604 les
1497 1477 1781 1604 figures
1864 1477 2313 1604 monſtrent.

1331 1955 1638 2125 Cercle
1901 1955 2208 2125 N.10.

673 2160 965 2283 Alexandre
1033 2160 1246 2283 mettant
1280 2160 1347 2283 ſon
1392 2160 1527 2283 eſpee
1572 2160 1606 2283 en
1674 2160 1842 2283 dehors
1887 2160 2000 2283 celle
2056 2160 2090 2283 de
2135 2160 2168 2283 ſa
2213 2160 2494 2283 partie,
2528 2160 2573 2283 la
2618 2160 2742 2283 gra-

778 2284 929 2401 duant
973 2284 1005 2401 la
1059 2284 1124 2401 luy
1189 2284 1265 2401 met
1330 2284 1503 2401 devant
1557 2284 1590 2401 le
1633 2284 1839 2401 viſage.

1120 2405 1320 2530 Eſtuy
1407 2405 1470 2530 cy
1557 2405 1794 2530 prend
1857 2405 1957 2530 ſon
2057 2405 2331 2530 origine
2444 2405 2544 2530 des
2619 2405 2743 2530 po-

1092 2526 1345 2633 ſtures
1429 2526 1477 2633 du
1598 2526 1839 2633 Cercle
1971 2526 2007 2633 N.
2055 2526 2116 2633 1,
2200 2526 2501 2633 comme
2573 2526 2742 2633 ainſi

1098 2650 1314 2774 celuy
1374 2650 1421 2774 du
1565 2650 1613 2774 N.
1649 2650 1697 2774 3,
1768 2650 1816 2774 ou
1936 2650 2475 2774 ALEXANDRE
2546 2650 2546 2774 a
2606 2650 2726 2774 fait

1082 2771 1190 2894 ſon
1262 2771 1683 2894 execution
1743 2771 1863 2894 par
1923 2771 2200 2894 dedans
2236 2771 2500 2894 l’eſpee
2572 2771 2633 2894 de
2681 2771 2729 2894 ſa

635 2891 913 3021 partie,
949 2891 998 3021 ſe
1046 2891 1397 3021 plantant
1469 2891 1711 3021 deſſus
1748 2891 1796 3021 le
1893 2891 2268 3021 Diametre
2328 2891 2340 3021 a
2389 2891 2437 3021 la
2498 2891 2727 3021 lettre

663 3014 699 3144 L.
770 3014 877 3144 icy
960 3014 1481 3144 ALEXANDRE
1576 3014 1860 3144 marche
1932 3014 2169 3144 deſſus
2216 3014 2263 3144 le
2358 3014 2726 3144 Diametre

628 3137 640 3261 a
686 3137 732 3261 la
789 3137 1020 3261 lettre
1089 3137 1135 3261 L,
1216 3137 1538 3261 mettant
1585 3137 1688 3261 ſon
1769 3137 1976 3261 eſpee
2034 3137 2080 3261 en
2172 3137 2449 3261 dehors
2495 3137 2506 3261 a
2564 3137 2725 3261 l’en-

643 3261 914 3386 contre
975 3261 1036 3386 de
1110 3261 1270 3386 celle
1344 3261 1405 3386 de
1454 3261 1503 3386 ſa
1552 3261 1823 3386 partie,
1847 3261 1896 3386 la
1970 3261 2339 3386 graduant
2413 3261 2732 3386 juſques

626 3389 626 3509 à
709 3389 756 3509 ce
827 3389 982 3509 qu’il
1029 3389 1266 3509 arrive
1314 3389 1373 3509 au
1444 3389 1682 3509 pareil
1729 3389 2061 3509 nombre
2144 3389 2204 3509 de
2287 3389 2465 3509 celle
2548 3389 2619 3509 de
2678 3389 2726 3509 ſa

629 3511 938 3633 partie,
1021 3511 1164 3633 lors
1236 3511 1438 3633 uſant
1533 3511 1580 3633 de
1676 3511 2128 3633 courtoiſie,
2163 3511 2199 3633 il
2246 3511 2353 3633 luy
2425 3511 2603 3633 tient
2675 3511 2710 3633 la

640 3633 896 3756 pointe
969 3633 1238 3756 devant
1287 3633 1335 3756 le
1409 3633 1677 3756 viſage;
1726 3633 2019 3756 comme
2068 3633 2104 3756 il
2153 3633 2239 3756 eſt
2287 3633 2727 3756 repreſanté

631 3763 775 3879 aux
834 3763 1157 3879 figures.

763 3882 809 3998 Il
855 3882 1004 3998 faut
1061 3882 1314 3998 noter,
1383 3882 1566 3998 qu’en
1635 3882 1910 3998 toutes
1990 3882 2380 3998 occaſions
2460 3882 2518 3998 ou
2587 3882 2713 3998 l’on

644 4001 816 4126 veut
865 4001 1148 4126 bleſſer
1197 4001 1295 4126 ſon
1406 4001 1787 4126 Contraire
1836 4001 1959 4126 luy
2008 4001 2389 4126 ſujettant
2426 4001 2733 4126 l’eſpee,

635 4121 660 4252 il
710 4121 761 4252 ſe
811 4121 1001 4252 fault
1064 4121 1392 4252 departir
1455 4121 1518 4252 de
1569 4121 1607 4252 la
1683 4121 1923 4252 droite
1973 4121 2213 4252 ligne,
2339 4121 2352 4252 &
2428 4121 2743 4252 deſmar-

644 4247 801 4374 cher
874 4247 1019 4374 vers
1067 4247 1333 4374 l’eſpee
1417 4247 1611 4374 qu’on
1695 4247 2034 4374 ſujette:
2118 4247 2179 4374 ce
2275 4247 2384 4374 qui
2469 4247 2723 4374 ſervira

632 4373 824 4491 pour
884 4373 1063 4491 trois
1135 4373 1434 4491 choſes.
1542 4373 1601 4491 La
1661 4373 2044 4491 premiere
2104 4373 2212 4491 eſt,
2283 4373 2415 4491 que
2463 4373 2511 4491 le
2571 4373 2738 4491 bras

632 4495 750 4616 par
821 4495 868 4616 ce
962 4495 1103 4616 moy
1162 4495 1209 4616 en
1291 4495 1832 4616 accompagné
1903 4495 1961 4616 du
2056 4495 2303 4616 corps,
2361 4495 2514 4616 aura
2573 4495 2738 4616 plus

661 4614 723 4737 de
772 4614 980 4737 force
1029 4614 1212 4737 pour
1274 4614 1592 4737 ſujetter
1641 4614 1898 4737 l’eſpee
1972 4614 2033 4737 de
2082 4614 2608 4737 l’adverſaire.
2670 4614 2731 4737 La

649 4743 1007 4860 Seconde
1080 4743 1154 4860 eſt
1228 4743 1351 4860 que
1401 4743 1438 4860 ſi
1475 4743 1524 4860 le
1622 4743 2004 4860 Contraire
2078 4743 2238 4860 pare
2300 4743 2472 4860 tout
2546 4743 2558 4860 a
2608 4743 2731 4860 fait

637 4858 691 4978 au
767 4858 1484 4978 commencement
1549 4858 1604 4978 du
1701 4858 2201 4978 mouvement
2277 4858 2462 4978 qu’on
2549 4858 2723 4978 fera,

634 4985 982 5106 (comme
1030 4985 1066 5106 il
1114 4985 1163 5106 ſe
1223 4985 1403 5106 peut
1463 4985 1704 5106 faire)
1764 4985 1992 5106 avant
2076 4985 2196 5106 que
2257 4985 2533 5106 l’eſpee
2593 4985 2725 5106 ſoit

645 5107 1048 5232 parvenue
1107 5107 1154 5232 en
1213 5107 1260 5232 ſa
1308 5107 1521 5232 force
1627 5107 1639 5232 &
1698 5107 2088 5232 vigueur,
2195 5107 2313 5232 elle
2360 5107 2715 5232 tombera

638 5230 686 5352 au
770 5230 962 5352 coſté
1023 5230 1372 5352 oppoſite
1444 5230 1492 5352 du
1624 5230 1997 5352 Diametre
2057 5230 2238 5352 ſelon
2322 5230 2719 5352 l’occaſion

636 5351 737 5475 ſur
787 5351 825 5475 la
888 5351 1114 5475 lettre
1215 5351 1253 5475 X,
1303 5351 1467 5475 plus
1529 5351 1580 5475 ou
1680 5351 1907 5475 moins
1957 5351 2146 5475 ſelon
2221 5351 2498 5475 l’effort
2586 5351 2737 5475 qu’il

635 5476 781 5597 fera
854 5476 891 5597 en
964 5476 1209 5597 parãt,
1306 5476 1319 5597 &
1368 5476 1477 5597 par
1563 5476 1612 5597 ce
1710 5476 1917 5597 moyẽ
1978 5476 2027 5597 on
2113 5476 2455 5597 gaignera
2552 5476 2736 5597 deux

633 5601 909 5725 lignes;
945 5601 1137 5725 l’une
1197 5601 1305 5725 par
1353 5601 1401 5725 le
1461 5601 1809 5725 paremẽt
1881 5601 1929 5725 du
2013 5601 2434 5725 contraire,
2518 5601 2530 5725 &
2578 5601 2746 5725 l’au-

647 5721 743 5843 tre
803 5721 1091 5843 pource
1163 5721 1283 5843 que
1331 5721 1451 5843 l’on
1535 5721 1979 5843 deſmarche
2027 5721 2086 5843 au
2182 5721 2374 5843 coſte
2446 5721 2734 5843 oppoſi-

641 5836 699 5974 te
780 5836 1326 5974 duDiametre:
1384 5836 1442 5974 de
1524 5836 1872 5974 maniere,
1942 5836 2081 5974 qu’õ
2139 5836 2418 5974 pourra
2499 5836 2732 5974 mieux

654 5961 946 6082 donner
1000 5961 1141 6082 une
1184 5961 1401 6082 autre
1455 5961 1779 6082 atteinte
1833 5961 1887 6082 au
1996 5961 2504 6082 mouvement
2580 5961 2742 6082 qu’il

634 6088 776 6215 fera
859 6088 894 6215 en
977 6088 1214 6215 parãt,
1250 6088 1380 6215 ſoit
1451 6088 2055 6215 d’eſtramaçon,
2103 6088 2351 6215 revers
2410 6088 2470 6215 ou
2553 6088 2730 6215 eſto-

649 6215 851 6335 cade,
887 6215 1078 6335 ſelon
1149 6215 1542 6335 l’occaſion
1637 6215 1792 6335 qu’il
1852 6215 2257 6335 donnera;
2352 6215 2638 6335 comme
2697 6215 2733 6335 il

639 6334 783 6465 ſera
855 6334 1144 6465 declaré
1192 6334 1336 6465 aux
1396 6334 1853 6465 operations
1914 6334 2527 6465 ſubſequentes.
2671 6334 2731 6465 Le

633 6456 1058 6591 troiſieſme
1117 6456 1566 6591 advantage
1636 6456 1743 6591 qui
1790 6456 1990 6591 vient
2049 6456 2120 6591 de
2179 6456 2568 6591 cheminer
2639 6456 2734 6591 cõ-

671 6587 744 6715 me
818 6587 903 6715 dit
964 6587 1074 6715 eſt,
1147 6587 1281 6715 ceſt
1342 6587 1562 6715 quAſi
1611 6587 1659 6715 le
1757 6587 2135 6715 Contraire
2184 6587 2245 6715 au
2343 6587 2745 6715 commen-

657 6706 950 6834 cement
1040 6706 1085 6834 du
1187 6706 1695 6834 mouvement
1785 6706 1977 6834 qu’on
2056 6706 2237 6834 fera,
2293 6706 2417 6834 tire
2474 6706 2609 6834 une
2688 6706 2733 6834 e-
