5520 7640
3607 338 3923 496 Cercle
4238 338 4396 496 &S

2926 551 3223 689 Alexandre
3267 551 3498 689 execute
3564 551 3597 689 en
3663 551 3883 689 rigueur
3938 551 4224 689 l’eſtocade
4279 551 4598 689 mentionée
4653 551 4697 689 au
4763 551 5049 689 precedent

3036 692 3222 817 Cercle,
3260 692 3533 817 auviſage
3595 692 3620 817 de
3670 692 3707 817 ſa
3770 692 3969 817 partie.

3381 826 3875 959 LEXANDRE
3958 826 4299 959 execute
4370 826 4476 959 icy
4558 826 4770 959 uſant
4841 826 4911 959 de
4970 826 5053 959 ri-

3365 959 3601 1094 gueur
3649 959 4086 1094 l’eſtocade
4168 959 4676 1094 mentionnée
4723 959 4782 1094 au
4900 959 5054 1094 Cer-

3368 1086 3459 1217 cle
3512 1086 3956 1217 precedent
4073 1086 4112 1217 N.
4152 1086 4256 1217 14,
4348 1086 4348 1217 &
4413 1086 4635 1217 bleſſe
4687 1086 4726 1217 ſa
4792 1086 5040 1217 partie

3355 1209 3415 1343 au
3499 1209 3740 1343 viſage
3812 1209 3872 1343 de
3920 1209 4149 1343 toute
4197 1209 4245 1343 ſa
4305 1209 4546 1343 force,
4618 1209 4943 1343 mettant
4991 1209 5039 1343 le

2882 1337 2930 1470 le
2991 1337 3162 1470 pied
3235 1337 3419 1470 droit
3467 1337 3480 1470 a
3528 1337 3577 1470 la
3626 1337 3858 1470 lettre
3943 1337 3992 1470 V,
4053 1337 4322 1470 tenant
4370 1337 4419 1470 le
4505 1337 4724 1470 corps
4810 1337 4859 1470 en
4956 1337 5042 1470 vi-

2909 1464 3177 1600 gueur;
3238 1464 3530 1600 comme
3579 1464 3676 1600 les
3737 1464 4029 1600 figures
4115 1464 4577 1600 monſtrent.

3588 1669 3918 1835 Cercle
4159 1669 4467 1835 N.16.

2921 1886 3178 2014 Zacharie
3225 1886 3342 2014 pare
3389 1886 3682 2014 l’eſtocade
3728 1886 3986 2014 contenue
4056 1886 4091 2014 au
4185 1886 4348 2014 Cercle
4442 1886 4477 2014 N.
4524 1886 4641 2014 10.
4734 1886 4746 2014 a
4816 1886 4875 2014 ſon
4922 1886 5050 2014 coſté

3027 2009 3175 2138 droit,
3209 2009 3436 2138 ouvrant
3482 2009 3527 2138 un
3584 2009 3732 2138 angle
3789 2009 4005 2138 deſſoubs
4050 2009 4084 2138 le
4118 2009 4266 2138 bras,
4300 2009 4346 2138 ou
4459 2009 4766 2138 Alexandre
4823 2009 4846 2138 ſe
4937 2009 5050 2138 met-

3006 2136 3151 2260 tant,
3196 2136 3275 2260 luy
3331 2136 3466 2260 donne
3522 2136 3656 2260 d’une
3701 2136 3937 2260 eſtocade
4004 2136 4004 2260 à
4049 2136 4094 2260 la
4139 2136 4453 2260 poitrine.

3388 2276 3504 2406 Ecy
3568 2276 3658 2406 eſt
3710 2276 3878 2406 auſſi
3929 2276 4084 2406 une
4135 2276 4561 2406 pourſuite
4625 2276 4677 2406 du
4793 2276 5038 2406 Cercle

3400 2405 3451 2536 N.
3515 2405 3629 2536 10,
3744 2405 4228 2536 ZACHARIE
4292 2405 4470 2536 pare
4534 2405 4648 2536 icy
4737 2405 4750 2536 a
4852 2405 5043 2536 coſté

3369 2528 3554 2661 droit
3641 2528 3974 2661 ouvrant
4048 2528 4110 2661 un
4209 2528 4431 2661 angle
4530 2528 4913 2661 deſſoubs
4987 2528 5036 2661 le

3346 2658 3532 2790 bras,
3569 2658 3619 2790 ſe
3693 2658 4078 2790 couvrant
4128 2658 4178 2790 le
4240 2658 4488 2790 viſage
4551 2658 4613 2790 de
4675 2658 4712 2790 ſa
4799 2658 5047 2790 garde.

2907 2787 2931 2909 A
2993 2787 3486 2909 LEXANDRE
3547 2787 3769 2909 ayant
3855 2787 3991 2909 fait
4065 2787 4126 2909 ce
4225 2787 4336 2909 qui
4422 2787 4496 2909 eſt
4594 2787 4890 2909 declaré
4976 2787 5038 2909 cy

2907 2913 3149 3040 deſſus
3188 2913 3251 3040 au
3353 2913 3596 3040 Cercle
3698 2913 3736 3040 N.
3775 2913 3864 3040 14,
3902 2913 3953 3040 ſe
4042 2913 4361 3040 mettant
4425 2913 4719 3040 dedans
4770 2913 5038 3040 l’angle

2893 3039 3027 3161 que
3088 3039 3124 3161 ſa
3198 3039 3429 3161 partie
3490 3039 3502 3161 a
3576 3039 3880 3161 ouvert,
3929 3039 3978 3161 le
4063 3039 4295 3161 bleſſe
4380 3039 4588 3161 d’une
4673 3039 5039 3161 eſtocade

2893 3166 3072 3288 dans
3119 3166 3167 3288 la
3227 3166 3572 3288 poitrine
3644 3166 3703 3288 de
3763 3166 3989 3288 toute
4037 3166 4085 3288 ſa
4144 3166 4395 3288 force;
4454 3166 4764 3288 comme
4835 3166 4871 3288 il
4931 3166 5050 3288 ap-

2892 3293 3047 3420 pert
3111 3293 3227 3420 par
3279 3293 3369 3420 les
3421 3293 3756 3420 figures.

620 342 797 468 faire
845 342 1082 468 aucun
1188 342 1626 468 mouvemẽt
1674 342 2017 468 (pource
2088 342 2242 468 qu’il
2325 342 2408 468 eſt
2467 342 2751 468 eſtour-

644 471 680 601 di
752 471 800 601 du
872 471 1221 601 premier
1281 471 1534 601 coup)
1606 471 2147 601 ALEXANDRE
2219 471 2280 601 ſe
2328 471 2616 601 tourne
2737 471 2737 601 &

619 595 738 728 luy
810 595 1048 728 donne
1108 595 1167 728 un
1239 595 1477 728 aultre
1549 595 1728 728 coup
1811 595 2359 728 d’eſtramaçon
2479 595 2753 728 derrie-

622 721 685 858 re
736 721 774 858 la
837 721 1088 858 teſte;
1139 721 1441 858 comme
1491 721 1529 858 il
1605 721 1693 858 eſt
1756 721 1982 858 porté
2033 721 2146 858 par
2209 721 2310 858 les
2360 721 2675 858 figures.

1314 1219 1628 1406 Cercle
1879 1219 2193 1406 N4.

639 1451 894 1580 Zacharie
939 1451 1050 1580 pare
1105 1451 1383 1580 l’eſtocade
1427 1451 1516 1580 que
1549 1451 1594 1580 ſa
1638 1451 1815 1580 partie
1860 1451 1926 1580 luy
1971 1451 2159 1580 tireau
2204 1451 2648 1580 commencement
2714 1451 2748 1580 du

739 1583 1084 1697 mouvement,
1115 1583 1307 1697 comme
1348 1583 1378 1697 il
1409 1583 1470 1697 eſt
1500 1583 1713 1697 contenu
1764 1583 2028 1697 auCercle
2119 1583 2150 1697 N.
2190 1583 2292 1697 10,
2342 1583 2454 1697 mais
2495 1583 2657 1697 avant
2697 1583 2738 1697 la

720 1703 772 1834 fin
846 1703 877 1834 du
951 1703 1297 1834 mouvement,
1371 1703 1675 1834 Alexandre
1717 1703 1780 1834 luy
1854 1703 1927 1834 met
1969 1703 2001 1834 la
2043 1703 2211 1834 pointe
2274 1703 2452 1834 devant
2515 1703 2546 1834 la
2599 1703 2746 1834 veue.

1115 1844 1238 1968 Ecy
1324 1844 1411 1968 eſt
1460 1844 1497 1968 la
1596 1844 1990 1968 pourſuite
2089 1844 2188 1968 des
2286 1844 2743 1968 operations

1093 1973 1541 2072 contenues
1598 1973 1655 2072 au
1782 1973 2022 2072 Cercle
2137 1973 2172 2072 N.
2229 1973 2344 2072 10,
2435 1973 2493 2072 ou
2630 1973 2630 2072 Z
2699 1973 2745 2072 A-

1112 2094 1430 2218 CHARIE
1491 2094 1662 2218 pare
1699 2094 1980 2218 l’eſpee
2065 2094 2126 2218 de
2199 2094 2297 2218 ſon
2419 2094 2761 2218 Contrai-

1083 2218 1178 2325 re,
1220 2218 1263 2325 au
1347 2218 2066 2325 commencement
2140 2218 2193 2325 du
2288 2218 2742 2325 mouvemẽt

621 2345 782 2474 qu’il
832 2345 844 2474 a
906 2345 1030 2474 fait
1079 2345 1203 2474 luy
1253 2345 1489 2474 tirant
1551 2345 1972 2474 l’eſtocade
2046 2345 2096 2474 au
2195 2345 2493 2474 viſage:
2592 2345 2740 2474 mais

601 2472 826 2593 avant
893 2472 1017 2593 que
1096 2472 1152 2593 ce
1231 2472 1749 2593 mouvement
1794 2472 1929 2593 ſoit
1974 2472 2131 2593 fini,
2210 2472 2739 2593 ALEXANDRE

640 2590 826 2722 mene
919 2590 965 2722 en
1070 2590 1675 2722 circonference
1744 2590 1849 2722 ſon
1954 2590 2163 2722 eſpee
2233 2590 2349 2722 par
2442 2590 2733 2722 deſſous

614 2721 796 2846 celle
856 2721 917 2846 de
978 2721 1014 2846 ſa
1075 2721 1365 2846 partie,
1426 2721 1474 2846 ſe
1559 2721 1874 2846 mettant
1935 2721 1983 2846 le
2056 2721 2262 2846 corps
2334 2721 2383 2846 en
2468 2721 2746 2846 l’angle

625 2847 777 2974 qu’il
823 2847 835 2974 a
905 2847 1208 2974 ouvert,
1301 2847 1313 2974 &
1360 2847 1488 2974 luy
1569 2847 1686 2974 met
1733 2847 1779 2974 ſa
1849 2847 2117 2974 pointe
2187 2847 2467 2974 devant
2537 2847 2584 2974 le
2654 2847 2735 2974 vi-

598 2971 764 3095 ſage
811 2971 1025 3095 uſant
1096 2971 1156 3095 de
1227 2971 1701 3095 courtoiſie,
1773 2971 2045 3095 tenant
2105 2971 2164 3095 le
2247 2971 2461 3095 corps
2544 2971 2734 3095 droit

601 3095 1590 3223 perpendiculairement,
1626 3095 1919 3223 paſſant
1980 3095 2151 3223 avec
2200 3095 2261 3223 le
2310 3095 2481 3223 pied
2554 3095 2737 3223 droit

590 3222 649 3351 le
732 3222 1098 3351 Diametre
1157 3222 1583 3351 perpẽdicu
1642 3222 1843 3351 laire,
1890 3222 2115 3351 ayant
2162 3222 2198 3351 la
2257 3222 2494 3351 lettre
2576 3222 2742 3351 Len-

596 3345 692 3474 tre
752 3345 848 3474 les
932 3345 1112 3474 deux
1172 3345 1425 3474 pieds;
1485 3345 1785 3474 comme
1857 3345 1905 3474 ſa
1954 3345 2206 3474 figure
2290 3345 2651 3474 monſtre.

1587 3552 1734 3784 Eut
1838 3552 2068 3784 eſtre
2172 3552 2360 3784 que
2443 3552 2882 3784 quelcun
3007 3552 3403 3784 voyant
3487 3552 3612 3784 les
3675 3552 4071 3784 figures
4217 3552 4217 3784 &
4343 3552 5073 3784 deſcriptions

1526 3770 1570 3916 de
1686 3770 1933 3916 Cercle
2078 3770 2179 3916 N.1,
2252 3770 2542 3916 duquel
2600 3770 2745 3916 ſort
2803 3770 2847 3916 le
2905 3770 3094 3916 reſte
3166 3770 3268 3916 des
3326 3770 3819 3916 operations
3878 3770 3936 3916 de
4008 3770 4066 3916 ce
4153 3770 4531 3916 Tableau,
4574 3770 4676 3916 les
4734 3770 5010 3916 eſtime

1492 3914 1532 4060 ra
1611 3914 2164 4060 entierement
2217 3914 2573 4060 inutiles,
2612 3914 2915 4060 pource
2994 3914 3614 4060 qu’Alexandre
3666 3914 4140 4060 aprochant
4193 3914 4233 4060 ſa
4299 3914 4549 4060 partie
4602 3914 4667 4060 va
4720 3914 5036 4060 planter

1491 4057 1582 4202 les
1648 4057 1831 4202 deux
1909 4057 2118 4202 pieds
2170 4057 2170 4202 a
2236 4057 2458 4202 terre,
2563 4057 2563 4202 &
2628 4057 3242 4202 commençant
3294 4057 3307 4202 à
3360 4057 3752 4202 travailler
3804 4057 4052 4202 releve
4105 4057 4157 4202 le
4235 4057 4418 4202 droit
4497 4057 4693 4202 pour
4758 4057 4810 4202 le
4863 4057 5033 4202 por-

1498 4194 1600 4341 ter
1672 4194 1730 4341 ou
1788 4194 1832 4341 la
1919 4194 2383 4341 deſcription
2500 4194 2717 4341 dudit
2819 4194 3066 4341 Cercle
3138 4194 3559 4341 enſeigne,
3617 4194 3675 4341 ce
3748 4194 3879 4341 que
3937 4194 4212 4341 faiſant
4256 4194 4299 4341 il
4387 4194 4648 4341 donne
4720 4194 4895 4341 aſſes
4982 4194 5040 4341 de

1499 4337 1768 4485 temps
1825 4337 1825 4485 à
1895 4337 1938 4485 ſa
1994 4337 2249 4485 partie
2305 4337 2489 4485 pour
2560 4337 2914 4485 changer
2956 4337 2999 4485 ſa
3083 4337 3437 4485 poſture,
3550 4337 3550 4485 &
3621 4337 3663 4485 la
3734 4337 4116 4485 ſituation
4229 4337 4286 4485 de
4357 4337 4456 4485 ſon
4569 4337 4866 4485 eſpee,
4979 4337 5036 4485 de

594 4477 794 4633 ſorte
874 4477 1021 4633 qu’il
1075 4477 1155 4633 ne
1208 4477 1582 4633 trouvera
1635 4477 1755 4633 pas
1795 4477 2249 4633 l’occaſion,
2303 4477 2489 4633 pour
2543 4477 2943 4633 travailler
2983 4477 3170 4633 ſelon
3237 4477 3530 4633 l’ordre
3597 4477 3664 4633 de
3717 4477 3851 4633 nos
3904 4477 4545 4633 enſeignemens
4611 4477 5038 4633 contenue

603 4621 659 4771 au
786 4621 1025 4771 Cercle
1081 4621 1377 4771 ſuſdit.
1546 4621 1715 4771 Pour
1771 4621 2137 4771 ſatisfaire
2194 4621 2208 4771 a
2278 4621 2461 4771 ceſte
2531 4621 2926 4771 objeion
3010 4621 3207 4771 nous
3263 4621 3812 4771 reſpondons,
3869 4621 4009 4771 que
4052 4621 4094 4771 la
4164 4621 4418 4771 figure
4474 4621 4573 4771 ny
4615 4621 4713 4771 les
4770 4621 5051 4771 opera-

606 4762 820 4907 tions
888 4762 1277 4907 deſcrites,
1344 4762 1424 4907 ne
1478 4762 1639 4907 ſont
1706 4762 1814 4907 pas
1867 4762 2055 4907 ainſi
2096 4762 2324 4907 faites
2378 4762 2566 4907 pour
2619 4762 2740 4907 s’en
2821 4762 3035 4907 ſervir
3089 4762 3586 4907 preciſemẽt
3666 4762 3720 4907 en
3787 4762 4311 4907 pratiquant:
4378 4762 4472 4907 car
4539 4762 4593 4907 en
4660 4762 4874 4907 icelle
4955 4762 5009 4907 on

610 4901 691 5050 ne
773 4901 1126 5050 mettroit
1181 4901 1290 5050 pas
1344 4901 1385 5050 le
1453 4901 1630 5050 pied
1698 4901 1888 5050 droit
1929 4901 1942 5050 à
1997 4901 2228 5050 terre,
2296 4901 2446 5050 mais
2514 4901 2758 5050 eſtant
2813 4901 3058 5050 venuà
3126 4901 3561 5050 lInſtance
3642 4901 4064 5050 depeinte,
4186 4901 4200 5050 &
4241 4901 4486 5050 ayant
4554 4901 4690 5050 fait
4758 4901 4880 5050 (en
4975 4901 5030 5050 a-

616 5044 963 5198 vançant
1003 5044 1575 5198 l’entement)
1655 5044 1975 5198 comme
2028 5044 2468 5198 unepetite
2535 5044 2788 5198 pauſe,
2854 5044 2908 5198 on
2987 5044 3520 5198 travailleroit
3587 5044 3640 5198 au
3720 5044 3907 5198 reſte
3973 5044 4160 5198 ſelon
4240 5044 4373 5198 nos
4466 5044 5039 5198 deſcriptions.

676 5181 866 5339 Cecy
924 5181 1012 5339 eſt
1085 5181 1275 5339 donc
1348 5181 1509 5339 fait,
1582 5181 1698 5339 afin
1786 5181 1918 5339 que
1976 5181 2239 5339 noſtre
2341 5181 2648 5339 diſciple
2706 5181 2940 5339 puiſſe
2999 5181 3159 5339 plus
3232 5181 3743 5339 facillement
3831 5181 4386 5339 comprandre
4474 5181 4576 5339 les
4635 5181 5044 5339 premiers

649 5328 1182 5470 mouvemẽts,
1237 5328 1578 5470 leſquels
1619 5328 1647 5470 il
1715 5328 2166 5470 cognoiſtra
2262 5328 2494 5470 mieux
2563 5328 2604 5470 en
2699 5328 2877 5470 ceſte
2932 5328 3219 5470 façon,
3287 5328 3410 5470 que
3465 5328 3506 5470 ſi
3561 5328 3615 5470 on
3684 5328 3820 5470 luy
3875 5328 4135 5470 faiſoit
4190 5328 4531 5470 avancer
4586 5328 4764 5470 tout
4859 5328 4996 5470 d’un

608 5467 787 5625 train
856 5467 911 5625 le
980 5467 1227 5625 corps,
1337 5467 1337 5625 &
1392 5467 1777 5625 travailler
1860 5467 2190 5625 comme
2231 5467 2272 5625 il
2341 5467 2423 5625 eſt
2478 5467 2740 5625 requis
2822 5467 2877 5625 en
2946 5467 2987 5625 la
3056 5467 3496 5625 pratique:
3592 5467 3771 5625 voila
3853 5467 3895 5625 la
3963 5467 4197 5625 raiſon
4293 5467 4761 5625 pourquoy
4830 5467 5036 5625 nous

609 5605 901 5748 l’avons
943 5605 1137 5748 ainſi
1179 5605 1332 5748 fait,
1388 5605 1443 5748 ce
1513 5605 1624 5748 qui
1693 5605 1902 5748 doibt
1958 5605 1958 5748 à
2069 5605 2194 5748 mon
2263 5605 2486 5748 advis
2528 5605 2820 5748 ſuffire.
