5520 7640
1275 4011 1583 4194 Cercle
1891 4011 2014 4194 j.

609 4224 863 4341 Zacharie
923 4224 1140 4341 s’eſtant
1201 4224 1261 4341 mis
1309 4224 1346 4341 en
1394 4224 1623 4341 poſture,
1684 4224 1913 4341 preſente
1961 4224 2142 4341 l’eſpee
2191 4224 2191 4341 à
2239 4224 2275 4341 ſa
2324 4224 2505 4341 partie
2577 4224 2686 4341 d’un

688 4348 797 4465 bras
852 4348 1038 4465 abaiſſé
1081 4348 1114 4465 en
1169 4348 1311 4465 angle
1365 4348 1507 4465 aigu,
1562 4348 1606 4465 la
1682 4348 1791 4465 main
1835 4348 2043 4465 tournée
2097 4348 2130 4465 en
2196 4348 2403 4465 debors,
2480 4348 2512 4465 de
2567 4348 2698 4465 ſorte

700 4459 779 4593 que
823 4459 846 4593 le
890 4459 1002 4593 bras
1091 4459 1091 4593 &
1158 4459 1348 4593 l’eſpee
1392 4459 1493 4593 font
1537 4459 1615 4593 une
1660 4459 1794 4593 ligne
1839 4459 2051 4593 courve.
2173 4459 2475 4593 Alexandre
2531 4459 2609 4593 met
2642 4459 2687 4593 ſa

693 4593 820 4719 lame
878 4593 1098 4719 deſſoubs
1144 4593 1260 4719 celle
1318 4593 1352 4719 de
1387 4593 1433 4719 ſa
1479 4593 1653 4719 partie
1722 4593 1815 4719 d’un
1872 4593 1988 4719 bras
2023 4593 2219 4719 eſtendu
2266 4593 2300 4719 en
2358 4593 2497 4719 angle
2555 4593 2693 4719 aigu,

691 4710 802 4836 puis
846 4710 1134 4836 aprochant
1178 4710 1212 4836 la
1267 4710 1389 4836 lame
1444 4710 1478 4836 de
1522 4710 1566 4836 ſa
1633 4710 1799 4836 partie
1899 4710 1899 4836 &
1943 4710 2176 4836 eſevant
2231 4710 2264 4836 la
2320 4710 2475 4836 ſienne
2519 4710 2685 4836 circu-

690 4834 1005 4964 lairement,
1048 4834 1081 4964 il
1113 4834 1374 4964 l’acouple
1428 4834 1428 4964 à
1493 4834 1624 4964 icelle
1678 4834 1711 4964 en
1765 4834 1906 4964 poids
1960 4834 2178 4964 moderé.

1068 4973 1459 5105 ACHARIE
1530 4973 1838 5105 s’eſtant
1921 4973 2027 5105 mis
2098 4973 2146 5105 en
2228 4973 2536 5105 poſture
2595 4973 2702 5105 les

1058 5103 1318 5235 orteils
1393 5103 1442 5235 du
1504 5103 1678 5235 pied
1764 5103 1950 5235 droit
2000 5103 2012 5235 à
2062 5103 2099 5235 la
2149 5103 2372 5235 lettre
2496 5103 2533 5235 X,
2607 5103 2707 5235 te-

1045 5223 1221 5360 nant
1272 5223 1322 5360 le
1385 5223 1624 5360 genou
1687 5223 1863 5360 ploy
1938 5223 1963 5360 é,
2026 5223 2076 5360 le
2152 5223 2315 5360 pied
2403 5223 2693 5360 gauche

1042 5346 1113 5481 un
1196 5346 1315 5481 pas
1398 5346 1445 5481 en
1528 5346 1813 5481 arriere
1884 5346 2062 5481 hors
2121 5346 2180 5481 du
2287 5346 2584 5481 Cercle,
2643 5346 2702 5481 le

581 5473 750 5604 bras
798 5473 870 5604 un
943 5473 1063 5604 peu
1136 5473 1401 5604 abaiſſé
1461 5473 1521 5604 en
1594 5473 1811 5604 angle
1859 5473 2064 5604 aigu,
2088 5473 2137 5604 la
2233 5473 2378 5604 main
2462 5473 2510 5604 en
2595 5473 2703 5604 de-

573 5599 753 5730 hors
798 5599 1136 5730 tournée
1204 5599 1249 5730 en
1316 5599 1553 5730 ſorte,
1609 5599 1733 5730 que
1778 5599 1823 5730 la
1879 5599 2228 5730 branche
2307 5599 2701 5730 exterieu-

580 5726 640 5852 re
736 5726 796 5852 de
868 5726 904 5852 la
1000 5726 1216 5852 garde
1324 5726 1324 5852 &
1372 5726 1420 5852 la
1492 5726 1756 5852 pointe
1841 5726 1901 5852 de
1973 5726 2237 5852 l’eſpee
2321 5726 2693 5852 viennent

593 5843 641 5984 en
713 5843 929 5984 haut,
977 5843 1242 5984 faiſant
1290 5843 1338 5984 le
1386 5843 1554 5984 bras
1650 5843 1662 5984 &
1710 5843 1987 5984 l’eſpee
2035 5843 2179 5984 une
2227 5843 2431 5984 ligne
2492 5843 2696 5984 cour-

587 5969 656 6102 ve
724 5969 770 6102 en
861 5969 1169 6102 dedans;
1238 5969 1535 6102 comme
1581 5969 1615 6102 il
1672 5969 1718 6102 ſe
1775 5969 1923 6102 voit
1992 5969 2037 6102 en
2106 5969 2209 6102 ſon
2277 5969 2700 6102 pourtrait,

573 6093 608 6205 il
656 6093 928 6205 attend
987 6093 1165 6205 ainſi
1224 6093 1319 6205 ſon
1449 6093 1863 6205 Contraire.
1994 6093 2526 6205 ALEXANDRE
2586 6093 2692 6205 ſur

597 6217 738 6357 cela
789 6217 1045 6357 plante
1096 6217 1147 6357 le
1198 6217 1377 6357 pied
1441 6217 1633 6357 droit
1697 6217 1940 6357 deſſus
2004 6217 2055 6357 le
2183 6217 2503 6357 Quadrat
2579 6217 2694 6357 cir-

591 6338 1017 6480 conſcript,
1112 6338 1431 6480 mettant
1479 6338 1573 6480 ſon
1656 6338 1869 6480 eſpee
1928 6338 2058 6480 d’un
2141 6338 2307 6480 bras
2366 6338 2661 6480 eſtendu

598 6472 649 6605 en
724 6472 938 6605 angle
989 6472 1140 6605 aigu
1228 6472 1594 6605 deſſoubs
1657 6472 1821 6605 celle
1896 6472 1959 6605 de
2022 6472 2060 6605 ſa
2136 6472 2413 6605 partie,
2539 6472 2539 6605 &
2589 6472 2703 6605 s’a-

590 6592 924 6731 vançant
995 6592 1043 6731 du
1114 6592 1281 6731 pied
1353 6592 1698 6731 gauche,
1758 6592 1782 6731 il
1853 6592 2187 6731 aproche
2282 6592 2330 6731 en
2425 6592 2687 6731 meſme

583 6719 845 6853 temps
893 6719 929 6853 la
1000 6719 1191 6853 lame
1262 6719 1322 6853 de
1381 6719 1417 6853 ſa
1476 6719 1750 6853 partie,
1798 6719 2179 6853 l’eſlevant
2263 6719 2691 6853 circulaire-

4803 6631 4949 6719 Cer-

2877 3985 3052 4137 ment
3133 3985 3203 4137 de
3261 3985 3390 4137 bas
3471 3985 3518 4137 en
3599 3985 3774 4137 haut
3844 3985 3891 4137 en
3996 3985 4264 4137 dehors
4357 3985 4404 4137 du
4497 3985 4707 4137 bras;
4777 3985 4940 4137 puis

2844 4129 3192 4261 plantant
3242 4129 3292 4261 le
3354 4129 3515 4261 pied
3578 4129 3802 4261 eſlevé
3864 4129 3963 4261 ſur
4013 4129 4050 4261 la
4100 4129 4299 4261 ligne
4399 4129 4411 4261 E
4523 4129 4560 4261 G.
4622 4129 4734 4261 par
4797 4129 4921 4261 delà

2840 4251 2889 4377 le
2988 4251 3385 4377 Diametre,
3447 4251 3485 4377 il
3572 4251 3683 4377 met
3733 4251 3782 4377 le
3907 4251 3944 4377 N.
4018 4251 4055 4377 8.
4117 4251 4180 4377 de
4229 4251 4266 4377 ſa
4316 4251 4515 4377 lame
4564 4251 4626 4377 au
4775 4251 4812 4377 N.
4887 4251 4936 4377 4.

2859 4376 2916 4502 de
2997 4376 3171 4502 celle
3241 4376 3298 4502 de
3356 4376 3403 4502 ſa
3460 4376 3692 4502 partie
3761 4376 3808 4502 en
3877 4376 4097 4502 poids
4178 4376 4514 4502 moderé,
4572 4376 4838 4502 tenant
4873 4376 4930 4502 le

2834 4497 3022 4628 talon
3105 4497 3281 4628 droit
3351 4497 3645 4628 comme
3704 4497 3739 4628 ſa
3798 4497 4033 4628 figure
4115 4497 4456 4628 monſtre.

3526 4681 3836 4888 Cercle
4079 4681 4366 4888 N.2.

2871 4918 3163 5055 Alexandre
3208 4918 3422 5055 entrant
3479 4918 3513 5055 du
3569 4918 3682 5055 pied
3727 4918 3873 5055 droit,
3918 4918 4211 5055 aſſujettiſt
4267 4918 4301 5055 en
4369 4918 4538 5055 debors
4605 4918 4639 5055 la
4706 4918 4830 5055 lame
4898 4918 4932 5055 de

2953 5041 3023 5173 ſon
3093 5041 3384 5173 Contraire;
3419 5041 3524 5173 puis
3571 5041 3920 5173 pourſuivant
3955 5041 3990 5173 il
4025 5041 4048 5173 le
4095 5041 4235 5173 bleſſe
4305 5041 4456 5173 d’une
4503 5041 4736 5173 eſtocade
4782 5041 4782 5173 à
4829 5041 4945 5173 tra-

2963 5177 3074 5289 vers
3107 5177 3141 5289 la
3185 5177 3396 5289 teſte.

3313 5328 3336 5458 A
3404 5328 3726 5458 CHARIE
3794 5328 4219 5458 attendant
4287 5328 4746 5458 l’operation
4861 5328 4906 5458 du

3328 5453 3570 5561 Cercle
3680 5453 3728 5561 N.
3777 5453 3801 5561 1.
3898 5453 3910 5561 A
3995 5453 4529 5561 LEXANDRE
4602 5453 4796 5561 entre
4869 5453 4917 5561 du

3292 5575 3471 5705 pied
3535 5575 3753 5705 droit,
3855 5575 3855 5705 &
3906 5575 4316 5705 aſſujettiſt
4380 5575 4431 5705 en
4521 5575 4790 5705 dehors
4867 5575 4918 5705 du

3292 5694 3455 5829 bras
3492 5694 3755 5829 l’eſpee
3830 5694 3892 5829 de
3930 5694 3967 5829 ſa
4030 5694 4292 5829 partie;
4330 5694 4480 5829 puis
4530 5694 4930 5829 penchant

2848 5821 2893 5954 en
2984 5821 3212 5954 avant
3337 5821 3337 5954 &
3405 5821 3848 5954 aprochant
3905 5821 3951 5954 le
4030 5821 4235 5954 corps
4303 5821 4360 5954 au
4462 5821 4769 5954 coude,
4872 5821 4917 5954 en

2851 5941 3230 6088 graduant
3280 5941 3369 6088 les
3445 5941 3697 6088 eſpees
3735 5941 3773 6088 il
3823 5941 4038 6088 bleſſe
4101 5941 4139 6088 ſa
4189 5941 4429 6088 partie
4492 5941 4694 6088 d’une
4757 5941 4934 6088 eſto-

2851 6067 3019 6191 cade
3091 6067 3103 6191 à
3163 6067 3464 6191 travers
3524 6067 3572 6191 la
3644 6067 3860 6191 teſte,
3933 6067 4281 6191 plantant
4341 6067 4389 6191 le
4461 6067 4642 6191 pied
4702 6067 4930 6191 eſlevé

2837 6194 2959 6334 par
3020 6194 3166 6334 dela
3227 6194 3276 6334 le
3373 6194 3738 6334 Diametre
3787 6194 3799 6334 à
3848 6194 3884 6334 la
3933 6194 4165 6334 lettre
4250 6194 4298 6334 S.
4359 6194 4615 6334 l’autre
4688 6194 4737 6334 le
4810 6194 4932 6334 ſui-

2843 6320 3035 6447 vant;
3107 6320 3395 6447 comme
3444 6320 3480 6447 il
3540 6320 3804 6447 appert
3852 6320 3984 6447 aux
4032 6320 4357 6447 figures.

1620 1738 1620 1958 N
1704 1738 1768 1958 la
1915 1738 2210 1958 Table
2273 1738 2968 1958 precedente,
3095 1738 3558 1958 Zacharie
3663 1738 4253 1958 chengeant
4358 1738 4443 1958 de
4527 1738 4969 1958 poſture,

1472 1946 1472 2095 a
1578 1946 1828 2095 donné
1920 1946 2262 2095 occaſion
2354 1946 2354 2095 a
2472 1946 2907 2095 Alexandre
2986 1946 3051 2095 de
3130 1946 3472 2095 chenger
3538 1946 3709 2095 auſſi
3801 1946 4341 2095 d’operation,
4407 1946 4591 2095 pour
4657 1946 4736 2095 ne
4802 1946 4933 2095 luy

1473 2088 1930 2233 permettre
2009 2088 2518 2233 l’advantage
2623 2088 2780 2233 qu’il
2845 2088 3315 2233 pretendoit
3394 2088 3551 2233 tirer
3642 2088 3708 2233 de
3799 2088 3995 2233 ceſte
4113 2088 4518 2233 mutation.
4648 2088 4936 2233 Venant

1504 2225 1681 2371 donc
1735 2225 1844 2371 icy
1912 2225 1926 2371 a
1994 2225 2376 2371 l’encõtre
2457 2225 2512 2371 de
2566 2225 2607 2371 ſa
2662 2225 2934 2371 partie,
3029 2225 3384 2371 Zacharie
3438 2225 3506 2371 ne
3561 2225 3710 2371 s’eſt
3765 2225 3887 2371 pas
3942 2225 4296 2371 preſenté
4378 2225 4555 2371 droit
4609 2225 4950 2371 perpen-

1496 2360 2110 2511 diculairement
2174 2360 2494 2511 comme
2545 2360 2673 2511 aux
2750 2360 3133 2511 Tableaux
3184 2360 3696 2511 precedents,
3734 2360 3824 2511 ny
3901 2360 3977 2511 n’a
4041 2360 4156 2511 pas
4208 2360 4489 2511 avancé
4553 2360 4655 2511 ſon
4732 2360 4937 2511 eſpee

1486 2499 1527 2649 en
1636 2499 1881 2649 droite
1949 2499 2180 2649 ligne,
2261 2499 2425 2649 mais
2493 2499 2547 2649 en
2615 2499 2955 2649 ployant
3009 2499 3050 2649 le
3132 2499 3363 2649 genou
3431 2499 3472 2649 il
3526 2499 3567 2649 la
3622 2499 3989 2649 preſente
4057 2499 4111 2649 en
4220 2499 4546 2649 courbe,
4601 2499 4642 2649 la
4723 2499 4941 2649 garde

588 2629 788 2784 baſſe
908 2629 908 2784 &
975 2629 1015 2784 la
1095 2629 1389 2784 pointe
1455 2629 1509 2784 en
1602 2629 1842 2784 haut;
1909 2629 2229 2784 comme
2309 2629 2442 2784 cela
2522 2629 2683 2784 s’eſt
2736 2629 2856 2784 peu
2949 2629 3096 2784 voir
3163 2629 3430 2784 audit
3523 2629 3896 2784 Tableau.
3963 2629 4003 2784 en
4110 2629 4537 2784 c’eſtuy-cy
4630 2629 4937 2784 encores

613 2774 774 2924 qu’il
828 2774 908 2924 ne
975 2774 1419 2924 s’eſſongne
1499 2774 1755 2924 gueres
1849 2774 1902 2924 de
1970 2774 2010 2924 la
2117 2774 2386 2924 meſme
2453 2774 2776 2924 poſture
2870 2774 3018 2924 qu’il
3085 2774 3340 2924 tenoit
3407 2774 3474 2924 au
3555 2774 4039 2924 precedent,
4106 2774 4187 2924 ny
4267 2774 4724 2924 changeant
4818 2774 4939 2924 que

583 2913 622 3061 la
726 2913 869 3061 main
973 2913 1142 3061 qu’il
1194 2913 1389 3061 tient
1441 2913 1610 3061 plus
1662 2913 1714 3061 en
1805 2913 2078 3061 dehors
2182 2913 2182 3061 &
2234 2913 2273 3061 ſa
2351 2913 2624 3061 pointe
2689 2913 2845 3061 plus
2897 2913 2949 3061 en
3040 2913 3352 3061 dedans,
3404 2913 3937 3061 neantmoins
4002 2913 4054 3061 ce
4119 2913 4301 3061 petit
4379 2913 4938 3061 changement

584 3051 960 3199 produira
1054 3051 1148 3199 des
1202 3051 1511 3199 aions
1565 3051 1995 3199 beaucoup
2076 3051 2694 3199 diſſemblables:
2775 3051 2869 3199 car
2950 3051 3057 3199 qui
3124 3051 3138 3199 y
3205 3051 3595 3199 voudroit
3662 3051 4065 3199 pratiquer
4132 3051 4213 3199 les
4280 3051 4751 3199 operations
4791 3051 4952 3199 pre-

596 3190 985 3338 cedentes
1049 3190 1101 3338 ſe
1166 3190 1671 3338 tromperoit
1761 3190 2344 3338 grandement,
2383 3190 2461 3338 ne
2512 3190 2564 3338 le
2629 3190 2991 3338 pouvant
3056 3190 3224 3338 faire
3276 3190 3432 3338 ſans
3496 3190 3729 3338 grand
3781 3190 4079 3338 haſard;
4131 3190 4454 3338 encores
4532 3190 4649 3338 que
4726 3190 4933 3338 celles

613 3328 667 3476 de
748 3328 962 3476 celuy
1056 3328 1124 3476 cy
1177 3328 1231 3476 ſe
1312 3328 1835 3476 pourroyent
1902 3328 2318 3476 pratiquer
2385 3328 2654 3476 contre
2734 3328 2936 3476 celles
3016 3328 3070 3476 de
3110 3328 3419 3476 l’autre.
3567 3328 3620 3476 On
3701 3328 3929 3476 ſuivra
4023 3328 4211 3476 donc
4292 3328 4386 3476 ſur
4466 3328 4520 3476 ce
4614 3328 4936 3476 change-

614 3464 814 3615 ment
877 3464 964 3615 les
1040 3464 1678 3615 enſeignemens
1741 3464 2192 3615 contenues
2267 3464 2317 3615 en
2417 3464 2480 3615 ce
2568 3464 2931 3615 Tableau,
2981 3464 3169 3615 pour
3244 3464 3407 3615 avec
3494 3464 3720 3615 toute
3782 3464 4083 3615 ſeureté
4146 3464 4283 3615 non
4371 3464 4822 3615 ſeulement
4885 3464 4935 3615 ſe

611 3605 1068 3749 deffendre,
1162 3605 1309 3749 mais
1363 3605 1551 3749 auſſi
1604 3605 1846 3749 vincre
1913 3605 2020 3749 ſon
2128 3605 2611 3749 Adverſaire;
2691 3605 3013 3749 comme
3094 3605 3536 3749 Alexandre
3603 3605 3778 3749 vous
3832 3605 4274 3749 apprendra
4355 3605 4449 3749 ſur
4516 3605 4784 3749 toutes
4851 3605 4932 3749 les

588 3743 1009 3892 occaſions
1077 3743 1430 3892 données
1497 3743 1606 3892 par
1674 3743 1715 3892 ſa
1796 3743 2027 3892 partie
2095 3743 2149 3892 en
2231 3743 2543 3892 chaſcun
2679 3743 2950 3892 Cercle.

1155 1339 2556 1488 DECLARATION
2809 1339 3062 1488 DES
3315 1339 4502 1488 OPERATIONS

1554 1523 1655 1661 DV
1829 1523 2379 1661 TABLEAV
2553 1523 2885 1661 VINGT
3030 1523 3117 1661 ET
3262 1523 4058 1661 CINCQVIEME.
