5520 7640
3538 309 3855 484 Cercle
4059 309 4353 484 N.5.

2850 508 3142 648 Alexandre
3185 508 3423 648 pourſuit
3467 508 3499 648 la
3553 508 3867 648 precedente
3910 508 4213 648 operation,
4278 508 4505 648 mettant
4549 508 4581 648 le
4624 508 4765 648 corps
4841 508 4960 648 dans

2935 638 3135 779 l’ngle
3185 638 3398 779 ouvert,
3448 638 3848 779 aſſujettiſſant
3898 638 3935 779 la
3973 638 4098 779 lame
4161 638 4198 779 de
4236 638 4273 779 ſa
4323 638 4598 779 partie.

3300 772 3313 922 E
3424 772 3672 922 Cercle
3746 772 4106 922 contient
4193 772 4230 922 la
4316 772 4725 922 pourſuite
4837 772 4948 922 des

3286 918 3748 1057 operations
3808 918 3857 1057 du
3978 918 4221 1057 Cercle
4331 918 4367 1057 N.
4428 918 4476 1057 4.
4561 918 4962 1057 ALEXAN-

3297 1044 3429 1179 DRE
3501 1044 4017 1179 pourſuivant
4113 1044 4161 1179 du
4257 1044 4425 1179 pied
4508 1044 4736 1179 droit,
4844 1044 4844 1179 &
4892 1044 4952 1179 a-

3284 1170 3613 1304 vançant
3707 1170 4176 1304 egallement
4247 1170 4294 1304 le
4376 1170 4646 1304 corps,
4728 1170 4963 1304 tranſ-

2812 1295 3040 1432 porte
3124 1295 3172 1432 en
3268 1295 3569 1432 dedans
3653 1295 3701 1432 du
3797 1295 3953 1432 bras
4025 1295 4061 1432 la
4133 1295 4326 1432 lame
4422 1295 4482 1432 de
4542 1295 4590 1432 ſa
4662 1295 4950 1432 partie;

2815 1418 2978 1558 puis
3040 1418 3390 1558 plantant
3440 1418 3491 1558 le
3553 1418 3728 1558 pied
3778 1418 4016 1558 eſlevé
4066 1418 4179 1558 par
4254 1418 4379 1558 delà
4429 1418 4479 1558 le
4579 1418 4954 1558 Diametre

2841 1543 3110 1686 devant
3159 1543 3195 1686 la
3257 1543 3452 1686 ligne
3538 1543 3538 1686 I
3660 1543 3709 1686 N;
3807 1543 4124 1686 mettant
4173 1543 4222 1686 le
4295 1543 4515 1686 corps
4577 1543 4748 1686 dans
4797 1543 4968 1686 l’an-

2831 1668 2973 1812 gle,
3025 1668 3361 1812 ployant
3426 1668 3478 1812 le
3543 1668 3775 1812 genou
3905 1668 3918 1812 &
3969 1668 4383 1812 penchant
4435 1668 4539 1812 ſur
4590 1668 4849 1812 iceluy
4901 1668 4965 1812 le

2827 1796 3093 1936 corps,
3178 1796 3226 1936 en
3311 1796 3649 1936 trainant
3685 1796 3746 1936 le
3794 1796 3975 1936 pied
4036 1796 4374 1936 gauche,
4435 1796 4471 1936 il
4519 1796 4713 1936 tient
4773 1796 4955 1936 aſſu-

2818 1920 3071 2061 jettila
3119 1920 3311 2061 lame
3383 1920 3444 2061 de
3516 1920 3564 2061 ſa
3624 1920 3913 2061 partie;
3985 1920 4046 2061 en
4106 1920 4154 2061 la
4250 1920 4563 2061 maniere
4659 1920 4792 2061 que
4852 1920 4960 2061 les

2818 2052 3118 2181 figures
3168 2052 3767 2181 repreſentent.

3542 2247 3858 2414 Cercle
4084 2247 4355 2414 N.6.

2859 2441 3107 2586 Zacharie
3169 2441 3479 2586 amoindriſt
3516 2441 3578 2586 ſon
3628 2441 3777 2586 poids
3814 2441 3851 2586 en
3901 2441 4062 2586 ſorte,
4124 2441 4199 2586 que
4248 2441 4310 2586 ſon
4360 2441 4496 2586 eſpee
4533 2441 4595 2586 eſt
4645 2441 4757 2586 ſans
4806 2441 4968 2586 force,

2966 2574 3147 2712 dequoy
3237 2574 3531 2712 Alexandre
3576 2574 3983 2712 s’aperçevant,
4017 2574 4040 2712 il
4085 2574 4107 2712 le
4164 2574 4300 2712 bleſe
4356 2574 4503 2712 d’une
4548 2574 4786 2712 eſtocade
4831 2574 4966 2712 tirée

2938 2712 2982 2826 en
3027 2712 3160 2826 ligne
3215 2712 3371 2826 droite
3415 2712 3459 2826 au
3515 2712 3714 2826 viſage,
3770 2712 3870 2826 puis
3914 2712 4280 2826 pourſuivant
4324 2712 4424 2826 plus
4469 2712 4613 2826 outre
4668 2712 4701 2826 il
4746 2712 4779 2826 le
4823 2712 4957 2826 perce

2950 2829 2950 2952 à
2994 2829 3216 2952 travers
3260 2829 3294 2952 la
3338 2829 3549 2952 teſte.

3318 2987 3513 3106 Eſtuy
3586 2987 3939 3106 contient
3988 2987 4037 3106 la
4098 2987 4500 3106 pourſuite
4573 2987 4622 3106 du
4695 2987 4963 3106 prece-

3308 3113 3469 3227 dent
3580 3113 3630 3227 N.
3679 3113 3729 3227 5.
3791 3113 3840 3227 où
3951 3113 4483 3227 ALEXANDRE
4545 3113 4558 3227 à
4619 3113 4966 3227 aſſujetti

3283 3237 3319 3357 la
3391 3237 3583 3357 lame
3643 3237 3715 3357 de
3775 3237 3823 3357 ſa
3895 3237 4184 3357 partie:
4280 3237 4400 3357 icy
4508 3237 4965 3357 ZACHARIE

3284 3361 3754 3483 amoindriſt
3803 3361 3911 3483 ſon
3984 3361 4213 3483 poids
4273 3361 4321 3483 en
4382 3361 4611 3483 ſorte,
4659 3361 4792 3483 que
4852 3361 4949 3483 ſon

2834 3487 3047 3606 eſpee
3118 3487 3201 3606 eſt
3248 3487 3402 3606 ſans
3461 3487 3662 3606 force
3733 3487 3792 3606 ou
3875 3487 3946 3606 de
3993 3487 4112 3606 peu
4206 3487 4265 3606 de
4313 3487 4798 3606 ſentiment,
4868 3487 4975 3606 de-

2853 3614 3047 3735 quoy
3120 3614 3677 3735 s’aperçevant
3786 3614 3798 3735 A
3859 3614 4344 3735 LEXANDRE
4416 3614 4453 3735 il
4513 3614 4828 3735 penche
4901 3614 4949 3735 au

2864 3744 3124 3860 meſme
3183 3744 3430 3860 temps
3478 3744 3537 3860 le
3596 3744 3820 3860 corps
3879 3744 3926 3860 en
4009 3744 4268 3860 avant,
4375 3744 4375 3860 &
4446 3744 4682 3860 ayant
4752 3744 4977 3860 attiré

2833 3866 2883 3987 le
2958 3866 3133 3987 pied
3196 3866 3496 3987 gauche
3621 3866 3621 3987 &
3684 3866 4247 3987 pareillement
4309 3866 4359 3987 le
4447 3866 4672 3987 droit,
4760 3866 5060 3987 deſta-.

2847 3988 3072 4115 chant
3110 3988 3160 4115 ſa
3210 3988 3435 4115 lame,
3473 3988 3498 4115 il
3548 3988 3598 4115 le
3648 3988 3886 4115 bleſſe
3949 3988 4087 4115 d’un
4162 3988 4325 4115 bras
4375 3988 4588 4115 roide
4663 3988 4701 4115 en
4776 3988 4976 4115 ligne

2861 4117 3095 4236 droite
3156 4117 3206 4236 au
3304 4117 3575 4236 viſage,
3624 4117 3994 4236 plantant
4043 4117 4092 4236 le
4141 4117 4314 4236 pied
4375 4117 4622 4236 eſlevé
4683 4117 4806 4236 par
4880 4117 4991 4236 de-

2834 4245 2873 4360 là
2924 4245 2976 4360 le
3079 4245 3453 4360 Diametre
3504 4245 3607 4360 ſur
3659 4245 3711 4360 la
3762 4245 3968 4360 ligne
4097 4245 4136 4360 N.
4200 4245 4265 4360 S;
4381 4245 4381 4360 &
4445 4245 4858 4360 penchant
4922 4245 4974 4360 le

2848 4366 3068 4485 corps
3129 4366 3226 4485 ſur
3287 4366 3397 4485 ſon
3483 4366 3715 4485 genou
3813 4366 3996 4485 droit
4057 4366 4338 4485 ployé,
4399 4366 4435 4485 il
4484 4366 4545 4485 le
4594 4366 4826 4485 perce
4912 4366 4973 4485 de

2835 4491 3059 4617 toute
3118 4491 3154 4617 ſa
3213 4491 3426 4617 force
3485 4491 3485 4617 à
3544 4491 3851 4617 travers
3887 4491 3934 4617 la
3993 4491 4230 4617 teſte;
4289 4491 4596 4617 comme
4644 4491 4750 4617 les
4797 4491 4986 4617 figu-

2833 4614 2945 4709 res
3035 4614 3493 4709 monſtrent.

2864 5038 3120 5170 Zacharie
3164 5038 3320 5170 ayant
3364 5038 3409 5170 ſa
3453 5038 3575 5170 lame
3620 5038 3664 5170 en
3708 5038 3842 5170 force
3908 5038 4141 5170 moderée,
4219 5038 4519 5170 Alexandre
4552 5038 4586 5170 la
4652 5038 4985 5170 desgradue,

2959 5164 3156 5296 faiſant
3214 5164 3296 5296 par
3342 5164 3388 5296 un
3458 5164 3632 5296 heurt,
3702 5164 3783 5296 que
3830 5164 4016 5296 l’eſpee
4085 5164 4120 5296 de
4167 5164 4225 5296 ſon
4306 5164 4585 5296 Contraire
4654 5164 4689 5296 ne
4759 5164 4794 5296 ſe
4863 5164 4979 5296 peut

2953 5283 3155 5420 relever
3200 5283 3437 5420 aſſestoſt
3482 5283 3594 5420 pour
3639 5283 3673 5420 le
3707 5283 3909 5420 ſuivre,
3977 5283 4078 5420 puis
4134 5283 4337 5420 menant
4382 5283 4416 5420 la
4461 5283 4618 5420 ſienne
4663 5283 4978 5420 circulaire-

2981 5411 3090 5547 ment
3138 5411 3223 5547 par
3284 5411 3429 5547 deßus
3465 5411 3501 5547 la
3550 5411 3695 5547 teſte,
3743 5411 3767 5547 il
3816 5411 3840 5547 le
3888 5411 4021 5547 bleße
4094 5411 4191 5547 d’un
4263 5411 4590 5547 eſtramaçon
4662 5411 4674 5547 à
4735 5411 4771 5547 la
4832 5411 4977 5547 teſte,

2960 5534 3059 5664 puis
3103 5534 3465 5664 pourſuivant
3509 5534 3750 5664 redouble
3794 5534 3816 5664 le
3871 5534 4014 5664 coup.

3335 5687 3464 5821 Ecy
3528 5687 3605 5821 eſt
3656 5687 3823 5821 auſſi
3862 5687 4003 5821 une
4054 5687 4478 5821 pourſuite
4542 5687 4593 5821 du
4735 5687 4978 5821 Cercle

3364 5816 3402 5947 N.
3454 5816 3506 5947 5.
3609 5816 3622 5947 &
3699 5816 3738 5947 6.
3790 5816 3971 5947 hors
4048 5816 4151 5947 mis
4242 5816 4423 5947 qu’au
4552 5816 4797 5947 Cercle
4926 5816 4978 5947 N.

3335 5941 3383 6050 6.
3443 5941 3479 6050 la
3551 5941 3743 6050 lame
3827 5941 3899 6050 de
4007 5941 4451 6050 ZACHARIE
4535 5941 4751 6050 eſtoit
4823 5941 4979 6050 ſans

3307 6069 3518 6203 force
3630 6069 3642 6203 &
3704 6069 3766 6203 de
3841 6069 3952 6203 peu
4052 6069 4114 6203 de
4176 6069 4673 6203 ſentiment,
4797 6069 4797 6203 &
4872 6069 4983 6203 icy

2848 6194 2977 6297 elle
3070 6194 3151 6297 eſt
3245 6194 3396 6297 vive
3478 6194 3524 6297 en
3606 6194 3827 6297 force
3932 6194 4351 6297 moderee,
4445 6194 4456 6297 à
4538 6194 4759 6297 raiſon
4876 6194 4981 6297 de-

2850 6318 3095 6448 quoy,
3131 6318 3597 6448 l’operation
3682 6318 3731 6448 du
3854 6318 4098 6448 Cercle
4160 6318 4612 6448 precedent
4661 6318 4735 6448 ne
4796 6318 4992 6448 peut

2852 6444 3022 6567 eſtre
3083 6444 3192 6567 icy
3253 6444 3678 6567 executee;
3750 6444 3799 6567 ce
3872 6444 3981 6567 qui
4042 6444 4175 6567 fait
4260 6444 4988 6567 qu’ALEXANDRE

2843 6570 3126 6702 avance
3212 6570 3261 6702 en
3360 6570 3421 6702 ce
3470 6570 3593 6702 lieu
3679 6570 3729 6702 le
3802 6570 3975 6702 pied
4048 6570 4270 6702 droit,
4368 6570 4380 6702 &
4442 6570 4491 6702 le
4553 6570 4811 6702 plante
4872 6570 4983 6702 par

2874 6691 3006 6829 delà
3060 6691 3113 6829 le
3219 6691 3591 6829 Diametre
3644 6691 3750 6829 ſur
3804 6691 3843 6829 la
3897 6691 4109 6829 ligne
4229 6691 4269 6829 N.
4335 6691 4375 6829 S.
4455 6691 4986 6829 deſgraduant

2855 6817 2904 6954 en
3002 6817 3271 6954 meſme
3320 6817 3578 6954 temps
3626 6817 3737 6954 les
3773 6817 4043 6954 lames,
4092 6817 4361 6954 faiſant
4422 6817 4545 6954 par
4594 6817 4655 6954 un
4765 6817 4986 6954 heurt

4749 6962 4990 7055 donné

3567 4801 3900 4974 Cercle
4122 4801 4389 4974 N.7.

1276 343 1585 540 Cercle
1916 343 2048 540 .3.

592 588 844 705 Lacharie
892 588 1084 705 delivre
1120 588 1192 705 ſon
1240 588 1360 705 eſpee
1420 588 1719 705 aſſujettie,
1767 588 1875 705 puis
1911 588 2007 705 tire
2067 588 2175 705 d’un
2235 588 2343 705 bras
2391 588 2523 705 roide
2583 588 2583 705 à
2631 588 2667 705 la

669 715 896 834 poitrine
951 715 983 834 de
1026 715 1091 834 ſon
1156 715 1449 834 Contraire;
1535 715 1827 834 Alexandre
1871 715 1957 834 s’en
2022 715 2390 834 appercevant
2434 715 2585 834 ferme
2628 715 2661 834 la

687 842 836 959 droite
882 842 1042 959 ligne,
1145 842 1145 959 &
1190 842 1236 959 au
1293 842 1465 959 temps
1510 842 1590 959 que
1636 842 1670 959 le
1705 842 1853 959 corps
1910 842 1933 959 de
1979 842 2013 959 ſa
2082 842 2253 959 partie
2310 842 2493 959 avance
2550 842 2585 959 il
2630 842 2665 959 le

677 963 811 1082 bleſſe
859 963 872 1082 à
920 963 1127 1082 travers
1175 963 1212 1082 la
1260 963 1467 1082 teſte.

1046 1134 1059 1272 E
1162 1134 1406 1272 Cercle
1471 1134 1715 1272 prend
1780 1134 1883 1272 ſon
1960 1134 2256 1272 origine
2334 1134 2398 1272 de
2450 1134 2681 1272 l’ope-

1018 1275 1246 1395 ration
1342 1275 1390 1395 du
1510 1275 1751 1395 Cercle
1823 1275 1859 1395 1,
1919 1275 1931 1395 à
2003 1275 2039 1395 la
2099 1275 2520 1395 pourſuite
2604 1275 2652 1395 du

1016 1399 1476 1517 precedent
1606 1399 1654 1517 N.
1724 1399 1772 1517 2.
1878 1399 2433 1517 ALEXANDRE
2516 1399 2670 1517 por-

1013 1515 1108 1640 tãt
1168 1515 1216 1640 le
1264 1515 1443 1640 pied
1503 1515 1694 1640 droit
1753 1515 1801 1640 en
1873 1515 2136 1640 avant,
2219 1515 2685 1640 ZACHARIE

566 1645 859 1769 change
910 1645 1012 1769 ſon
1114 1645 1330 1769 eſpee
1381 1645 1559 1769 (qui
1623 1645 1840 1769 eſtoit
1903 1645 2298 1769 aſſujettie
2374 1645 2489 1769 par
2578 1645 2680 1769 de-

554 1770 725 1892 hors
786 1770 848 1892 du
921 1770 1129 1892 bras)
1178 1770 1288 1892 par
1362 1770 1729 1892 deſſoubs
1790 1770 1961 1892 celle
2035 1770 2096 1892 de
2145 1770 2243 1892 ſon
2353 1770 2683 1892 Contrai-

554 1899 635 1996 re,
693 1899 958 1996 faiſant
1028 1899 1166 1996 une
1259 1899 1490 1996 demie
1606 1899 2253 1996 Circonference,
2380 1899 2392 1996 &
2461 1899 2681 1996 avan-

560 2025 720 2142 çant
769 2025 830 2142 le
879 2025 1051 2142 pied
1112 2025 1308 2142 droit
1357 2025 1455 2142 ſur
1505 2025 1554 2142 le
1652 2025 2020 2142 Diametre
2069 2025 2081 2142 à
2130 2025 2179 2142 la
2228 2025 2461 2142 lettre
2547 2025 2596 2142 R,
2633 2025 2670 2142 il

554 2148 685 2269 tire
767 2148 897 2269 d’un
980 2148 1146 2269 bras
1205 2148 1418 2269 roide
1500 2148 1548 2269 en
1619 2148 1867 2269 pleine
1938 2148 2257 2269 vigueur
2328 2148 2340 2269 à
2411 2148 2447 2269 la
2517 2148 2671 2269 poi-

554 2275 742 2392 trine
812 2275 883 2392 de
942 2275 989 2392 ſa
1059 2275 1341 2392 partie.
1459 2275 1999 2392 ALEXANDRE
2070 2275 2680 2392 (s’apercevant

568 2398 626 2518 de
709 2398 767 2518 ce
849 2398 1378 2518 changement
1471 2398 1577 2518 des
1636 2398 1882 2518 lames
2011 2398 2023 2518 &
2105 2398 2234 2518 que
2305 2398 2352 2518 ſa
2422 2398 2669 2518 partie

546 2522 1031 2640 abandonne
1078 2522 1126 2640 la
1197 2522 1516 2640 ſienne)
1575 2522 1812 2640 ferme
1871 2522 1907 2640 la
1978 2522 2226 2640 droite
2273 2522 2522 2640 ligne,
2605 2522 2664 2640 de

542 2648 743 2766 ſorte
837 2648 955 2766 qui
1026 2648 1451 2766 rencontre
1557 2648 1604 2766 du
1710 2648 1864 2766 fort
1946 2648 2005 2766 de
2076 2648 2171 2766 ſon
2288 2648 2501 2766 eſpee
2572 2648 2666 2766 les

580 2772 958 2890 moindres
1029 2772 1406 2890 nombres
1501 2772 1560 2890 de
1643 2772 1820 2890 celle
1902 2772 1973 2890 de
2044 2772 2079 2890 ſa
2138 2772 2422 2890 partie,
2540 2772 2552 2890 &
2622 2772 2658 2890 la

564 2897 936 3016 graduant
983 2897 1041 3016 au
1122 2897 1378 3016 temps
1448 2897 1576 3016 que
1634 2897 1681 3016 le
1750 2897 1960 3016 corps
2053 2897 2111 3016 de
2192 2897 2227 3016 ſa
2309 2897 2553 3016 partie
2623 2897 2669 3016 a-

553 3022 816 3139 vance,
884 3022 919 3139 il
976 3022 1033 3139 le
1101 3022 1330 3139 perce
1398 3022 1410 3139 à
1478 3022 1775 3139 travers
1832 3022 1867 3139 la
1958 3022 2141 3139 teſte
2198 3022 2552 3139 plantant
2609 3022 2666 3139 le

544 3148 715 3264 pied
812 3148 994 3264 droit
1067 3148 1298 3264 eſlevé
1359 3148 1481 3264 par
1566 3148 1700 3264 dela
1773 3148 1833 3264 le
1943 3148 2320 3264 Diametre
2393 3148 2563 3264 pres
2624 3148 2660 3264 la

538 3268 771 3394 lettre
845 3268 882 3394 I,
944 3268 1042 3394 ſur
1103 3268 1374 3394 lequel
1435 3268 1472 3394 il
1533 3268 1595 3394 ſe
1669 3268 2037 3394 penche;
2111 3268 2406 3394 comme
2455 3268 2566 3394 les
2615 3268 2676 3394 fi-

562 3395 771 3514 gures
852 3395 1304 3514 monſtrent.

1295 3978 1616 4147 Cercle
1917 3978 2088 4147 .4.

577 4204 830 4337 Lacharie
887 4204 1048 4337 eſtant
1094 4204 1140 4337 en
1186 4204 1415 4337 poſture,
1473 4204 1656 4337 tenant
1691 4204 1760 4337 ſon
1829 4204 1955 4337 eſpee
2012 4204 2047 4337 un
2127 4204 2208 4337 peu
2253 4204 2357 4337 plus
2403 4204 2437 4337 en
2495 4204 2701 4337 dedans

679 4337 818 4455 qu’au
899 4337 1049 4455 Cercle
1153 4337 1176 4455 N.
1268 4337 1268 4455 .
1361 4337 1662 4455 Alexandre
1719 4337 1789 4455 met
1835 4337 1870 4455 la
1916 4337 2078 4455 ſienne
2136 4337 2355 4455 deſſoubs
2413 4337 2529 4455 d’un
2586 4337 2702 4455 bras

668 4465 882 4580 eſtandu
939 4465 972 4580 en
1029 4465 1175 4580 angle
1232 4465 1378 4580 aigu,
1435 4465 1807 4580 l’atouchant
1852 4465 1886 4580 en
1942 4465 2100 4580 forme
2179 4465 2563 4580 d’obligation.

1042 4654 1065 4770 A
1134 4654 1470 4770 CHARIE
1551 4654 1783 4770 eſtant
1853 4654 1899 4770 en
1980 4654 2027 4770 la
2085 4654 2397 4770 poſture
2502 4654 2687 4770 men-

1014 4781 1344 4873 tionnee
1390 4781 1447 4873 au
1560 4781 1799 4873 Cercle
1936 4781 1970 4873 N.
2027 4781 2072 4873 1.
2141 4781 2175 4873 la
2277 4781 2425 4873 main
2516 4781 2687 4873 tou-

1020 4904 1311 5023 tesfois
1381 4904 1439 5023 un
1544 4904 1661 5023 peu
1754 4904 1917 5023 plus
1999 4904 2046 5023 en
2174 4904 2512 5023 dedans,
2628 4904 2698 5023 A-

1031 5029 1511 5146 LEXANDRE
1607 5029 1727 5146 met
1787 5029 1847 5146 le
1919 5029 2099 5146 pied
2183 5029 2363 5146 droit
2459 5029 2698 5146 deſſus

555 5156 603 5271 le
699 5156 832 5271 coin
940 5156 1001 5271 du
1133 5156 1446 5271 Quadrat
1507 5156 2073 5271 circonſcript,
2181 5156 2495 5271 mettant
2567 5156 2663 5271 ſon

572 5281 792 5406 eſpee
878 5281 1013 5406 d’un
1086 5281 1245 5406 bras
1331 5281 1625 5406 eſtandu
1735 5281 1784 5406 en
1869 5281 2090 5406 angle
2163 5281 2310 5406 aigu
2396 5281 2457 5406 au
2555 5281 2702 5406 deſ-

554 5406 790 5507 ſoubs
873 5406 1050 5507 celle
1156 5406 1227 5507 de
1298 5406 1392 5507 ſon
1534 5406 1994 5507 Contraire,
2159 5406 2171 5507 &
2265 5406 2312 5507 en
2430 5406 2690 5507 meſme

561 5527 825 5656 temps
873 5527 1268 5656 avançant
1340 5527 2131 5656 proportionnemẽt
2191 5527 2239 5656 le
2299 5527 2479 5656 pied
2539 5527 2694 5656 gau-

571 5651 764 5774 che,
836 5651 1294 5774 (ramenant
1354 5651 1631 5774 l’eſpee
1715 5651 1836 5774 d’en
1932 5651 2053 5774 bas
2137 5651 2293 5774 vers
2354 5651 2414 5774 le
2474 5651 2703 5774 haut)

557 5776 593 5905 il
653 5776 713 5905 le
773 5776 1037 5905 plante
1085 5776 1192 5905 ſur
1264 5776 1312 5905 le
1420 5776 1828 5905 Diametre,
1887 5776 2271 5905 touchant
2367 5776 2415 5905 du
2487 5776 2666 5905 talon

555 5901 603 6024 la
723 5901 1323 6024 Circonference
1383 5901 1419 6024 il
1515 5901 1635 6024 met
1695 5901 1803 6024 (en
1875 5901 2283 6024 penchant
2343 5901 2403 6024 le
2475 5901 2691 6024 corps

580 6028 630 6151 en
706 6028 958 6151 avant)
1021 6028 1071 6151 le
1184 6028 1235 6151 N.
1298 6028 1348 6151 8.
1411 6028 1474 6151 de
1537 6028 1625 6151 ſon
1713 6028 1927 6151 eſpee
1990 6028 2040 6151 au
2166 6028 2204 6151 N.
2292 6028 2330 6151 9.
2393 6028 2456 6151 de
2519 6028 2695 6151 celle

587 6151 645 6278 de
726 6151 772 6278 ſa
853 6151 1154 6278 partie,
1235 6151 1385 6278 ſans
1466 6151 1986 6278 contrepeſer
2079 6151 2241 6278 mais
2310 6151 2356 6278 en
2449 6151 2703 6278 forme

585 6273 1159 6404 d’obligation;
1272 6273 1583 6404 comme
1646 6273 1671 6404 il
1733 6273 1783 6404 ſe
1845 6273 2020 6404 peut
2095 6273 2232 6404 voir
2294 6273 2407 6404 par
2457 6273 2556 6404 les
2631 6273 2694 6404 fi-

599 6436 837 6523 gures.
