5520 7640
3616 309 3929 512 Cercle
4152 309 4420 512 N.9.

2929 514 3222 648 Alexandre
3267 514 3649 648 pourſuivant,
3694 514 3829 648 perce
3874 514 3930 648 icy
3975 514 4008 648 ſa
4065 514 4233 648 partie
4278 514 4289 648 à
4334 514 4559 648 travers
4604 514 4638 648 du
4694 514 4863 648 corps.

3395 658 3510 793 Ecy
3586 658 3675 793 eſt
3713 658 3752 793 la
3815 658 4222 793 pourſuite
4286 658 4337 793 en
4426 658 4680 793 rigeur
4757 658 4820 793 de
4884 658 5011 793 l’o-

3362 790 3705 914 peration
3785 790 4321 914 precedente,
4458 790 4995 914 ALEXANDRE

3366 912 3596 1036 perce
3644 912 3681 1036 ſa
3753 912 3983 1036 partie
4068 912 4358 1036 entrant
4455 912 4503 1036 du
4600 912 4769 1036 pied
4842 912 5011 1036 gau-

3373 1034 3493 1160 che
3541 1034 3602 1160 au
3674 1034 3879 1160 point
3999 1034 4035 1160 W;
4083 1034 4131 1160 le
4204 1034 4384 1160 droit
4432 1034 4493 1160 le
4553 1034 4854 1160 ſuivant
4902 1034 4998 1160 ſur

2891 1158 2940 1283 le
3036 1158 3412 1283 Diametre
3497 1158 3763 1283 devant
3824 1158 3872 1283 la
3933 1158 4163 1283 lettre
4248 1158 4296 1283 V,
4417 1158 4429 1283 &
4502 1158 4756 1283 faiſant
4829 1158 5011 1283 pen-

2903 1279 3059 1410 cher
3107 1279 3155 1410 lé
3227 1279 3443 1410 corps
3515 1279 3743 1410 deſſus
3791 1279 3839 1410 le
3911 1279 4224 1410 gauche,
4272 1279 4728 1410 preſentant
4776 1279 4824 1410 le
4896 1279 4992 1410 co-

2892 1404 2977 1533 ſté
3063 1404 3246 1533 droit
3356 1404 3356 1533 &
3429 1404 3832 1533 eſtandant
3881 1404 3930 1533 le
3978 1404 4174 1533 bras;
4235 1404 4284 1533 ſe
4333 1404 4528 1533 tient
4589 1404 4894 1533 comme
4943 1404 4980 1533 ſa

2887 1528 3131 1652 figure
3220 1528 3566 1652 monſtre.

3581 2058 3890 2239 Cercle
4156 2058 4443 2239 N.10.

2916 2278 3165 2407 Zacharie
3210 2278 3233 2407 ſe
3300 2278 3379 2407 met
3425 2278 3459 2407 en
3515 2278 3707 2407 poſture
3752 2278 3933 2407 tenant
3967 2278 4035 2407 ſon
4091 2278 4216 2407 eſpee
4261 2278 4362 2407 plus
4408 2278 4442 2407 en
4487 2278 4622 2407 ligne
4668 2278 4848 2407 courve
4916 2278 4984 2407 que

3021 2400 3197 2534 deſſus.
3326 2400 3620 2534 Alexandre
3702 2400 3773 2534 met
3843 2400 3949 2534 d’un
3996 2400 4102 2534 bras
4149 2400 4361 2534 eſtandu
4396 2400 4467 2534 ſon
4514 2400 4643 2534 eſpee
4678 2400 4831 2534 ſoubs
4878 2400 4996 2534 celle

3018 2528 3051 2654 de
3084 2528 3128 2654 ſa
3172 2528 3348 2654 partie
3392 2528 3425 2654 en
3491 2528 3634 2654 angle
3711 2528 3853 2654 aigu;
3941 2528 4051 2654 puis
4095 2528 4139 2654 la
4216 2528 4425 2654 mettant
4480 2528 4655 2654 contre
4699 2528 4809 2654 celle
4875 2528 4908 2654 de
4941 2528 4985 2654 ſa

3002 2650 3204 2778 partie,
3249 2650 3283 2778 il
3317 2650 3351 2778 la
3396 2650 3587 2778 ſuette
3621 2650 3654 2778 en
3722 2650 3891 2778 dehors
3947 2650 3981 2778 du
4037 2650 4172 2778 bras.

3367 2787 3770 2912 ACHARIE
3841 2787 4138 2912 s’eſtant
4244 2787 4339 2912 mis
4422 2787 4470 2912 en
4552 2787 4600 2912 la
4671 2787 4979 2912 poſture

3351 2919 3410 3040 cy
3481 2919 3754 3040 devant
3802 2919 4312 3040 repreſentee
4360 2919 4419 3040 au
4526 2919 4763 3040 Cercle
4882 2919 4989 3040 N.1;

3346 3043 3518 3161 hors
3604 3043 3702 3161 mis
3788 3043 3935 3161 qu’il
4009 3043 4193 3161 tient
4254 3043 4303 3161 le
4377 3043 4536 3161 bras
4647 3043 4647 3161 &
4708 3043 4978 3161 l’eſpee

3337 3169 3497 3285 plus
3547 3169 3731 3285 haut
3842 3169 3855 3285 &
3904 3169 4064 3285 plus
4126 3169 4175 3285 en
4249 3169 4446 3285 ligne
4520 3169 4852 3285 courve,
4976 3169 4976 3285 &

2876 3290 3164 3411 tourne
3211 3290 3268 3411 le
3314 3290 3649 3411 poignet
3707 3290 3753 3411 en
3822 3290 4018 3411 ſorte
4076 3290 4202 3411 que
4249 3290 4295 3411 la
4352 3290 4698 3411 branche
4779 3290 4975 3411 exte-

2878 3417 3128 3536 rieure
3188 3417 3259 3536 de
3307 3417 3354 3536 la
3438 3417 3652 3536 garde
3736 3417 3926 3536 vient
3974 3417 4307 3536 preſque
4343 3417 4355 3536 à
4403 3417 4462 3536 ſe
4534 3417 4724 3536 tenir
4796 3417 4974 3536 droi-

2878 3541 2937 3656 te
3008 3541 3055 3656 en
3125 3541 3361 3656 haut;
3443 3541 3761 3656 croiſant
3843 3541 3902 3656 de
3961 3541 3996 3656 ſa
4066 3541 4255 3656 lame
4314 3541 4361 3656 le
4466 3541 4890 3656 Diametre;
4949 3541 4984 3656 il

2880 3656 3160 3789 attend
3218 3656 3393 3789 ainſi
3452 3656 3499 3789 ſa
3580 3656 3860 3789 partie.
3989 3656 4537 3789 ALEXANDRE
4619 3656 4888 3789 venant
4958 3656 4969 3789 à

2879 3780 3263 3911 travailler
3323 3780 3323 3911 a
3371 3780 3840 3911 l’encontre,
3876 3780 4104 3911 ayant
4153 3780 4405 3911 planté
4453 3780 4501 3911 le
4549 3780 4717 3911 pied
4789 3780 4970 3911 droit

2881 3902 3056 4032 hors
3119 3902 3181 4032 du
3306 3902 3594 4032 Cercle,
3669 3902 3694 4032 il
3744 3902 3969 4032 porte
4019 3902 4069 4032 le
4131 3902 4419 4032 gauche
4481 3902 4594 4032 par
4681 3902 4819 4032 delà
4906 3902 4956 4032 du

2921 4033 3287 4153 Diametre
3344 4033 3413 4153 un
3481 4033 3596 4153 peu
3687 4033 3733 4153 en
3825 4033 4099 4153 dedans
4168 4033 4237 4153 de
4294 4033 4328 4153 la
4443 4033 4981 4153 Circonferen-

2889 4157 2983 4269 ce,
3077 4157 3393 4269 mettant
3476 4157 3605 4269 d’un
3687 4157 3851 4269 bras
3910 4157 4203 4269 eſtandu
4273 4157 4367 4269 ſon
4473 4157 4672 4269 eſpee
4743 4157 4966 4269 ſoubs

2889 4276 3058 4406 celle
3167 4276 3228 4406 de
3324 4276 3361 4406 ſa
3458 4276 3699 4406 partie
3796 4276 3845 4406 en
3953 4276 4159 4406 angle
4256 4276 4461 4406 aigu;
4558 4276 4715 4406 puis
4812 4276 4969 4406 por-

2874 4399 3029 4527 tant
3112 4399 3159 4527 le
3231 4399 3409 4527 pied
3504 4399 3683 4527 droit
3766 4399 4158 4527 enſemble
4242 4399 4289 4527 le
4372 4399 4586 4527 corps
4670 4399 4729 4527 un
4824 4399 4943 4527 peu

2874 4518 3039 4649 plus
3121 4518 3156 4649 en
3239 4518 3509 4649 avant,
3568 4518 3603 4649 il
3697 4518 3826 4649 met
3897 4518 3991 4649 ſon
4085 4518 4296 4649 eſpee
4390 4518 4437 4649 en
4543 4518 4813 4649 dehors
4896 4518 4943 4649 du

2872 4646 3036 4768 bras
3106 4646 3364 4768 contre
3434 4646 3598 4768 celle
3669 4646 3727 4768 de
3786 4646 3821 4768 ſa
3891 4646 4173 4768 partie,
4231 4646 4583 4768 plantant
4641 4646 4747 4768 par
4829 4646 4981 4768 meſ-

2898 4767 2980 4898 me
3074 4767 3321 4898 moyen
3404 4767 3451 4898 le
3521 4767 3698 4898 pied
3780 4767 4003 4898 eſlevé
4062 4767 4168 4898 ſur
4215 4767 4262 4898 la
4368 4767 4968 4898 Circonference

2878 4891 2993 5021 par
3070 4891 3197 5021 delà
3261 4891 3312 5021 le
3414 4891 3784 5021 Diametre
3848 4891 4116 5021 devant
4167 4891 4205 5021 la
4256 4891 4460 5021 ligne
4601 4891 4601 5021 N
4716 4891 4779 5021 G,
4856 4891 4971 5021 fai-

2874 5014 3023 5146 ſant
3097 5014 3333 5146 ſuivre
3395 5014 3445 5146 le
3519 5014 3805 5146 gauche
3854 5014 3917 5146 le
3966 5014 4239 5146 poſant
4314 5014 4488 5146 hors
4562 5014 4612 5146 du
4736 5014 4972 5146 Cercle

2869 5146 3460 5264 proportionné
3519 5146 3531 5264 à
3590 5146 3909 5264 l’autre,
3992 5146 4252 5264 tenant
4323 5146 4371 5264 le
4453 5146 4666 5264 corps
4749 5146 4974 5264 droit,

2870 5270 3231 5390 l’eſpaule
3315 5270 3591 5390 gauche
3664 5270 4000 5390 tournee
4073 5270 4121 5390 en
4229 5270 4530 5390 dehors,
4590 5270 4626 5390 il
4686 5270 4963 5390 ſujette

2886 5393 2936 5514 en
3025 5393 3302 5514 dehors
3365 5393 3415 5514 du
3491 5393 3655 5514 bras
3692 5393 3957 5514 l’eſpee
4033 5393 4083 5514 de
4133 5393 4184 5514 ſa
4234 5393 4499 5514 partie;
4549 5393 4726 5514 ſelon
4814 5393 4965 5514 qu’il

2872 5522 3147 5643 appert
3197 5522 3335 5643 aux
3398 5522 3710 5643 figures.

3558 5668 3871 5854 Cercle
4095 5668 4341 5854 N.11.

2900 5867 3148 5994 Zacharie
3204 5867 3385 5994 attend
3498 5867 3498 5994 &
3588 5867 3881 5994 Alexandre
3915 5867 4186 5994 obligeant
4253 5867 4580 5994 d’avantage
4637 5867 4671 5994 la
4738 5867 4862 5994 lame
4930 5867 4964 5994 de

2997 5989 3033 6132 la
3093 5989 3286 6132 partie,
3334 5989 3358 6132 en
3419 5989 3696 6132 graduant
3732 5989 3792 6132 les
3840 5989 3997 6132 lames
4033 5989 4069 6132 il
4105 5989 4130 6132 le
4166 5989 4310 6132 bleſſe
4359 5989 4708 6132 auviſage.

3349 6140 3361 6263 A
3442 6140 3754 6263 CHARIE
3823 6140 4227 6263 attendant
4285 6140 4735 6263 l’operation
4804 6140 4966 6263 pre-

3340 6258 3701 6389 cedente,
3773 6258 4314 6389 ALEXANDRE
4386 6258 4783 6389 obligeant
4844 6258 4976 6389 d’a-

3333 6395 3648 6526 vantage
3694 6395 3741 6526 la
3788 6395 3974 6526 lame
4044 6395 4103 6526 de
4161 6395 4196 6526 ſa
4255 6395 4535 6526 partie,
4593 6395 4966 6526 continue

3324 6516 3337 6643 à
3422 6516 3665 6643 entrer
3738 6516 3799 6643 du
3884 6516 4055 6643 pied
4140 6516 4322 6643 droit
4408 6516 4797 6643 enſemble
4894 6516 4943 6643 du

2897 6639 3161 6780 corps,
3237 6639 3513 6780 lequel
3589 6639 3802 6780 ayant
3890 6639 4280 6780 approché
4381 6639 4431 6780 du
4544 6639 4858 6780 coude,
4946 6639 4984 6780 il

2899 6761 3155 6901 eſtand
3207 6761 3258 6901 le
3322 6761 3488 6901 bras
3565 6761 3949 6901 graduant
4013 6761 4103 6901 les
4154 6761 4449 6901 lames,
4564 6761 4577 6901 &
4628 6761 4858 6901 bleſſe
4922 6761 4961 6901 ſa

4740 6889 4966 7009 partie

1370 2776 1689 2942 Cercle
1901 2776 2177 2942 N8.

638 2993 891 3122 Zacharie
939 2993 1107 3122 releve
1167 2993 1203 3122 de
1264 2993 1456 3122 grande
1504 2993 1637 3122 force
1685 2993 1757 3122 les
1793 2993 1962 3122 eſpees
2022 2993 2142 3122 pour
2202 2993 2491 3122 aſſujettir
2527 2993 2647 3122 celle
2720 2993 2756 3122 de

720 3120 788 3245 ſon
879 3120 1174 3245 Contraire,
1277 3120 1572 3245 Alexandre
1640 3120 1720 3245 s’en
1777 3120 2152 3245 apperçevant
2197 3120 2368 3245 oppoſe
2413 3120 2459 3245 ſa
2516 3120 2641 3245 lame
2697 3120 2743 3245 un

732 3252 812 3372 peu
858 3252 1179 3372 augmentée
1225 3252 1271 3372 en
1317 3252 1478 3372 poids,
1524 3252 1604 3372 qui
1638 3252 1742 3372 fait
1788 3252 1868 3372 que
1914 3252 1948 3372 ſa
1994 3252 2166 3372 partie
2212 3252 2499 3372 augmente
2556 3252 2591 3372 de
2637 3252 2751 3372 plus

736 3375 771 3493 en
819 3375 936 3493 plus
984 3375 1031 3493 ſa
1090 3375 1255 3493 force,
1337 3375 1644 3493 Alexandre
1679 3375 1773 3493 lors
1821 3375 1962 3493 laiſſe
2021 3375 2339 3493 ſurprendre
2398 3375 2434 3493 ſa
2493 3375 2622 3493 lame
2693 3375 2728 3493 au

751 3493 902 3636 deſſus
937 3493 983 3636 ſa
1030 3493 1169 3636 teſte,
1227 3493 1332 3636 mais
1378 3493 1599 3636 l’oſtant
1657 3493 1819 3636 avant
1866 3493 1947 3636 que
1994 3493 2017 3636 le
2075 3493 2400 3636 mouvenment
2458 3493 2482 3636 de
2528 3493 2574 3636 ſa
2621 3493 2737 3636 par-

732 3622 793 3745 tie
830 3622 916 3745 ſoit
965 3622 1075 3745 fini,
1124 3622 1149 3745 la
1210 3622 1443 3745 preſente
1492 3622 1529 3745 au
1590 3622 1700 3745 coſté
1762 3622 1884 3745 droit
1945 3622 2178 3745 d’iceluy.

1101 3798 1114 3941 E
1218 3798 1464 3941 Cercle
1529 3798 1646 3941 icy
1724 3798 1970 3941 prend
2048 3798 2151 3941 ſon
2268 3798 2566 3941 origine
2670 3798 2722 3941 du

1109 3943 1354 4042 Cercle
1464 3943 1501 4042 N.
1550 3943 1587 4042 5.
1649 3943 1698 4042 ou
1796 3943 2446 4042 ALEXANDRE
2507 3943 2520 4042 à
2569 3943 2753 4042 aſſu-

1064 4067 1241 4180 jetti
1288 4067 1324 4180 la
1383 4067 1584 4180 lame
1667 4067 1726 4180 de
1785 4067 1833 4180 ſa
1892 4067 2152 4180 partie.
2294 4067 2294 4180 Z
2353 4067 2732 4180 ACHARIE

1065 4191 1513 4280 travaillant
1558 4191 1569 4280 à
1648 4191 2084 4280 l’encontre
2151 4191 2263 4280 les
2331 4191 2577 4280 releve
2666 4191 2734 4280 de

627 4308 895 4427 grande
956 4308 1199 4427 force,
1248 4308 1443 4427 pour
1492 4308 1821 4427 ſujetter
1869 4308 2137 4427 l’eſpee
2223 4308 2284 4427 de
2345 4308 2442 4427 ſon
2564 4308 2734 4427 Con-

603 4433 824 4555 traire
917 4433 1022 4555 qui
1091 4433 1289 4555 tient
1348 4433 1394 4555 la
1464 4433 1720 4555 ſienne
1790 4433 2220 4555 aſſujettie:
2314 4433 2465 4555 mais
2558 4433 2732 4555 ALE-

626 4560 983 4675 XANDRE
1041 4560 1594 4675 l’aperçevant
1651 4560 1732 4675 s’y
1824 4560 2043 4675 opoſe
2101 4560 2285 4675 avec
2354 4560 2492 4675 une
2550 4560 2734 4675 peti-

609 4682 667 4802 te
714 4682 1324 4802 augmentation
1418 4682 1464 4802 du
1546 4682 1769 4802 poids
1839 4682 1898 4802 de
1968 4682 2015 4802 ſa
2074 4682 2320 4802 lame,
2390 4682 2578 4802 pour
2648 4682 2730 4802 la-

618 4806 868 4925 quelle
952 4806 1166 4925 cauſe
1226 4806 1393 4925 auſſi
1452 4806 1500 4925 ſa
1571 4806 1822 4925 partie
1893 4806 2322 4925 augmente
2394 4806 2441 4925 ſa
2513 4806 2727 4925 force

629 4931 690 5052 de
738 4931 895 5052 plus
956 4931 1004 5052 en
1077 4931 1282 5052 plus,
1343 4931 1693 5052 hauſſant
1754 4931 1790 5052 ſa
1850 4931 2116 5052 pointe
2213 4931 2721 5052 moderemẽt;

599 5052 708 5173 ſur
793 5052 927 5173 cela
1036 5052 1582 5173 ALEXANDRE
1655 5052 1849 5173 laiſſe
1910 5052 2031 5173 peu
2116 5052 2128 5173 à
2177 5052 2298 5173 peu
2371 5052 2735 5173 ſurpren-

628 5176 735 5295 dre
795 5176 830 5295 ſa
890 5176 1080 5295 lame
1140 5176 1199 5295 au
1307 5176 1545 5295 deſſus
1628 5176 1688 5295 de
1735 5176 1783 5295 ſa
1854 5176 2081 5295 teſte,
2152 5176 2462 5295 portant
2545 5176 2593 5295 en
2676 5176 2724 5295 a-

617 5303 781 5423 vant
856 5303 907 5423 le
995 5303 1159 5423 pied
1247 5303 1537 5423 gauche
1675 5303 1675 5423 &
1764 5303 1814 5423 le
1915 5303 2167 5423 meſme
2255 5303 2457 5423 coſté
2520 5303 2734 5423 auſſi,

632 5429 958 5547 dreſſant
994 5429 1055 5547 le
1115 5429 1332 5547 corps
1381 5429 1477 5547 ſur
1525 5429 1574 5547 le
1646 5429 1863 5547 droit,
1924 5429 1972 5547 le
2057 5429 2371 5547 mettant
2443 5429 2721 5547 dedans

603 5554 870 5681 l’angle
955 5554 1076 5681 que
1149 5554 1185 5681 la
1246 5554 1440 5681 lame
1537 5554 1597 5681 de
1670 5554 1707 5681 ſa
1791 5554 2022 5681 partie
2095 5554 2095 5681 à
2179 5554 2495 5681 ouvert,
2567 5554 2737 5681 por-

602 5678 761 5798 tant
835 5678 945 5798 ſon
1031 5678 1240 5798 eſpee
1301 5678 1535 5798 ſoubs
1584 5678 1645 5798 le
1706 5678 1866 5798 bras
1940 5678 2001 5798 de
2062 5678 2111 5798 ſa
2185 5678 2443 5798 partie,
2516 5678 2725 5798 affer-

636 5806 922 5930 miſſant
960 5806 1009 5930 la
1071 5806 1295 5930 garde
1357 5806 1419 5930 au
1531 5806 1780 5930 corps;
1829 5806 1991 5930 puis
2040 5806 2401 5930 plantant
2450 5806 2500 5930 le
2562 5806 2724 5930 pied

622 5930 853 6050 eſlevé
917 5930 1161 6050 ſoubs
1212 5930 1264 6050 le
1366 5930 1738 6050 Diametre
1803 5930 1905 6050 ſur
1956 5930 1995 6050 la
2072 5930 2264 6050 ligne
2354 5930 2393 6050 S.
2495 5930 2546 6050 X,
2611 5930 2726 6050 fai-

606 6057 763 6175 ſant
811 6057 1053 6175 ſuivre
1102 6057 1150 6175 le
1223 6057 1404 6175 droit
1464 6057 1573 6175 par
1646 6057 1779 6175 delà
1827 6057 1888 6175 le
1960 6057 2335 6175 Diametre
2383 6057 2432 6175 au
2504 6057 2722 6175 point

671 6179 720 6306 M;
770 6179 807 6306 il
845 6179 1205 6306 preſente
1255 6179 1304 6306 la
1354 6179 1627 6306 pointe
1702 6179 1764 6306 de
1801 6179 1851 6306 ſa
1901 6179 2087 6306 lame
2137 6179 2199 6306 au
2286 6179 2472 6306 coſté
2547 6179 2721 6306 droit

619 6308 690 6432 de
749 6308 784 6432 ſa
843 6308 1092 6432 partie
1151 6308 1364 6432 uſant
1447 6308 1506 6432 de
1578 6308 2051 6432 courtoiſie;
2134 6308 2430 6432 comme
2501 6308 2596 6432 les
2655 6308 2726 6432 fi-

623 6433 839 6563 gures
912 6433 1490 6563 demonſtrent.

652 261 898 418 donné
950 261 1054 418 ſur
1106 261 1378 418 l’eſpee
1443 261 1507 418 de
1572 261 1611 418 ſa
1676 261 1922 418 partie
1987 261 2246 418 qu’elle
2324 261 2402 418 ne
2453 261 2505 418 le
2570 261 2752 418 peut

631 400 877 545 ſuivre
926 400 963 545 ſi
1012 400 1185 545 toſt,
1295 400 1295 545 &
1357 400 1578 545 ayant
1677 400 1775 545 mis
1849 400 1898 545 le
1972 400 2194 545 corps
2255 400 2415 545 dans
2465 400 2502 545 la
2588 400 2735 545 per-

636 526 1189 665 pendiculaire
1263 526 1324 665 de
1374 526 1410 665 la
1472 526 1656 665 lame
1730 526 1792 665 de
1841 526 1939 665 ſon
2050 526 2468 665 Contraire,
2517 526 2554 665 il
2603 526 2751 665 vol-

622 651 685 791 te
735 651 785 791 le
847 651 1022 791 pied
1097 651 1385 791 gauche
1460 651 1785 791 derriere
1848 651 1898 791 le
1973 651 2148 791 droit
2198 651 2510 791 planté;
2585 651 2748 791 puis

647 774 1031 917 delaiſſant
1081 774 1118 917 la
1167 774 1366 917 lame
1440 774 1502 917 de
1564 774 1601 917 ſa
1663 774 1936 917 partie,
1998 774 2035 917 il
2109 774 2431 917 conduit
2469 774 2506 917 la
2568 774 2741 917 ſien-

618 900 703 1040 ne
776 900 1423 1040 circulairement
1472 900 1594 1040 par
1680 900 1912 1040 deſſus
1985 900 2022 1040 ſa
2107 900 2351 1040 teſte,
2474 900 2474 1040 &
2547 900 2742 1040 plan-

628 1027 786 1169 tant
834 1027 895 1169 le
955 1027 1125 1169 pied
1186 1027 1416 1169 eſlevé
1489 1027 1670 1169 hors
1755 1027 1804 1169 du
1913 1027 2191 1169 Cercle,
2228 1027 2264 1169 il
2349 1027 2591 1169 donne
2652 1027 2724 1169 un

635 1151 819 1291 coup
916 1151 1466 1291 d’eſtramaçon
1539 1151 1588 1291 au
1698 1151 1882 1291 coſté
1967 1151 2260 1291 gauche
2334 1151 2395 1291 de
2444 1151 2480 1291 la
2554 1151 2737 1291 teſte

626 1277 698 1415 de
758 1277 806 1415 ſa
866 1277 1143 1415 partie;
1203 1277 1372 1415 puis
1420 1277 1950 1415 pourſuivant
1998 1277 2034 1415 il
2106 1277 2311 1415 entre
2383 1277 2744 1415 derechef

629 1402 692 1539 du
781 1402 958 1539 pied
1046 1402 1261 1539 droit,
1324 1402 1792 1539 conduiſant
1855 1402 2120 1539 l’eſpee
2196 1402 2310 1539 par
2398 1402 2638 1539 deſſus
2689 1402 2727 1539 ſa

613 1528 801 1667 teſte
872 1528 1178 1667 comme
1248 1528 1554 1667 devant,
1660 1528 1660 1667 &
1719 1528 2130 1667 ramenant
2201 1528 2248 1667 le
2330 1528 2507 1667 pied
2589 1528 2754 1667 gau-

627 1654 750 1790 che
812 1654 849 1790 il
911 1654 960 1790 le
1046 1654 1306 1790 plante
1392 1654 1713 1790 derriere
1787 1654 1837 1790 le
1935 1654 2145 1790 corps
2232 1654 2293 1790 de
2355 1654 2392 1790 ſa
2479 1654 2738 1790 partie,

614 1778 1111 1920 redoublant
1173 1778 1223 1920 le
1322 1778 1583 1920 meſme
1670 1778 1856 1920 coup
1918 1778 1931 1920 à
1993 1778 2030 1920 la
2105 1778 2291 1920 teſte
2378 1778 2751 1920 d’iceluy,

621 1901 832 2040 c’eſte
914 1901 1255 2040 derniere
1325 1901 1724 2040 operation
1818 1901 1983 2040 n’eſt
2029 1901 2147 2040 pas
2194 1901 2299 2040 icy
2358 1901 2745 2040 pourtrai-

619 2027 702 2164 te,
774 2027 1072 2164 pource
1155 2027 1406 2164 quelle
1465 2027 1609 2164 ſera
1704 2027 2193 2164 demonſtrée
2252 2027 2312 2164 au
2419 2027 2729 2164 Tableau

667 2155 1067 2265 XXVII.
1195 2155 1438 2265 Cercle
1510 2155 1610 2265 12.
1738 2155 1738 2265 &
1810 2155 1895 2265 13.
