5520 7640
1541 4852 1952 5070 Ombien
2075 4852 2260 5070 que
2342 4852 2486 5070 les
2589 4852 3432 5070 enſeignemens
3555 4852 3617 5070 du
3761 4852 4193 5070 Tableau
4378 4852 4789 5070 XXIV,
4891 4852 4994 5070 ne

1434 5064 1475 5212 ſe
1558 5064 1918 5212 peuvent
1987 5064 2098 5212 pas
2167 5064 2637 5212 praiquer
2707 5064 2762 5212 es
2845 5064 3260 5212 occaſions
3329 5064 3786 5212 preſentées
3869 5064 3979 5212 par
4132 5064 4450 5212 acharie
4519 5064 4561 5212 en
4671 5064 5003 5212 ceſtuy-

1442 5204 1535 5356 cy,
1588 5204 2131 5356 neantmoins
2210 5204 2263 5356 on
2343 5204 2396 5356 ſe
2449 5204 2820 5356 pourroit
2886 5204 3111 5356 ſervir
3190 5204 3283 5356 des
3336 5204 3773 5356 preceptes
3840 5204 3906 5356 du
3972 5204 4303 5356 preſent
4369 5204 4634 5356 contre
4701 5204 4806 5356 les
4873 5204 4992 5356 oc-

1439 5339 1746 5490 caſions
1819 5339 1862 5490 de
1921 5339 2212 5490 l’autre;
2256 5339 2460 5490 pour
2518 5339 2650 5490 celà
2723 5339 2781 5490 on
2868 5339 2941 5490 ne
3029 5339 3233 5490 doibt
3291 5339 3408 5490 pas
3466 5339 3787 5490 eſtimer
3831 5339 3889 5490 le
3976 5339 4312 5490 Tableau
4428 5339 4443 5490 X
4545 5339 4764 5490 XIV,
4822 5339 4983 5490 inu-

1437 5486 1654 5637 utile,
1708 5486 1789 5637 ny
1843 5486 1938 5637 ſes
1992 5486 2465 5637 operations
2519 5486 2992 5637 ſuperflues;
3033 5486 3493 5637 ſeulement
3560 5486 3615 5637 on
3696 5486 4223 5637 remarquera
4291 5486 4331 5637 la
4399 5486 4845 5637 perfeion
4980 5486 4980 5637 &

1428 5629 1980 5780 l’abondance
2061 5629 2168 5780 des
2236 5629 2666 5780 preceptes
2761 5629 2814 5780 de
2895 5629 2989 5780 cet
3097 5629 3245 5780 Art,
3326 5629 3447 5780 qui
3488 5629 3568 5780 ne
3649 5629 3703 5780 ſe
3784 5629 4174 5780 contente
4241 5629 4349 5780 pas
4430 5629 4645 5780 d’une
4699 5629 4982 5780 ſimple

556 5771 999 5915 rencontre
1077 5771 1338 5915 contre
1403 5771 1547 5915 une
1599 5771 2003 5915 occaſion,
2094 5771 2251 5915 mais
2303 5771 2394 5915 eſt
2446 5771 2864 5915 touſiours
2916 5771 3085 5915 aſſes
3150 5771 3424 5915 fourni
3515 5771 4063 5915 d’operations
4141 5771 4467 5915 diverſes
4585 5771 4585 5915 &
4676 5771 4976 5915 diſſem-

559 5909 713 6064 bles
783 5909 1232 6064 tandantes
1288 5909 1302 6064 à
1401 5909 1667 6064 meſme
1737 5909 1864 6064 fin,
1962 5909 2074 6064 qui
2144 5909 2228 6064 eſt
2313 5909 2860 6064 d’empeſcher
2916 5909 3014 6064 les
3098 5909 3421 6064 deſſeins
3505 5909 3561 6064 de
3617 5909 4052 6064 l’ennemi,
4123 5909 4165 6064 en
4249 5909 4305 6064 le
4375 5909 4979 6064 contraignant

580 6048 638 6214 de
695 6048 1027 6214 rompre
1099 6048 1156 6214 ce
1228 6048 1387 6214 qu’il
1430 6048 1646 6214 avoit
1718 6048 2136 6214 deſſeigné;
2193 6048 2510 6214 comme
2597 6048 2726 6214 cela
2798 6048 2957 6214 c’eſt
3014 6048 3130 6214 veu
3202 6048 3202 6214 à
3274 6048 3447 6214 plein
3533 6048 3591 6214 en
3677 6048 3735 6214 ce
3821 6048 4196 6214 Tableau.

3566 339 3886 536 Cercle
4206 339 4412 536 N13.

2874 537 3128 672 Zacharie
3176 537 3358 672 voyant
3406 537 3467 672 ſon
3515 537 3661 672 eſpee
3721 537 4024 672 aſſujettie,
4072 537 4254 672 comme
4302 537 4339 672 il
4375 537 4435 672 eſt
4496 537 4581 672 dit
4641 537 4690 672 au
4762 537 4932 672 Cercle

3013 668 3047 804 N.
3105 668 3210 804 10.
3256 668 3511 804 approche
3558 668 3627 804 icy
3697 668 3731 804 du
3801 668 3905 804 pied
3963 668 4207 804 gauche,
4334 668 4334 804 &
4381 668 4613 804 portant
4659 668 4694 804 ſa
4752 668 4879 804 lame
4937 668 4972 804 en

2971 792 3365 926 Circonference
3431 792 3464 926 de
3530 792 3606 926 bas
3650 792 3683 926 en
3738 792 3891 926 haut,
3924 792 3957 926 il
3990 792 4088 926 tire
4132 792 4176 926 en
4241 792 4417 926 courbe
4482 792 4482 926 à
4559 792 4592 926 la
4658 792 4888 926 poitrine
4953 792 4986 926 de

2953 915 3012 1050 ſon
3093 915 3396 1050 Contraire.
3536 915 3827 1050 Alexandre
3897 915 4037 1050 dreſſe
4095 915 4130 1050 au
4200 915 4363 1050 meſme
4409 915 4584 1050 temps
4619 915 4689 1050 ſon
4759 915 4899 1050 eſpee
4945 915 4980 1050 en

2976 1041 3128 1178 droite
3163 1041 3327 1178 ligne,
3374 1041 3456 1178 qui
3527 1041 3562 1178 de
3621 1041 3679 1178 ſon
3738 1041 3843 1178 fort
3902 1041 4254 1178 rencontrant
4289 1041 4324 1178 le
4371 1041 4512 1178 foible
4570 1041 4606 1178 de
4653 1041 4770 1178 celle
4852 1041 4875 1178 de
4946 1041 4981 1178 ſa

2953 1164 3172 1306 partie,
3229 1164 3264 1306 le
3310 1164 3448 1306 bleſſe
3518 1164 3518 1306 à
3587 1164 3621 1306 la
3679 1164 3863 1306 cheute
3921 1164 3956 1306 du
4025 1164 4163 1306 corps
4244 1164 4382 1306 d’une
4417 1164 4693 1306 contraire
4739 1164 4912 1306 courbe
4970 1164 4982 1306 à

2953 1312 3173 1423 travers
3217 1312 3261 1423 la
3305 1312 3515 1423 teſte.

3328 1416 3341 1552 E
3432 1416 3680 1552 Cercle
3732 1416 3849 1552 icy
3901 1416 4032 1552 tire
4097 1416 4188 1552 ſon
4266 1416 4566 1552 origine
4644 1416 4710 1552 de
4749 1416 4983 1552 l’ope-

3298 1542 3520 1677 ration
3618 1542 4123 1677 precedente
4209 1542 4258 1677 du
4394 1542 4640 1677 Cercle
4763 1542 4800 1677 N.
4874 1542 4984 1677 10.

3310 1667 3359 1795 où
3481 1667 4054 1795 ALEXANDRE
4152 1667 4152 1795 à
4237 1667 4640 1795 aſſujettie
4725 1667 4774 1795 en
4872 1667 4981 1795 de-

3297 1793 3471 1925 hors
3545 1793 3594 1925 du
3669 1793 3842 1925 bras
3892 1793 4164 1925 l’eſpee
4238 1793 4300 1925 de
4350 1793 4449 1925 ſon
4560 1793 4993 1925 Contraire.

2880 1919 3408 2058 ZACHARIE
3492 1919 3540 2058 en
3636 1919 3696 2058 ce
3816 1919 4056 2058 Cercle
4116 1919 4356 2058 ayant
4428 1919 4836 2058 approché
4896 1919 4956 2058 au

2871 2043 3131 2185 meſme
3180 2043 3439 2185 temps
3501 2043 3550 2185 le
3612 2043 3785 2185 pied
3871 2043 4168 2185 gauche
4229 2043 4588 2185 juſqu’es
4662 2043 4723 2185 au
4822 2043 4958 2185 coin

2842 2167 2905 2311 du
3044 2167 3409 2311 Quadrat,
3510 2167 3838 2311 portant
3901 2167 3951 2311 la
4027 2167 4304 2311 pointe
4367 2167 4430 2311 de
4506 2167 4543 2311 ſa
4606 2167 4808 2311 lame
4871 2167 4984 2311 par

2826 2293 2976 2416 une
3057 2293 3299 2416 demie
3414 2293 4036 2416 Circonference
4117 2293 4174 2416 de
4243 2293 4359 2416 bas
4428 2293 4474 2416 en
4543 2293 4785 2416 haut,
4877 2293 4992 2416 en-

2832 2419 3030 2559 trant
3130 2419 3179 2559 du
3266 2419 3440 2559 pied
3515 2419 3701 2559 droit
3813 2419 3813 2559 &
3862 2419 3912 2559 le
3974 2419 4247 2559 poſant
4297 2419 4409 2559 ſur
4446 2419 4508 2559 le
4595 2419 4980 2559 Diametre

2827 2546 2839 2688 à
2889 2546 2938 2688 la
2987 2546 3221 2688 lettre
3307 2546 3357 2688 V,
3406 2546 3443 2688 il
3492 2546 3628 2688 tire
3689 2546 3739 2688 en
3825 2546 4120 2688 courbe
4182 2546 4182 2688 à
4244 2546 4293 2688 la
4367 2546 4712 2688 poitrine
4798 2546 4859 2688 de
4933 2546 4983 2688 ſa

2828 2671 3132 2816 partie.
3290 2671 3837 2816 ALEXANDRE
3922 2671 4480 2816 s’apercevant
4590 2671 4723 2816 que
4881 2671 4881 2816 Z
4942 2671 4991 2816 a-

2852 2810 3199 2927 CHARIE
3268 2810 3743 2927 commence
3789 2810 3801 2927 à
3858 2810 3916 2927 ſe
3974 2810 4345 2927 preparer
4426 2810 4622 2927 pour
4692 2810 4981 2927 quitter

2828 2930 2938 3053 ſon
3011 2930 3278 3053 eſpee,
3339 2930 3631 3053 avance
3691 2930 3764 3053 un
3837 2930 3971 3053 peu
4044 2930 4105 3053 le
4178 2930 4433 3053 corps,
4555 2930 4567 3053 &
4652 2930 4980 3053 dreſſant

2842 3057 2890 3178 en
2999 3057 3253 3178 meſme
3302 3057 3471 3178 tẽps
3531 3057 3628 3178 ſon
3725 3057 3943 3178 eſpee
4003 3057 4051 3178 en
4136 3057 4342 3178 ligne
4426 3057 4692 3178 droite,
4729 3057 4765 3178 il
4826 3057 4995 3178 ren-

2838 3171 3112 3293 contre
3200 3171 3249 3293 du
3349 3171 3499 3293 fort
3573 3171 3860 3293 d’icelle
3935 3171 3985 3293 le
4047 3171 4296 3293 foible
4371 3171 4433 3293 de
4520 3171 4695 3293 celle
4795 3171 4857 3293 de
4932 3171 4969 3293 ſa

2826 3299 3110 3439 partie;
3169 3299 3323 3439 puis
3394 3299 3701 3439 entrant
3772 3299 3820 3439 du
3903 3299 4080 3439 pied
4151 3299 4376 3439 droit,
4471 3299 4518 3439 en
4589 3299 4980 3439 tournant

2824 3422 2872 3560 ſa
2932 3422 3159 3560 garde
3230 3422 3278 3560 en
3350 3422 3553 3560 ſorte
3625 3422 3756 3560 que
3816 3422 3923 3560 les
4019 3422 4210 3560 doits
4294 3422 4365 3560 de
4413 3422 4449 3560 la
4545 3422 4688 3560 main
4796 3422 4999 3560 vien-

2830 3559 3019 3686 nent
3082 3559 3132 3686 en
3208 3559 3422 3686 haut,
3472 3559 3497 3686 il
3548 3559 3787 3686 bleſſe
3837 3559 3887 3686 ſa
3950 3559 4189 3686 partie
4240 3559 4303 3686 au
4378 3559 4655 3686 viſage,
4756 3559 4756 3686 &
4806 3559 4982 3686 avec

2845 3690 2981 3813 cela
3042 3690 3400 3813 plantant
3449 3690 3498 3813 le
3560 3690 3732 3813 pied
3794 3690 4028 3813 eſlevé
4077 3690 4176 3813 ſur
4225 3690 4274 3813 le
4385 3690 4767 3813 Diametre
4828 3690 4989 3813 per-

2833 3818 3434 3938 pendiculaire,
3484 3818 3597 3938 par
3684 3818 3822 3938 delà
3885 3818 3935 3938 le
3985 3818 4385 3938 principal
4473 3818 4861 3938 Diametre
4911 3818 4974 3938 au

2833 3944 3062 4064 point
3177 3944 3240 4064 M,
3304 3944 3584 4064 faiſant
3647 3944 3889 4064 ſuivre
3966 3944 4016 4064 le
4106 3944 4398 4064 gauche
4449 3944 4462 4064 à
4525 3944 4564 4064 la
4640 3944 4869 4064 lettre
4958 3944 4996 4064 F,

2831 4067 3216 4191 tournant
3264 4067 3312 4191 le
3385 4067 3577 4191 coſté
3650 4067 3951 4191 gauche
3999 4067 4168 4191 plus
4240 4067 4288 4191 en
4372 4067 4685 4191 dehors,
4734 4067 4770 4191 il
4842 4067 4999 4191 per-

2841 4193 2900 4309 ce
2982 4193 3017 4309 ſa
3111 4193 3358 4309 partie
3440 4193 3651 4309 d’une
3722 4193 4085 4309 eſtocade
4168 4193 4179 4309 à
4250 4193 4555 4309 travers
4626 4193 4661 4309 la
4743 4193 4990 4309 teſte;

2846 4305 3151 4453 comme
3200 4305 3237 4453 il
3298 4305 3383 4453 eſt
3432 4305 3896 4453 repreſenté
3945 4305 4067 4453 par
4116 4305 4336 4453 leurs
4397 4305 4726 4453 figures.

569 354 808 477 partie
858 354 908 477 au
997 354 1261 477 viſage,
1311 354 1664 477 plantant
1714 354 1764 477 le
1815 354 1991 477 pied
2054 354 2293 477 eſlevé
2368 354 2368 477 à
2444 354 2482 477 la
2545 354 2683 477 let-

569 470 659 601 tre
749 470 825 601 S,
889 470 1286 601 penchant
1337 470 1389 601 le
1453 470 1658 601 corps
1734 470 2003 601 deſſus,
2118 470 2118 601 &
2182 470 2477 601 laiſſant
2554 470 2682 601 ſui-

575 596 680 729 vre
739 596 798 729 le
880 596 1162 729 gauche
1221 596 1256 729 il
1315 596 1656 729 execute
1703 596 1808 729 ſon
1891 596 2302 729 eſtocade;
2384 596 2678 729 comme

558 730 650 831 les
708 730 995 831 figures
1076 730 1536 831 monſtrent.

1052 2215 1052 2336 E
1165 2215 1403 2336 Cercle
1454 2215 1692 2336 prend
1755 2215 1855 2336 ſon
1956 2215 2245 2336 origine
2332 2215 2383 2336 du
2483 2215 2684 2336 com-

1044 2335 1537 2458 mencement
1638 2335 1750 2458 des
1851 2335 2310 2458 operations
2399 2335 2679 2458 prece-

1043 2462 1310 2581 dentes
1371 2462 1419 2581 du
1528 2462 1771 2581 Cercle
1868 2462 1916 2581 N.
1965 2462 2074 2581 10.
2134 2462 2183 2581 où
2292 2462 2680 2581 ALEXAN-

1032 2586 1174 2710 DRE
1245 2586 1551 2710 entrant
1622 2586 1669 2710 du
1764 2586 1941 2710 pied
2035 2586 2212 2710 droit
2271 2586 2283 2710 à
2342 2586 2389 2710 ſa
2496 2586 2637 2710 main

564 2707 792 2838 droite
865 2707 1021 2838 vers
1057 2707 1105 2838 la
1178 2707 1527 2838 Seconde
1587 2707 1984 2838 Inſtance,
2044 2707 2237 2838 pour
2285 2707 2670 2838 aſſujettir

538 2838 538 2964 l
624 2838 821 2964 lame
894 2838 956 2964 de
1005 2838 1054 2964 ſa
1103 2838 1385 2964 partie,
1435 2838 1435 2964 à
1496 2838 1619 2964 fait
1680 2838 1815 2964 que
1926 2838 2380 2964 ZACHARIE
2454 2838 2503 2964 en
2613 2838 2662 2964 ce

545 2959 849 3088 temps,
950 2959 1267 3088 attirant
1330 2959 1381 3088 le
1457 2959 1622 3088 pied
1711 2959 2002 3088 gauche
2091 2959 2142 3088 du
2294 2959 2674 3088 Quadrat,

537 3085 1023 3214 abandonne
1083 3085 1120 3214 ſa
1168 3085 1363 3214 lame
1484 3085 1484 3214 &
1557 3085 1678 3214 luy
1739 3085 1860 3214 tire
1921 3085 2030 3214 par
2103 3085 2151 3214 le
2249 3085 2528 3214 dedans
2601 3085 2649 3214 du

537 3213 705 3338 bras
765 3213 824 3338 de
884 3213 1112 3338 toute
1159 3213 1195 3338 ſa
1255 3213 1470 3338 force
1530 3213 1578 3338 en
1662 3213 1901 3338 droite
1949 3213 2152 3338 ligne
2224 3213 2224 3338 à
2296 3213 2344 3338 la
2404 3213 2667 3338 poitri-

539 3336 648 3463 ne.
734 3336 746 3463 A
832 3336 1381 3463 LEXANDRE
1430 3336 1589 3463 lors
1662 3336 1882 3463 dreſſe
1931 3336 1980 3463 le
2029 3336 2200 3463 bras
2310 3336 2310 3463 &
2358 3336 2676 3463 l’eſpee,

595 3462 595 3574 &
655 3462 1197 3574 rencontrant
1281 3462 1329 3574 du
1425 3462 1570 3574 fort
1654 3462 1714 3574 de
1787 3462 1823 3574 ſa
1895 3462 2087 3574 lame
2148 3462 2208 3574 le
2280 3462 2521 3574 foible
2605 3462 2677 3574 de

546 3589 719 3718 celle
806 3589 868 3718 de
943 3589 980 3718 ſa
1054 3589 1339 3718 partie,
1401 3589 1438 3718 il
1500 3589 1785 3718 gradue
1847 3589 1947 3718 les
2009 3589 2256 3718 lames
2331 3589 2380 3718 en
2467 3589 2665 3718 ſorte

547 3715 708 3845 qu’il
770 3715 931 3845 faut
1018 3715 1142 3845 que
1204 3715 1315 3845 ſon
1415 3715 1811 3845 Contraire
1873 3715 1985 3845 luy
2071 3715 2257 3845 cede
2307 3715 2344 3845 la
2431 3715 2666 3845 droite

528 3839 792 3970 ligne,
855 3839 1120 3970 lequel
1183 3839 1221 3970 il
1284 3839 1511 3970 bleſſe
1574 3839 1637 3970 au
1725 3839 2027 3970 travers
2065 3839 2116 3970 la
2179 3839 2393 3970 teſte,
2469 3839 2683 3970 plan-

535 3966 692 4096 tant
741 3966 789 4096 le
850 3966 1019 4096 pied
1092 3966 1273 4096 droit
1334 3966 1563 4096 eſlevé
1636 3966 1745 4096 par
1818 3966 1951 4096 delà
1999 3966 2047 4096 le
2144 3966 2531 4096 Diametre
2592 3966 2640 4096 au

538 4092 758 4218 point
869 4092 905 4218 G,
967 4092 1359 4218 penchant
1408 4092 1457 4218 le
1530 4092 1751 4218 corps
1800 4092 1897 4218 ſur
1959 4092 2228 4218 iceluy
2351 4092 2351 4218 &
2412 4092 2669 4218 faiſant

535 4216 780 4342 ſuivre
842 4216 903 4342 le
989 4216 1320 4342 gauche;
1431 4216 1737 4342 comme
1799 4216 1835 4342 il
1909 4216 2191 4342 appert
2253 4216 2375 4342 par
2437 4216 2547 4342 les
2608 4216 2682 4342 fi-

562 4368 797 4471 gures.

1288 1212 1583 1388 Cercle
1787 1212 2128 1388 N.12.

579 1445 833 1567 Zacharie
894 1445 942 1567 au
1003 1445 1172 1567 temps
1233 1445 1669 1567 qu’Alexandre
1730 1445 1803 1567 luy
1863 1445 1997 1567 vient
2069 1445 2336 1567 aſſujettir
2397 1445 2578 1567 l’eſpee
2627 1445 2675 1567 au

689 1567 842 1692 Cercle
957 1567 995 1692 N.
1058 1567 1160 1692 10.
1224 1567 1249 1692 il
1300 1567 1453 1692 attire
1516 1567 1542 1692 le
1606 1567 1720 1692 pied
1771 1567 1975 1692 gauche
2026 1567 2102 1692 ſur
2140 1567 2178 1692 le
2267 1567 2547 1692 Quadrat,
2675 1567 2675 1692 &

670 1693 1052 1818 abandonnant
1096 1693 1141 1818 la
1186 1693 1310 1818 lame
1366 1693 1400 1818 de
1433 1693 1478 1818 ſa
1523 1693 1725 1818 partie,
1793 1693 1826 1818 il
1860 1693 1927 1818 luy
1972 1693 2062 1818 tire
2118 1693 2152 1818 de
2197 1693 2343 1818 toute
2399 1693 2432 1818 ſa
2489 1693 2612 1818 force
2668 1693 2668 1818 à

661 1822 698 1946 la
747 1822 1003 1946 poitrine.
1138 1822 1431 1946 Alexandre
1492 1822 1627 1946 dreſſe
1676 1822 1773 1946 lors
1810 1822 1847 1946 le
1884 1822 1994 1946 bras
2079 1822 2091 1946 &
2140 1822 2336 1946 l’eſpee,
2397 1822 2470 1946 qui
2519 1822 2556 1946 de
2605 1822 2666 1946 ſon

667 1949 758 2066 fort
814 1949 1155 2066 rencontrant
1200 1949 1223 2066 le
1268 1949 1416 2066 foible
1473 1949 1507 2066 de
1552 1949 1665 2066 celle
1722 1949 1745 2066 de
1790 1949 1836 2066 ſa
1881 1949 2097 2066 partie,
2153 1949 2221 2066 luy
2267 1949 2369 2066 fait
2414 1949 2585 2066 quiter
2630 1949 2664 2066 la

664 2067 801 2194 ligne
863 2067 1037 2194 droite,
1136 2067 1136 2194 &
1199 2067 1472 2194 graduant
1510 2067 1547 2194 il
1584 2067 1609 2194 le
1646 2067 1796 2194 bleſſe
1833 2067 1846 2194 à
1908 2067 2119 2194 travers
2157 2067 2194 2194 la
2244 2067 2443 2194 teſte.
