5520 7640
1136 1336 1274 1500 DE
1413 1336 2542 1500 CLARATION
2779 1336 3036 1500 DES
3294 1336 4462 1500 OPERATIONS

1701 1540 1800 1627 DV
1971 1540 2510 1627 TABLEAV
2694 1540 3021 1627 VINGT
3163 1540 3262 1627 ET
3375 1540 3872 1627 SIXIEME.

4802 6802 4942 6891 Cer-

3311 5182 3803 5310 LEXANDRE
3875 5182 4175 5310 s’eſtant
4283 5182 4379 5310 mis
4475 5182 4511 5310 en
4607 5182 4920 5310 poſture

3295 5310 3598 5400 comme
3644 5310 3702 5400 au
3807 5310 4051 5400 Cercle
4179 5310 4214 5400 N.
4261 5310 4307 5400 1.
4389 5310 4679 5400 comme
4738 5310 4772 5400 il
4842 5310 4924 5400 eſt

3286 5419 3478 5559 preſt
3568 5419 3619 5559 de
3696 5419 4016 5559 ſujetter
4067 5419 4336 5559 l’eſpee
4412 5419 4476 5559 de
4553 5419 4643 5559 ſon
4771 5419 4937 5559 Con-

3289 5560 3503 5675 traire
3566 5560 3730 5675 ainſi
3793 5560 3982 5675 qu’au
4095 5560 4335 5675 Cercle
4385 5560 4713 5675 ſuyvant
4814 5560 4927 5675 N.3.

2882 5682 3015 5798 ZAC
3099 5682 3316 5798 HARIE
3400 5682 3545 5798 oſte
3617 5682 3714 5798 ſon
3822 5682 4027 5798 eſpee
4184 5682 4184 5798 &
4281 5682 4558 5798 avance
4630 5682 4678 5798 le
4751 5682 4932 5798 pied

2858 5801 3032 5925 droit
3081 5801 3405 5925 juſques
3454 5801 3467 5925 a
3529 5801 3579 5925 la
3641 5801 3864 5925 lettre
3964 5801 4026 5925 V,
4150 5801 4150 5925 &
4213 5801 4498 5925 laiſſant
4561 5801 4797 5925 ſuivre
4871 5801 4921 5925 le

2843 5927 3165 6056 gauche,
3202 5927 3227 6056 il
3289 5927 3499 6056 porte
3549 5927 3685 6056 une
3747 5927 4107 6056 eſtocade
4181 5927 4367 6056 droit
4404 5927 4466 6056 au
4540 5927 4776 6056 viſage
4862 5927 4924 6056 de

2828 6052 2875 6176 ſa
2957 6052 3238 6176 partie.
3425 6052 3975 6176 ALEXANDRE
4046 6052 4350 6176 adverti
4420 6052 4537 6176 par
4608 6052 4654 6176 le
4701 6052 4935 6176 ſenti-

2857 6164 3037 6304 ment
3109 6164 3169 6304 du
3241 6164 3685 6304 partement
3757 6164 3817 6304 de
3865 6164 4130 6304 l’eſpee
4202 6164 4262 6304 de
4322 6164 4418 6304 ſon
4538 6164 4922 6304 Contraire

2829 6296 3069 6425 ferme
3119 6296 3157 6425 la
3208 6296 3448 6425 ligne,
3549 6296 3562 6425 &
3638 6296 3966 6425 bleſſant
4029 6296 4067 6425 ſa
4143 6296 4371 6425 partie
4447 6296 4447 6425 a
4522 6296 4826 6425 travers
4889 6296 4927 6425 la

2838 6421 3031 6550 teſte
3069 6421 3108 6550 il
3160 6421 3404 6550 plante
3456 6421 3507 6550 le
3559 6421 3726 6550 pied
3790 6421 3970 6550 droit
4035 6421 4266 6550 eſlevé
4331 6421 4331 6550 a
4395 6421 4446 6550 la
4511 6421 4742 6550 lettre
4871 6421 4923 6550 Q;

2839 6536 3023 6680 ſelon
3103 6536 3261 6680 qu’il
3327 6536 3407 6680 eſt
3473 6536 3895 6680 demonſtré
3961 6536 4080 6680 par
4120 6536 4160 6680 ſa
4212 6536 4490 6680 figure.

1547 1731 1547 1955 L
1667 1731 1787 1955 ny
1887 1731 1887 1955 a
1987 1731 2467 1955 homme
2567 1731 2788 1955 tant
2848 1731 3208 1955 ſimple
3288 1731 3468 1955 ſoit
3528 1731 3628 1955 il,
3748 1731 3889 1955 qui
3989 1731 4089 1955 ne
4209 1731 4489 1955 deſire
4589 1731 4929 1955 eſviter

1463 1936 1533 2085 un
1630 1936 1908 2085 danger
1992 1936 2354 2085 congnu;
2437 1936 2577 2085 mais
2632 1936 2674 2085 il
2730 1936 3161 2085 adviendra
3272 1936 3718 2085 maintefois
3801 1936 3982 2085 qu’en
4066 1936 4400 2085 penſant
4469 1936 4831 2085 l’eſviter,
4887 1936 4929 2085 il

1451 2081 1830 2226 tombera
1906 2081 1957 2226 en
2033 2081 2096 2226 un
2172 2081 2602 2226 beaucoup
2665 2081 2830 2226 plus
2893 2081 3576 2226 dommageable:
3652 2081 3778 2226 cela
3842 2081 3892 2226 ſe
3956 2081 4095 2226 voit
4158 2081 4917 2226 particulierement

1468 2224 1520 2367 es
1586 2224 1887 2367 aions
1992 2224 2398 2367 militaires,
2450 2224 2764 2367 comme
2830 2224 3039 2367 celles
3105 2224 3223 2367 qui
3262 2224 3458 2367 nous
3511 2224 3799 2367 preſſẽt
3838 2224 3890 2367 le
3943 2224 4100 2367 plus
4179 2224 4231 2367 de
4309 2224 4598 2367 crainte
4650 2224 4715 2367 ou
4807 2224 4925 2367 d’e-

1461 2358 1725 2505 ſpoir:
1808 2358 1905 2505 car
1947 2358 1989 2505 il
2030 2358 2086 2505 ſe
2155 2358 2294 2505 fera
2378 2358 2586 2505 qu’un
2711 2358 3114 2505 Capitaine
3183 2358 3294 2505 qui
3336 2358 3502 2505 aura
3558 2358 3905 2505 projetté
3988 2358 4322 2505 quelque
4391 2358 4849 2505 entrepriſe,
4877 2358 4919 2505 la

1477 2501 1774 2642 voyant
1842 2501 2354 2642 deſcouverte
2422 2501 2530 2642 par
2584 2501 2678 2642 ſon
2800 2501 3150 2642 Ennemi,
3191 2501 3326 2642 fera
3393 2501 3798 2642 ſemblant
3865 2501 3933 2642 de
3973 2501 4014 2642 la
4081 2501 4918 2642 pourſuivre,juſques

572 2616 586 2782 a
654 2616 708 2782 ce
790 2616 912 2782 que
966 2616 1251 2782 l’ayant
1319 2616 1428 2782 par
1496 2616 1645 2782 c’eſt
1699 2616 2093 2782 aparance
2147 2616 2432 2782 rempli
2500 2616 2867 2782 d’eſpoir,
2935 2616 2989 2782 de
3070 2616 3315 2782 vincre
3396 2616 4048 2782 infalliblement
4129 2616 4455 2782 comme
4537 2616 4686 2782 bien
4768 2616 4930 2782 pre-

585 2771 790 2918 paré,
885 2771 885 2918 &
940 2771 981 2918 le
1049 2771 1336 2918 tenant
1391 2771 1459 2918 ou
1514 2771 1555 2918 il
1623 2771 1897 2918 deſire,
1979 2771 2020 2918 il
2075 2771 2198 2918 luy
2307 2771 2635 2918 monſtre
2690 2771 2744 2918 le
2813 2771 3072 2918 deſſein
3154 2771 3318 2918 qu’il
3373 2771 3619 2918 tenoit
3701 2771 3934 2918 caché
3988 2771 4234 2918 ſoubs
4289 2771 4330 2918 le
4398 2771 4781 2918 premier,
4849 2771 4904 2918 au

571 2911 841 3057 temps
922 2911 1071 3057 qu’il
1125 2911 1192 3057 ne
1260 2911 1381 3057 s’en
1462 2911 1638 3057 peut
1719 2911 2029 3057 deſdire.
2137 2911 2245 3057 Nos
2299 2911 2785 3057 champions
2853 2911 2961 3057 qui
3001 2911 3082 3057 ne
3136 2911 3298 3057 ſont
3366 2911 3407 3057 en
3515 2911 3866 3057 moindre
3933 2911 4217 3057 danger
4284 2911 4406 3057 que
4487 2911 4662 3057 deux
4730 2911 4932 3057 chefs

600 3046 654 3195 de
721 3046 1016 3195 guerre,
1057 3046 1526 3195 n’oublient
1580 3046 1701 3195 rien
1795 3046 1835 3195 en
1916 3046 2305 3195 l’exercice
2385 3046 2493 3195 des
2533 3046 2855 3195 feintes.
2949 3046 3056 3195 Car
3164 3046 3593 3195 Alexandre
3647 3046 3875 3195 ayant
3929 3046 3996 3195 au
4090 3046 4412 3195 Tableau
4479 3046 4922 3195 precedent

625 3180 824 3335 XXV
938 3180 981 3335 eu
1109 3180 1351 3335 deſſein
1480 3180 1537 3335 de
1608 3180 1879 3335 bleſſer
1936 3180 1964 3335 ſa
2035 3180 2278 3335 partie
2349 3180 2477 3335 d’un
2577 3180 2762 3335 coup
2862 3180 2919 3335 de
2976 3180 3360 3335 premiere
3417 3180 3888 3335 intention,
3945 3180 4044 3335 ſur
4087 3180 4486 3335 l’occaſion
4600 3180 4757 3335 qu’il
4799 3180 4928 3335 luy

600 3325 929 3471 donnoit
997 3325 1107 3471 par
1162 3325 1203 3471 ſa
1271 3325 1627 3471 poſture,
1737 3325 1737 3471 &
1791 3325 1846 3471 en
1928 3325 2175 3471 eſtant
2257 3325 2435 3471 venu
2503 3325 2503 3471 a
2572 3325 2640 3471 fin
2722 3325 2777 3471 au
2900 3325 3147 3471 Cercle
3284 3325 3448 3471 N.10.
3517 3325 3571 3471 du
3681 3325 3941 3471 meſme
4037 3325 4420 3471 Tableau,
4461 3325 4680 3471 apres
4721 3325 4927 3471 avoir

572 3465 752 3610 fai
807 3465 876 3610 un
959 3465 1070 3610 pas
1125 3465 1236 3610 par
1305 3465 1444 3610 dela
1568 3465 1998 3610 Diametre;
2053 3465 2344 3610 voyant
2413 3465 2524 3610 icy
2607 3465 2731 3610 que
2787 3465 2828 3610 ſa
2883 3465 3133 3610 partie
3188 3465 3230 3610 ſe
3299 3465 3673 3610 preſente
3742 3465 4074 3610 preſque
4143 3465 4199 3610 en
4323 3465 4586 3610 meſme
4655 3465 4932 3610 façon,

566 3605 909 3747 jugeant
975 3605 1134 3747 qu’il
1187 3605 1412 3747 ſeroit
1491 3605 1795 3747 difficile
1861 3605 1927 3747 de
1980 3605 2403 3747 l’attaquer
2456 3605 2509 3747 en
2575 3605 2615 3747 la
2707 3605 2985 3747 meſme
3038 3605 3263 3747 ſorte,
3329 3605 3646 3747 comme
3712 3605 3950 3747 eſtant
4003 3605 4320 3747 preparé
4373 3605 4373 3747 a
4426 3605 4929 3747 l’encontre,

568 3744 594 3884 il
647 3744 846 3884 feint
899 3744 1443 3884 neantmoins
1509 3744 1576 3884 de
1629 3744 1682 3884 le
1748 3744 2053 3884 vouloir
2093 3744 2332 3884 faire,
2411 3744 2557 3884 mais
2610 3744 2676 3884 au
2743 3744 2915 3884 fai
2968 3744 3021 3884 le
3074 3744 3366 3884 voyant
3432 3744 3750 3884 engagé,
3817 3744 3857 3884 il
3896 3744 3936 3884 le
4002 3744 4360 3884 pourſuit
4440 3744 4612 3884 tout
4692 3744 4917 3884 d’une

569 3880 792 4027 autre
883 3880 1250 4027 maniere,
1289 3880 1407 4027 luy
1473 3880 1866 4027 ſujettant
1905 3880 2180 4027 l’eſpee
2246 3880 2364 4027 par
2429 3880 2599 4027 deça
2652 3880 2691 4027 le
2770 3880 3150 4027 diametre
3202 3880 3713 4027 nonobſtant
3765 3880 3935 4027 tous
3988 3880 4080 4027 ſes
4145 3880 4459 4027 offerts;
4525 3880 4839 4027 comme
4892 3880 4931 4027 il

590 4020 674 4166 eſt
730 4020 953 4166 porte
1009 4020 1135 4166 aux
1247 4020 1540 4166 Cercles
1610 4020 1638 4166 3,
1694 4020 1736 4166 5,
1805 4020 1833 4166 8,
1889 4020 2001 4166 10,
2099 4020 2099 4166 &
2155 4020 2238 4166 12.
2308 4020 2853 4166 pourſuivant
2895 4020 2951 4166 le
3020 4020 3202 4166 reſte
3272 4020 3579 4166 comme
3635 4020 3663 4166 il
3705 4020 3761 4166 ſe
3816 4020 4012 4166 verra
4068 4020 4124 4166 en
4194 4020 4235 4166 la
4291 4020 4473 4166 ſuite
4557 4020 4613 4166 de
4682 4020 4738 4166 ce
4822 4020 4934 4166 Ta-

572 4158 834 4262 bleau.

3535 4388 3858 4564 Cercle
4073 4388 4374 4564 N.2.

2847 4631 3037 4747 Comme
3132 4631 3429 4747 Alexandre
3489 4631 3536 4747 eſt
3596 4631 3727 4747 preſt
3774 4631 3810 4747 de
3845 4631 4071 4747 ſujetter
4119 4631 4297 4747 l’eſpee
4357 4631 4380 4747 de
4416 4631 4487 4747 ſon
4571 4631 4915 4747 Contraire,

2987 4753 3233 4873 Zacharie
3304 4753 3421 4873 l’oſte
3526 4753 3538 4873 &
3597 4753 3690 4873 tire
3749 4753 3831 4873 une
3889 4753 4124 4873 eſtocade
4171 4753 4218 4873 au
4288 4753 4464 4873 viſage
4534 4753 4569 4873 de
4628 4753 4663 4873 ſa
4733 4753 4921 4873 partie:

2991 4882 3289 5001 Alexandre
3336 4882 3551 5001 adverti
3587 4882 3670 5001 par
3706 4882 3742 5001 le
3777 4882 4063 5001 ſentiment
4099 4882 4254 5001 ferme
4314 4882 4349 5001 la
4409 4882 4540 5001 ligne
4695 4882 4826 5001 bleſſe
4886 4882 4921 5001 ſa

2947 5006 3120 5120 partie
3175 5006 3175 5120 a
3229 5006 3436 5120 travers
3479 5006 3522 5120 la
3566 5006 3772 5120 teſte.

1286 4391 1651 4558 Cercle.
1974 4391 2081 4558 .

596 4612 849 4738 Zacharie
895 4612 1101 4738 s’eſtant
1170 4612 1228 4738 mis
1273 4612 1308 4738 en
1354 4612 1583 4738 poſture,
1618 4612 1847 4738 preſente
1893 4612 1951 4738 ſon
2008 4612 2134 4738 eſpee
2180 4612 2214 4738 la
2260 4612 2421 4738 pointe
2467 4612 2685 4738 teurnée

681 4740 794 4863 vers
839 4740 895 4863 ſon
952 4740 1064 4863 coſté
1121 4740 1346 4863 gauche.
1437 4740 1730 4863 Alexandre
1775 4740 2000 4863 prenant
2046 4740 2079 4863 la
2124 4740 2373 4863 preiere
2429 4740 2677 4863 Inſtance,

705 4867 818 4988 mene
863 4867 930 4988 ſon
975 4867 1110 4988 eſpee
1155 4867 1245 4988 par
1290 4867 1368 4988 une
1447 4867 1582 4988 demie
1649 4867 2043 4988 Circonference
2099 4867 2133 4988 de
2211 4867 2245 4988 ſa
2312 4867 2504 4988 gauche
2582 4867 2582 4988 a
2638 4867 2672 4988 la

697 4987 855 5112 droite
915 4987 1133 5112 deſſoubs
1169 4987 1278 5112 celle
1339 4987 1375 5112 de
1411 4987 1448 5112 ſa
1496 4987 1690 5112 partie,
1738 4987 1993 5112 taſchant
2041 4987 2077 5112 de
2114 4987 2271 5112 ſentir
2320 4987 2344 5112 le
2404 4987 2562 5112 poids.

1065 5125 1488 5258 ACHARIE
1575 5125 1811 5258 eſtant
1874 5125 1923 5258 en
2010 5125 2322 5258 poſture
2396 5125 2446 5258 le
2508 5125 2682 5258 pied

1063 5251 1232 5379 droit
1297 5251 1543 5379 planté
1608 5251 1660 5379 au
1737 5251 1945 5379 point
2049 5251 2101 5379 X,
2204 5251 2217 5379 &
2269 5251 2321 5379 le
2386 5251 2671 5379 gauche

1031 5376 1102 5502 un
1186 5376 1412 5502 grand
1459 5376 1578 5502 pas
1626 5376 1923 5502 arriere,
1971 5376 2185 5502 ayant
2244 5376 2304 5502 le
2375 5376 2530 5502 bras
2661 5376 2672 5502 &

1030 5499 1302 5623 l’eſpee
1396 5499 1727 5623 tournée
1810 5499 1846 5623 la
1940 5499 2212 5623 pointe
2271 5499 2283 5623 a
2366 5499 2413 5623 ſa
2508 5499 2650 5623 main

587 5623 903 5755 gauche;
963 5623 1266 5755 comme
1315 5623 1351 5755 la
1424 5623 1666 5755 figure
1715 5623 1776 5755 le
1860 5623 2200 5755 monſtre.
2309 5623 2685 5755 ALEXAND.

573 5749 631 5878 va
700 5749 1083 5878 travailler
1141 5749 1152 5878 a
1222 5749 1732 5878 l’encontre,
1790 5749 2126 5878 prenant
2172 5749 2207 5878 la
2311 5749 2682 5878 Premiere

575 5871 957 6003 Inſtance,
1019 5871 1340 6003 mettant
1377 5871 1439 6003 le
1488 5871 1661 6003 pied
1722 5871 1908 6003 droit
1982 5871 2253 6003 dedans
2303 5871 2352 6003 le
2438 5871 2685 6003 Cercle

572 5997 680 6105 ſur
740 5997 800 6105 le
909 5997 1282 6105 Diametre
1366 5997 1582 6105 outre
1642 5997 1679 6105 la
1751 5997 1979 6105 lettre
2088 5997 2160 6105 C,
2280 5997 2569 6105 menant
2641 5997 2677 6105 la

583 6120 853 6254 pointe
951 6120 1012 6254 de
1085 6120 1183 6254 ſon
1269 6120 1477 6254 eſpee
1551 6120 1661 6254 par
1735 6120 1869 6254 une
1967 6120 2200 6254 demie
2310 6120 2690 6254 Circonfe-

582 6242 798 6373 rence
870 6242 931 6373 de
991 6242 1087 6373 ſon
1171 6242 1364 6373 coſté
1424 6242 1713 6373 gauche
1785 6242 1941 6373 vers
1977 6242 2037 6373 le
2110 6242 2326 6373 droit,
2374 6242 2434 6373 au
2543 6242 2687 6373 deſ-

567 6371 806 6499 ſoubs
877 6371 1044 6499 celle
1116 6371 1175 6499 de
1223 6371 1271 6499 ſa
1330 6371 1605 6499 partie,
1641 6371 1986 6499 taſchant
2058 6371 2189 6499 d’un
2261 6371 2416 6499 bras
2487 6371 2690 6499 cour-

572 6492 647 6625 bé
722 6492 847 6625 d’en
922 6492 1147 6625 ſentir
1197 6492 1247 6625 le
1297 6492 1560 6625 poids;
1635 6492 1948 6625 mettant
2023 6492 2073 6625 le
2135 6492 2311 6625 pied
2386 6492 2673 6625 gauche

598 6618 763 6744 deſia
839 6618 1067 6744 eſlevé
1130 6618 1231 6744 ſur
1295 6618 1345 6744 la
1409 6618 1637 6744 lettre
1763 6618 1839 6744 G;
1953 6618 2257 6744 comme
2321 6618 2359 6744 ſa
2435 6618 2688 6744 figure

602 6754 939 6845 monſtre.
