5520 7640
636 6925 816 7068 Comme
935 6925 1234 7068 Alexandre
1306 6925 1306 7068 a
1390 6925 1449 7068 mis
1497 6925 1521 7068 le
1569 6925 1677 7068 pied
1736 6925 1940 7068 gauche
1987 6925 1987 7068 a
2047 6925 2083 7068 la
2119 6925 2286 7068 lettre
2382 6925 2430 7068 G,
2502 6925 2753 7068 Zacharie

1296 4021 1616 4216 Cercle
1822 4021 2119 4216 N.'.

3364 2900 3857 3017 LEXANDRE
3939 2900 4174 3017 eſtant
4256 2900 4303 3017 en
4397 2900 4444 3017 la
4549 2900 4807 3017 meſme
4889 2900 5018 3017 po-

3337 3025 3539 3141 ſture
3628 3025 3792 3141 qu’il
3868 3025 3944 3141 eſt
4033 3025 4488 3141 repreſenté
4564 3025 4628 3141 au
4754 3025 5007 3141 Cercle

3396 3152 3434 3274 N.
3496 3152 3533 3274 5.
3646 3152 4107 3274 ZACHARIE
4244 3152 4531 3274 marche
4644 3152 4706 3274 du
4831 3152 5005 3274 pied

3355 3277 3537 3398 droit
3586 3277 3646 3398 au
3719 3277 3937 3398 point
4047 3277 4107 3398 V,
4180 3277 4507 3398 retirant
4580 3277 4677 3398 ſon
4786 3277 5005 3398 eſpee

2855 3401 3046 3520 pour
3093 3401 3153 3520 le
3201 3401 3475 3520 bleſſer
3522 3401 3582 3520 au
3653 3401 3939 3520 flancq:
4034 3401 4189 3520 mais
4273 3401 4821 3520 ALEXANDRE
4904 3401 5011 3520 s’a-

2860 3528 3304 3648 percevant
3365 3528 3473 3648 par
3545 3528 3593 3648 le
3653 3528 3930 3648 poids,
4050 3528 4182 3648 que
4254 3528 4350 3648 ſon
4471 3528 4855 3648 Contraire
4940 3528 4988 3648 en

2875 3653 3114 3776 oſtant
3190 3653 3291 3776 ſon
3391 3653 3605 3776 eſpee
3694 3653 3769 3776 de
3870 3653 4122 3776 deſſus
4197 3653 4235 3776 la
4323 3653 4588 3776 ſienne
4650 3653 4688 3776 la
4776 3653 5016 3776 retire

2862 3782 3056 3903 pour
3116 3782 3238 3903 luy
3298 3782 3565 3903 porter
3625 3782 3698 3903 un
3783 3782 4025 3903 coup,
4074 3782 4122 3903 le
4183 3782 4534 3903 pourſuit
4607 3782 4655 3903 en
4716 3782 4764 3903 la
4861 3782 5019 3903 meſ-

2890 3909 2976 4035 me
3037 3909 3271 4035 aion
3369 3909 3430 4035 de
3479 3909 3516 4035 ſa
3578 3909 3897 4035 pointe;
4020 3909 4020 4035 &
4094 3909 4327 4035 oſtant
4389 3909 4500 4035 par
4586 3909 4647 4035 ce
4745 3909 4991 4035 moyen

2869 4036 2869 4157 a
2927 4036 3031 4157 ſon
3146 4036 3539 4157 Contraire
3620 4036 3840 4157 toute
3978 4036 4256 4157 ccaſion
4371 4036 4441 4157 de
4510 4036 4857 4157 pouvoir
4938 4036 5030 4157 ef-

2870 4164 3175 4286 feuer
3224 4164 3334 4286 ſon
3395 4164 3871 4286 intention,
3920 4164 3956 4286 il
4005 4164 4054 4286 le
4103 4164 4347 4286 bleſſe
4408 4164 4530 4286 (en
4603 4164 5018 4286 avançant

2918 4290 2930 4408 &
2979 4290 3390 4408 penchant
3438 4290 3499 4408 le
3559 4290 3825 4408 corps)
3886 4290 4091 4408 d’une
4164 4290 4406 4408 droite
4478 4290 4853 4408 eſtocade
4901 4290 4913 4408 a
4974 4290 5010 4408 la

2873 4413 3088 4534 teſte,
3152 4413 3507 4534 plantant
3558 4413 3608 4534 le
3672 4413 3849 4534 pied
3913 4413 4090 4534 deſia
4154 4413 4382 4534 eſlevé
4445 4413 4445 4534 a
4496 4413 4547 4534 la
4597 4413 4838 4534 lettre
4978 4413 5029 4534 M;

2886 4543 3180 4665 comme
3231 4543 3270 4665 il
3334 4543 3423 4665 eſt
3474 4543 3692 4665 porté
3743 4543 3871 4665 par
3922 4543 3960 4665 ſa
4024 4543 4305 4665 figure.

596 4288 785 4409 Comme
868 4288 1164 4409 Alexandre
1211 4288 1235 4409 ſe
1282 4288 1507 4409 prepare
1554 4288 1672 4409 pour
1720 4288 1956 4409 ſujetter
2004 4288 2193 4409 l’eſpee
2252 4288 2276 4409 de
2335 4288 2382 4409 ſa
2453 4288 2713 4409 partie,

739 4421 993 4536 Zacharie
1053 4421 1283 4536 s’efforce
1367 4421 1392 4536 de
1440 4421 1573 4536 faire
1609 4421 1645 4536 le
1706 4421 1887 4536 meſme:
1948 4421 2056 4536 mais
2141 4421 2443 4536 Alexandre
2503 4421 2721 4536 deſgage

700 4543 772 4663 ſur
820 4543 892 4663 c’et
940 4543 1097 4663 effort
1133 4543 1205 4663 ſon
1253 4543 1421 4663 eſpee,
1482 4543 1518 4663 la
1602 4543 1794 4663 menant
1830 4543 1866 4663 en
1963 4543 2360 4663 Circonference
2420 4543 2564 4663 deſſus
2612 4543 2720 4663 celle

708 4669 743 4789 de
790 4669 826 4789 ſa
873 4669 1084 4789 partie,
1131 4669 1166 4789 la
1213 4669 1402 4789 tenant
1449 4669 1496 4789 un
1543 4669 1625 4789 peu
1672 4669 1778 4789 plus
1825 4669 1895 4789 bas
1942 4669 2025 4789 que
2072 4669 2107 4789 la
2166 4669 2307 4789 gorge
2377 4669 2624 4789 d’iceluy.

1074 4865 1553 4985 LEXANDRE
1614 4865 1848 4985 ayant
1909 4865 1958 4985 le
2020 4865 2191 4985 pied
2277 4865 2572 4985 gauche
2646 4865 2707 4985 au

1048 4990 1264 5110 point
1372 4990 1408 5110 G;
1444 4990 1709 5110 tenant
1757 4990 1817 5110 le
1877 4990 2070 5110 droit
2130 4990 2370 5110 eſlevé
2431 4990 2623 5110 pour
2671 4990 2719 5110 le

1055 5117 1358 5235 planter
1409 5117 1409 5235 a
1472 5117 1510 5235 la
1561 5117 1788 5235 lettre
1915 5117 1927 5235 N
2003 5117 2117 5235 par
2193 5117 2370 5235 deça
2446 5117 2497 5235 le
2598 5117 2737 5235 Dia-

1079 5245 1333 5360 metre,
1381 5245 1502 5360 afin
1587 5245 1647 5360 de
1708 5245 2034 5360 ſujetter
2095 5245 2191 5360 ſon
2312 5245 2735 5360 Contraire;

633 5373 1117 5491 ZACHARIE
1188 5373 1483 5491 avance
1577 5373 1896 5491 mettant
1955 5373 2014 5491 le
2085 5373 2262 5491 pied
2333 5373 2510 5491 droit
2592 5373 2592 5491 a
2675 5373 2710 5491 la

591 5494 827 5616 lettre
931 5494 984 5616 V,
1049 5494 1520 5616 s’efforçant
1586 5494 1599 5616 a
1651 5494 1769 5616 uſſi
1861 5494 2306 5616 d’aſſujettir
2358 5494 2397 5616 ſa
2463 5494 2738 5616 partie.

621 5620 1182 5742 ALEXANDRE
1257 5620 1357 5742 ſur
1419 5620 1581 5742 c’eſt
1631 5620 1856 5742 effort
1918 5620 2130 5742 tenãt
2168 5620 2230 5742 le
2280 5620 2455 5742 pied
2542 5620 2729 5742 droit

611 5748 651 5868 en
743 5748 888 5868 l’air
993 5748 1309 5868 deſgage
1387 5748 1480 5868 ſon
1585 5748 1874 5868 eſpee,
2032 5748 2032 5868 &
2111 5748 2374 5868 faiſant
2453 5748 2729 5868 d’icelle

591 5874 939 5997 preſque
987 5874 1179 5997 trois
1239 5874 1503 5997 quarts
1563 5874 1635 5997 de
1719 5874 2367 5997 Circonference,
2403 5874 2451 5997 la
2535 5874 2727 5997 mene

594 5995 717 6124 par
804 5995 1174 6124 deſſoubs
1248 5995 1297 6124 au
1396 5995 1630 6124 deſſus
1704 5995 1877 6124 celle
1951 5995 2012 6124 de
2062 5995 2173 6124 ſon
2284 5995 2740 6124 Contraire,

633 6129 946 6252 mettant
1018 6129 1067 6252 le
1151 6129 1416 6252 pointe
1500 6129 1789 6252 d’icelle
1850 6129 1922 6252 un
1994 6129 2115 6252 peu
2187 6129 2356 6252 plus
2404 6129 2536 6252 bas
2609 6129 2729 6252 que

599 6254 637 6378 la
713 6254 941 6378 gorge
1004 6254 1372 6378 d’iceluy,
1410 6254 1676 6378 tenant
1726 6254 2145 6378 touſiours
2195 6254 2246 6378 le
2309 6254 2487 6378 pied
2550 6254 2740 6378 droit

617 6380 884 6504 eſlevé;
947 6380 1252 6504 comme
1303 6380 1341 6504 il
1405 6380 1493 6504 eſt
1557 6380 2002 6504 demonſtré
2053 6380 2192 6504 aux
2243 6380 2574 6504 figures.

3617 2065 3935 2245 Cercle
4276 2065 4458 2245 N7.

3379 5927 3777 6064 ACHARIE
3851 5927 4162 6064 s’eſtant
4261 5927 4373 6064 mis
4447 5927 4497 6064 en
4596 5927 4906 6064 poſture
4981 5927 4981 6064 l

3355 6056 3525 6195 pied
3591 6056 3774 6195 droit
3826 6056 3931 6195 ſur
3983 6056 4023 6195 la
4075 6056 4311 6195 lettre
4415 6056 4455 6195 X,
4494 6056 4769 6195 tenant
4821 6056 4874 6195 le
4952 6056 5044 6195 g-

3353 6184 3478 6323 nou
3554 6184 3817 6323 ployé,
3867 6184 3904 6323 la
3967 6184 4218 6323 jambe
4293 6184 4593 6323 gauche
4656 6184 5032 6323 eſtandue

3353 6313 3425 6449 un
3496 6313 3615 6449 pas
3675 6313 3723 6449 en
3794 6313 4116 6449 arriere,
4140 6313 4188 6449 la
4271 6313 4414 6449 main
4498 6313 4796 6449 eſlevée
4855 6313 5046 6449 preſ-

2901 6432 3036 6577 que
3097 6432 3097 6577 a
3146 6432 3195 6577 la
3256 6432 3599 6577 hauteur
3673 6432 3734 6577 de
3795 6432 3844 6577 ſa
3906 6432 4138 6577 teſte,
4212 6432 4261 6577 le
4334 6432 4494 6577 bras
4567 6432 4861 6577 eſtandu
4971 6432 5020 6577 en

2906 6557 3227 6706 dehors;
3291 6557 3444 6706 vers
3483 6557 3585 6706 ſon
3675 6557 3880 6706 coſté
3944 6557 4161 6706 droit,
4200 6557 4238 6706 la
4302 6557 4571 6706 pointe
4648 6557 4712 6706 de
4751 6557 5032 6706 l’eſpee

2912 6689 2963 6838 en
3051 6689 3331 6838 dedans
3395 6689 3560 6838 plus
3611 6689 3776 6838 vers
3814 6689 3865 6838 le
3941 6689 4131 6838 coſté
4208 6689 4500 6838 gauche
4576 6689 4767 6838 qu’au
4894 6689 5034 6838 Cer-

2905 6819 3005 6958 cle
3117 6819 3154 6958 N.
3216 6819 3254 6958 1.
3328 6819 3527 6958 pour
3577 6819 3789 6958 avoir
3851 6819 4025 6958 plus
4087 6819 4150 6958 de
4212 6819 4423 6958 force
4498 6819 4498 6958 a
4585 6819 4896 6958 reſiſter
4958 6819 5008 6958 au

2890 6941 3435 7086 ſujettement
3510 6941 3572 7086 de
3621 6941 3671 7086 ſa
3733 6941 4006 7086 partie,
4043 6941 4080 7086 il
4117 6941 4167 7086 le
4241 6941 4638 7086 contraint
4712 6941 4750 7086 en
4836 6941 5035 7086 ceſte

4808 7100 5026 7213 façn

2907 5467 3163 5614 Zacharie
3199 5467 3419 5614 s’eſtant
3480 5467 3553 5614 mis
3577 5467 3614 5614 en
3675 5467 3906 5614 poſture,
3967 5467 4199 5614 preſente
4260 5467 4333 5614 ſon
4382 5467 4516 5614 eſpee
4577 5467 4686 5614 plus
4747 5467 4759 5614 a
4832 5467 5027 5614 gauche

3000 5595 3143 5739 qu’au
3215 5595 3382 5739 Cercle
3478 5595 3525 5739 N.
3573 5595 3609 5739 1.
3704 5595 4003 5739 Alexandre
4074 5595 4289 5739 mettant
4337 5595 4397 5739 ſon
4456 5595 4599 5739 eſpee
4635 5595 4779 5739 ſoubs
4826 5595 4946 5739 celle
5005 5595 5029 5739 de

2995 5723 3031 5863 ſa
3078 5723 3257 5863 partie
3304 5723 3590 5863 l’attache
3637 5723 3756 5863 pour
3804 5723 3840 5863 la
3887 5723 4125 5863 ſujetter
4173 5723 4173 5863 a
4232 5723 4518 5863 gauche.

1356 6633 1676 6818 Cercle
1928 6633 2179 6818 N.6.

768 690 1071 814 Alexandre
1108 690 1423 814 continuant
1471 690 1653 814 ſujette
1702 690 1884 814 l’eſpee
1944 690 1980 814 de
2017 690 2077 814 ſon
2162 690 2526 814 Contraire.

2975 342 3047 470 luy
3106 342 3202 470 tire
3249 342 3333 470 une
3369 342 3607 470 eſtocade
3667 342 3667 470 a
3715 342 3750 470 la
3798 342 4072 470 poitrine:
4144 342 4251 470 mais
4335 342 4645 470 Alexandre
4705 342 4729 470 le
4788 342 4884 470 ſuit

2975 468 2999 592 le
3049 468 3185 592 bleſſe
3235 468 3247 592 a
3297 468 3508 592 travers
3570 468 3607 592 du
3657 468 3744 592 col.

3342 651 4115 783 LEXANDREayant
4202 651 4302 783 mis
4352 651 4402 783 le
4464 651 4639 783 pied
4701 651 5000 783 gauche

3318 780 3379 914 au
3453 780 3674 914 point
3785 780 3822 914 G.
3969 780 4437 914 ZACHARIE
4486 780 4609 914 luy
4670 780 4793 914 tire
4854 780 5002 914 une

3328 908 3689 1039 eſtocade
3737 908 3749 1039 a
3797 908 3845 1039 la
3905 908 4290 1039 poitrine:
4363 908 4519 1039 mais
4603 908 5012 1039 ALEXAN-

3337 1035 3484 1165 DRE
3545 1035 3936 1165 avançant
3985 1035 4046 1165 le
4107 1035 4290 1165 pied
4352 1035 4535 1165 droit
4608 1035 4999 1165 (eſvitant

2848 1159 3278 1295 l’eſtocade
3352 1159 3401 1295 en
3488 1159 3881 1295 tournant
3943 1159 4004 1295 le
4090 1159 4385 1295 corps)
4472 1159 4521 1295 le
4619 1159 4853 1295 bleſſe
4914 1159 4976 1295 au

2850 1291 3145 1425 travers
3219 1291 3268 1425 du
3354 1291 3490 1425 col,
3527 1291 3883 1425 plantant
3933 1291 3982 1425 le
4043 1291 4216 1425 pied
4289 1291 4523 1425 eſlevé
4572 1291 4745 1425 pres
4818 1291 4880 1425 de
4954 1291 5003 1425 la

2854 1420 3084 1551 lettre
3186 1420 3224 1551 R;
3288 1420 3594 1551 comme
3645 1420 3734 1551 les
3786 1420 4092 1551 figures
4155 1420 4653 1551 enſeignent.

3639 5198 3949 5377 Cercle
4171 5198 4459 5377 N8.

2889 2321 3189 2441 Alexandre
3237 2321 3405 2441 eſtant
3441 2321 3477 2441 en
3537 2321 3573 2441 la
3646 2321 3802 2441 meſme
3850 2321 4042 2441 poſture
4102 2321 4222 2441 qu’il
4258 2321 4318 2441 eſt
4366 2321 4679 2441 repreſenté
4727 2321 4775 2441 au
4847 2321 5003 2441 Cercle

3030 2447 3055 2567 N.
3118 2447 3156 2567 5.
3244 2447 3496 2567 Zacharie
3546 2447 3710 2567 retire
3748 2447 3811 2567 ſon
3861 2447 4000 2567 eſpee
4050 2447 4176 2567 pour
4226 2447 4252 2567 le
4315 2447 4529 2567 bleſſer,
4642 2447 4831 2567 dequoy
4919 2447 5020 2567 Ale-

2995 2576 3192 2695 xandre
3239 2576 3622 2695 s’apercevant
3668 2576 3692 2695 le
3738 2576 3982 2695 pourſuit
4133 2576 4156 2695 le
4202 2576 4353 2695 bleſſe
4412 2576 4551 2695 d’une
4609 2576 4760 2695 droite
4806 2576 5004 2695 eſtoca-

2987 2704 3022 2815 de
3070 2704 3082 2815 a
3129 2704 3165 2815 la
3201 2704 3355 2815 teſte.

1310 431 1637 607 Cercle
1870 431 2103 607 N.3.

1056 885 1548 1018 LEXANDRE
1665 885 2134 1018 continuant
2216 885 2674 1018 l’operation

1068 1012 1119 1145 du
1221 1012 1463 1145 Cercle
1577 1012 1616 1145 N.
1666 1012 1705 1145 1.
1794 1012 2087 1145 marche
2151 1012 2202 1145 du
2278 1012 2456 1145 pied
2520 1012 2711 1145 droit

1036 1138 1150 1268 par
1227 1138 1392 1268 deça
1443 1138 1506 1268 le
1595 1138 1976 1268 Diametre
2027 1138 2027 1268 a
2078 1138 2128 1268 la
2179 1138 2408 1268 lettre
2522 1138 2560 1268 N,
2687 1138 2700 1268 &

1031 1266 1257 1395 ayant
1340 1266 1448 1395 mis
1495 1266 1543 1395 le
1602 1266 1936 1395 nombre
2031 1266 2078 1395 4.
2162 1266 2233 1395 de
2293 1266 2388 1395 ſon
2495 1266 2697 1395 eſpee

575 1390 627 1528 au
757 1390 796 1528 N.
874 1390 913 1528 6.
991 1390 1043 1528 de
1108 1390 1290 1528 celle
1369 1390 1421 1528 de
1473 1390 1512 1528 ſa
1577 1390 1850 1528 partie,
1889 1390 1915 1528 il
1967 1390 2006 1528 la
2071 1390 2189 1528 luy
2241 1390 2527 1528 ſujette
2579 1390 2709 1528 ſui-

579 1516 742 1652 vant
804 1516 854 1652 du
942 1516 1104 1652 pied
1179 1516 1454 1652 gauche
1517 1516 1567 1652 au
1642 1516 1867 1652 point
2067 1516 2067 1652 ;
2142 1516 2442 1652 comme
2517 1516 2542 1652 il
2617 1516 2704 1652 eſt

576 1650 1031 1780 repreſenté
1083 1650 1200 1780 par
1239 1650 1343 1780 les
1395 1650 1720 1780 figures.

1322 1906 1625 2077 Cercle
1842 1906 2103 2077 N.4.

589 2157 767 2290 Comme
850 2157 1111 2290 Zacharie
1147 2157 1349 2290 ſujetté
1384 2157 1515 2290 tient
1562 2157 1586 2290 le
1633 2157 1776 2290 poids
1811 2157 1942 2290 fort,
2013 2157 2309 2290 Alexandre
2357 2157 2606 2290 s’avance
2701 2157 2701 2290 &

703 2293 982 2423 graduant
1018 2293 1079 2423 les
1127 2293 1297 2423 lames
1345 2293 1370 2423 le
1430 2293 1576 2423 bleſſe
1636 2293 1685 2423 au
1757 2293 1976 2423 viſage;
2036 2293 2145 2423 puis
2206 2293 2363 2423 apres
2400 2293 2424 2423 le
2484 2293 2630 2423 perce
2702 2293 2702 2423 a

686 2425 910 2540 travers
955 2425 988 2540 la
1033 2425 1245 2540 teſte.

1070 2603 1458 2738 Ependant
1546 2603 1671 2738 que
1784 2603 1935 2738 ZAC
2022 2603 2260 2738 HARIE
2336 2603 2574 2738 eſtant
2624 2603 2712 2738 aſ-

1028 2735 1296 2861 ſujetti
1345 2735 1479 2861 tiẽt
1528 2735 1576 2861 le
1625 2735 1856 2861 poids
1905 2735 2088 2861 fort,
2149 2735 2173 2861 A
2234 2735 2709 2861 LEXANDRE

1031 2858 1316 2988 avance
1402 2858 1452 2988 du
1526 2858 1749 2988 corps
1848 2858 1860 2988 &
1934 2858 1984 2988 du
2058 2858 2231 2988 pied
2293 2858 2565 2988 droic,
2689 2858 2701 2988 &

1041 2984 1089 3116 en
1198 2984 1573 3116 graduant
1634 2984 1742 3116 les
1803 2984 2045 3116 lames
2105 2984 2142 3116 il
2202 2984 2262 3116 le
2335 2984 2565 3116 bleſſe
2625 2984 2674 3116 au

581 3110 872 3247 viſage;
910 3110 1074 3247 puis
1149 3110 1503 3247 plantant
1553 3110 1617 3247 le
1680 3110 1844 3247 pied
1907 3110 2147 3247 eſlevé
2197 3110 2210 3247 a
2273 3110 2311 3247 la
2374 3110 2601 3247 lettre
2677 3110 2715 3247 S,

558 3235 595 3375 il
645 3235 694 3375 le
743 3235 978 3375 perce
1052 3235 1102 3375 du
1200 3235 1472 3375 meſme
1534 3235 1719 3375 coup
1781 3235 1781 3375 a
1842 3235 2139 3375 travers
2188 3235 2225 3375 la
2287 3235 2509 3375 teſte;
2546 3235 2719 3375 ainſi

592 3372 753 3497 qu’il
793 3372 1075 3497 appert
1128 3372 1249 3497 par
1289 3372 1396 3497 les
1450 3372 1771 3497 figures.
