5520 7640
3349 697 3589 820 Stants
3635 697 3726 820 les
3795 697 3978 820 deux
4035 697 4310 820 parties
4367 697 4413 820 en
4482 697 4528 820 la
4631 697 4940 820 maniere

3337 819 3683 944 declarée
3731 819 3791 944 au
3874 819 4304 944 precedent
4411 819 4650 944 Cercle
4769 819 4948 944 N.10.

3376 942 3836 1069 ZACHARIE
3911 942 4209 1069 s’eſſaye
4284 942 4346 1069 de
4408 942 4794 1069 raſujettir
4843 942 4955 1069 l’e-

3321 1064 3489 1181 ſpee
3561 1064 3621 1181 de
3669 1064 3765 1181 ſon
3873 1064 4293 1181 Contraire,
4365 1064 4797 1181 travaillant
4881 1064 4941 1181 de

2863 1190 3063 1311 force
3123 1190 3300 1311 avec
3347 1190 3512 1311 tout
3560 1190 3607 1311 le
3666 1190 3855 1311 bras,
3891 1190 4174 1311 laiſſant
4221 1190 4328 1311 les
4375 1190 4600 1311 pieds
4670 1190 4718 1311 en
4777 1190 4942 1311 leur

2866 1311 3102 1432 place.
3184 1311 3196 1432 A
3267 1311 3727 1432 LEXANDRE
3775 1311 4129 1432 pourſuit
4176 1311 4341 1432 auſſi
4389 1311 4577 1432 pour
4625 1311 4814 1432 tenir
4861 1311 4943 1432 aſ-

2866 1432 3176 1554 ſujettie
3223 1432 3497 1554 l’eſpee
3569 1432 3628 1554 de
3676 1432 3771 1554 ſon
3891 1432 4307 1554 Contraire,
4415 1432 4427 1554 &
4474 1432 4784 1554 portant
4867 1432 4915 1554 en

2866 1557 3084 1678 avant
3133 1557 3181 1678 le
3230 1557 3400 1678 pied
3460 1557 3751 1678 gauche
3800 1557 3812 1678 a
3885 1557 4079 1678 cauſe
4151 1557 4200 1678 de
4248 1557 4527 1678 l’effort
4588 1557 4648 1678 de
4697 1557 4733 1678 ſa
4794 1557 4952 1678 par-

2871 1678 2993 1797 tie,
3054 1678 3348 1797 comme
3396 1678 3653 1797 l’eſpee
3727 1678 4032 1797 d’iceluy
4106 1678 4179 1797 eſt
4240 1678 4473 1797 paſſee
4522 1678 4619 1797 ſon
4705 1678 4950 1797 corps,

2866 1800 2902 1917 il
2950 1800 3070 1917 fait
3118 1800 3261 1917 lors
3321 1800 3381 1917 de
3441 1800 3716 1917 l’effort
3776 1800 3908 1917 que
3955 1800 4051 1917 ſon
4171 1800 4554 1917 Contraire
4626 1800 4733 1917 fait
4793 1800 4937 1917 une

2881 1925 3210 2020 cheute,
3339 1925 3339 2020 &
3398 1925 3974 2020 abandonnant
4033 1925 4080 2020 ſa
4139 1925 4327 2020 lame
4386 1925 4421 2020 il
4456 1925 4515 2020 le
4574 1925 4797 2020 bleſſe
4868 1925 4915 2020 au

2890 2047 3243 2163 deſſoubs
3322 2047 3379 2163 du
3470 2047 3686 2163 bras,
3777 2047 4153 2163 marchant
4221 2047 4278 2163 au
4392 2047 4642 2163 meſme
4699 2047 4949 2163 temps

2899 2170 2948 2290 du
3022 2170 3182 2290 pied
3256 2170 3539 2290 gauche
3588 2170 3601 2290 a
3650 2170 3687 2290 la
3748 2170 3970 2290 lettre
4044 2170 4081 2290 S,
4118 2170 4413 2290 laiſſant
4475 2170 4524 2290 le
4623 2170 4795 2290 droit
4869 2170 4931 2290 au

2865 2292 2984 2414 lieu
3068 2292 3127 2414 ou
3187 2292 3223 2414 il
3282 2292 3533 2414 eſtoit;
3580 2292 3878 2414 comme
3914 2292 4022 2414 les
4069 2292 4355 2414 figures
4439 2292 4951 2414 demonſtrẽt.

3402 5856 3633 5987 Omme
3755 5856 4193 5987 ZACHARIE
4266 5856 4534 5987 attend
4607 5856 4656 5987 en
4729 5856 4765 5987 la
4838 5856 4960 5987 po-

3346 5995 3535 6108 ſture
3618 5995 3986 6108 deſclarée
4045 5995 4104 6108 au
4222 5995 4459 6108 Cercle
4519 5995 4957 6108 precedent

3410 6115 3446 6233 N.
3506 6115 3591 6233 12.
3664 6115 4293 6233 ALEXANDRE
4366 6115 4584 6233 ayant
4632 6115 4826 6233 paſſé
4899 6115 4947 6233 du

3362 6239 3577 6361 corps
3637 6239 3684 6361 la
3756 6239 4019 6361 pointe
4138 6239 4198 6361 de
4293 6239 4388 6361 ſon
4544 6239 4973 6361 Contraire,

2889 6361 3118 6487 bleſſe
3190 6361 3226 6487 ſa
3286 6361 3527 6487 partie
3575 6361 3636 6487 au
3708 6361 3997 6487 travers
4033 6361 4069 6487 la
4129 6361 4310 6487 teſte
4394 6361 4443 6487 en
4515 6361 4864 6487 plantant
4912 6361 4972 6487 le

2892 6490 3065 6608 pied
3127 6490 3312 6608 droit
3374 6490 3608 6608 oultre
3658 6490 3707 6608 la
3756 6490 3979 6608 lettre
4102 6490 4164 6608 M;
4238 6490 4534 6608 comme
4596 6490 4633 6608 il
4695 6490 4966 6608 appert

2894 6618 3007 6735 par
3057 6618 3157 6735 les
3195 6618 3520 6735 figures.

3029 365 3067 488 de
3106 365 3145 488 ſa
3196 365 3363 488 partie
3415 365 3466 488 eſt
3518 365 3672 488 paſſee
3711 365 3775 488 ſon
3814 365 3955 488 corps
4020 365 4045 488 il
4084 365 4483 488 l’abandonne,
4586 365 4586 488 &
4637 365 4714 488 ſur
4753 365 4946 488 l’effort

3032 488 3235 610 d’iceluy
3274 488 3312 610 il
3337 488 3363 610 le
3413 488 3541 610 bleſſe
3592 488 3642 610 au
3706 488 3922 610 deſſoubs
3973 488 4011 610 du
4062 488 4189 610 bras.

625 357 841 486 façon
926 357 986 486 de
1046 357 1431 486 travailler
1491 357 1696 486 cõme
1756 357 2081 486 s’enſuit.
2177 357 2719 486 ALEXANDRE

664 480 969 606 mettant
1018 480 1116 606 ſon
1213 480 1421 606 eſpee
1506 480 1860 606 deſſoubs
1933 480 2092 606 celle
2177 480 2238 606 de
2311 480 2348 606 ſa
2421 480 2702 606 partie,

626 606 1081 730 l’attachant
1143 606 1328 730 pour
1389 606 1426 730 la
1500 606 1820 730 ſujetter
1894 606 2054 730 vers
2103 606 2201 730 ſon
2300 606 2485 730 coſté
2558 606 2706 730 gau-

644 731 807 855 che,
856 731 1118 855 plante
1168 731 1218 855 le
1268 731 1443 855 pied
1505 731 1692 855 droit
1755 731 1992 855 deſſus
2029 731 2092 855 le
2179 731 2541 855 Diametre
2603 731 2715 855 en-

630 859 732 979 tre
783 859 885 979 les
924 859 1204 979 lettres
1281 859 1293 979 C
1408 859 1408 979 &
1497 859 1727 979 Ehors
1791 859 1842 979 du
1944 859 2224 979 Cercle;
2288 859 2467 979 ſelon
2556 859 2709 979 qu’il

649 977 739 1110 eſt
790 977 1238 1110 repreſente
1290 977 1405 1110 par
1456 977 1546 1110 les
1610 977 1930 1110 figures.

2906 3172 3152 3289 Zacharie
3199 3172 3409 3289 s’eſtant
3491 3172 3550 3289 mis
3585 3172 3620 3289 en
3678 3172 3866 3289 poſture
3912 3172 4135 3289 preſente
4181 3172 4217 3289 la
4263 3172 4427 3289 pointe
4486 3172 4521 3289 de
4556 3172 4626 3289 ſon
4673 3172 4802 3289 eſpee
4860 3172 4860 3289 a
4907 3172 4954 3289 ſa

3000 3297 3215 3412 gauche.
3294 3297 3587 3412 Alexandre
3643 3297 3858 3412 paſſant
3903 3297 3937 3412 la
3993 3297 4207 3412 Seconde
4252 3297 4512 3412 Inſtance,
4546 3297 4670 3412 tient
4715 3297 4749 3412 la
4794 3297 4963 3412 pointe

3007 3423 3029 3532 de
3085 3423 3152 3532 ſon
3219 3423 3353 3532 eſpee
3420 3423 3420 3532 a
3488 3423 3767 3532 l’encontre
3823 3423 3857 3532 de
3924 3423 3957 3532 la
4024 3423 4181 3532 garde
4248 3423 4281 3532 de
4326 3423 4360 3532 ſa
4416 3423 4583 3532 partie
4650 3423 4773 3532 pour
4829 3423 4964 3532 l’em-

2997 3544 3204 3654 peſcher
3261 3544 3284 3654 de
3341 3544 3502 3654 tirer.

667 1538 919 1670 Zacharie
955 1538 1159 1670 s’eſſaye
1219 1538 1255 1670 de
1303 1538 1471 1670 porter
1507 1538 1591 1670 une
1639 1538 1867 1670 eſtocade
1927 1538 2035 1670 avec
2095 1538 2131 1670 la
2191 1538 2371 1670 courbe
2419 1538 2503 1670 par
2562 1538 2718 1670 deſſus

748 1664 931 1793 l’eſpee
1000 1664 1022 1793 de
1068 1664 1103 1793 ſa
1148 1664 1366 1793 partie:
1446 1664 1549 1793 mais
1629 1664 1927 1793 Alexandre
1972 1664 2327 1793 rencontrant
2384 1664 2407 1793 de
2453 1664 2522 1793 ſon
2579 1664 2716 1793 fort;

750 1787 774 1915 le
834 1787 978 1915 foible
1039 1787 1075 1915 de
1111 1787 1147 1915 ſa
1195 1787 1388 1915 partie,
1436 1787 1556 1915 tient
1605 1787 1641 1915 la
1701 1787 1845 1915 droite
1882 1787 2062 1915 ligne,
2171 1787 2183 1915 &
2231 1787 2411 1915 parant
2460 1787 2725 1915 l’eſtocade

766 1913 975 2036 d’iceluy
1012 1913 1037 2036 le
1086 1913 1221 2036 bleſſe
1282 1913 1381 2036 d’un
1442 1913 1602 2036 meſme
1639 1913 1798 2036 temps
1860 1913 1872 2036 a
1909 1913 2253 2036 l’eſpaule.

1143 2132 1143 2257 E
1267 2132 1514 2257 Cercle
1601 2132 1959 2257 contient
2033 2132 2070 2257 la
2157 2132 2565 2257 pourſuite
2664 2132 2713 2257 du

1097 2254 1543 2382 precedent
1642 2254 1791 2382 N.8.
1890 2254 2100 2382 Cõme
2187 2254 2211 2382 A
2273 2254 2744 2382 LEXANDRE

1109 2378 1169 2500 va
1313 2378 1564 2500 mettre
1660 2378 1708 2500 le
1828 2378 2007 2500 pied
2091 2378 2091 2500 a
2187 2378 2223 2500 la
2318 2378 2534 2500 lettre
2690 2378 2726 2500 G,

1145 2499 1588 2629 ZACHARIE
1686 2499 1994 2629 s’eſſaye
2092 2499 2154 2629 de
2252 2499 2363 2629 luy
2473 2499 2732 2629 porter

630 2622 772 2742 une
831 2622 1196 2742 eſtocade
1255 2622 1361 2742 par
1432 2622 1739 2742 deſſous
1786 2622 2081 2742 l’eſpee,
2116 2622 2293 2742 avec
2340 2622 2375 2742 la
2446 2622 2729 2742 courbe

626 2743 672 2872 la
729 2743 1001 2872 paume
1070 2743 1138 2872 de
1183 2743 1217 2872 la
1320 2743 1456 2872 main
1547 2743 1593 2872 en
1672 2743 1854 2872 bas:
1956 2743 2104 2872 mais
2195 2743 2741 2872 ALEXANDRE

642 2865 1169 2995 rencontrant
1252 2865 1298 2995 du
1392 2865 1533 2995 fort
1627 2865 1685 2995 de
1756 2865 1861 2995 ſon
1967 2865 2178 2995 eſpee
2236 2865 2295 2995 le
2365 2865 2600 2995 foible
2670 2865 2729 2995 de

647 2989 819 3120 celle
892 2989 953 3120 de
1015 2989 1051 3120 ſa
1113 2989 1382 3120 partie,
1419 2989 1615 3120 tient
1664 2989 1701 3120 la
1775 2989 2020 3120 droite
2081 2989 2277 3120 ligne
2351 2989 2461 3120 luy
2547 2989 2730 3120 rom-

629 3109 809 3245 pant
857 3109 965 3245 par
1037 3109 1097 3245 ce
1169 3109 1325 3245 moy
1373 3109 1421 3245 en
1493 3109 1589 3245 ſon
1697 3109 1997 3245 deſſein,
2069 3109 2117 3245 de
2201 3109 2513 3245 maniere
2573 3109 2729 3245 qu’il

630 3233 679 3363 le
740 3233 961 3363 bleſſe
1010 3233 1023 3363 à
1072 3233 1477 3363 l’eſpaule,
1526 3233 2041 3363 deſtournant
2090 3233 2152 3363 au
2250 3233 2508 3363 meſme
2569 3233 2741 3363 tẽps

630 3359 1052 3487 l’eſtocade
1125 3359 1475 3487 d’iceluy;
1535 3359 1692 3487 puis
1740 3359 2259 3487 pourſuivant
2308 3359 2404 3487 ſon
2489 3359 2742 3487 inten-

633 3482 837 3611 tion,
862 3482 898 3611 il
946 3482 1199 3611 plante
1247 3482 1295 3611 le
1355 3482 1524 3611 pied
1584 3482 1801 3611 eſlevé
1861 3482 1861 3611 a
1921 3482 1958 3611 la
2006 3482 2235 3611 lettre
2343 3482 2379 3611 G;
2427 3482 2728 3611 comme

640 3604 665 3724 il
715 3604 766 3724 ſe
829 3604 967 3724 voit
1030 3604 1144 3724 par
1181 3604 1282 3724 les
1333 3604 1660 3724 figures.

3561 5319 3872 5496 Cercle
4094 5319 4382 5496 N.

2931 5562 3217 5678 Alexandre
3267 5562 3416 5678 ayant
3466 5562 3591 5678 paé
3640 5562 3665 5678 la
3715 5562 3877 5678 pointe
3939 5562 3976 5678 de
4014 5562 4200 5678 l’eſpee
4262 5562 4287 5678 de
4337 5562 4374 5678 ſa
4412 5562 4623 5678 partie,
4686 5562 4710 5678 le
4760 5562 4885 5678 bleſſe
4959 5562 4959 5678 à

3007 5684 3226 5793 travers
3269 5684 3302 5793 la
3346 5684 3554 5793 teſte.

4813 6822 4980 6926 Ceux

3542 2927 3845 3089 Cercle
4061 2927 4407 3089 N.12.

1343 6308 1642 6506 Cercle
1871 6308 2147 6506 N.

3364 3729 3375 3845 A
3447 3729 3755 3845 CHARIE
3850 3729 4076 3845 eſtant
4147 3729 4194 3845 en
4289 3729 4622 3845 poſture,
4681 3729 4728 3845 le
4788 3729 4954 3845 pied

3351 3853 3534 3967 droit
3583 3853 3840 3967 planté
3889 3853 3889 3967 a
3950 3853 3986 3967 la
4035 3853 4268 3967 lettre
4365 3853 4402 3967 X,
4512 3853 4524 3967 &
4561 3853 4610 3967 le
4671 3853 4952 3967 gauche

3335 3978 3400 4088 un
3465 3978 3583 4088 pas
3648 3978 3691 4088 en
3755 3978 4068 4088 arriere,
4100 3978 4359 4088 tenant
4413 3978 4456 4088 le
4520 3978 4725 4088 corps
4790 3978 4962 4088 pen-

3353 4099 3465 4212 ché
3514 4099 3626 4212 ſur
3663 4099 3713 4212 le
3775 4099 3948 4212 pied
4023 4099 4221 4212 droit,
4271 4099 4321 4212 le
4370 4099 4531 4212 bras
4643 4099 4643 4212 &
4693 4099 4953 4212 l’eſpee

2892 4220 2937 4338 en
3016 4220 3229 4338 angle
3286 4220 3533 4338 obtus,
3578 4220 3612 4338 la
3668 4220 3972 4338 paulme
4039 4220 4107 4338 de
4152 4220 4197 4338 la
4275 4220 4421 4338 main
4489 4220 4826 4338 tournée
4883 4220 4928 4338 en

2882 4343 3033 4462 bas,
3068 4343 3114 4462 la
3172 4343 3440 4462 pointe
3509 4343 3567 4462 de
3625 4343 3893 4462 l’eſpee
3963 4343 4288 4462 tonrnée
4346 4343 4346 4462 a
4427 4343 4462 4462 ſa
4544 4343 4695 4462 main
4788 4343 4950 4462 gau-

2895 4460 3052 4578 che;
3077 4460 3113 4578 il
3149 4460 3416 4578 attand
3464 4460 3633 4578 ainſi
3682 4460 3718 4578 ſa
3779 4460 4045 4578 partie.
4117 4460 4662 4578 ALEXANDRE
4735 4460 4952 4578 paſſãt

2883 4588 2943 4705 un
3015 4588 3135 4705 peu
3207 4588 3243 4705 la
3315 4588 3662 4705 Seconde
3722 4588 4093 4705 Inſtance,
4141 4588 4393 4705 plante
4440 4588 4488 4705 le
4536 4588 4704 4705 pied
4776 4588 4955 4705 droit

2886 4711 2986 4829 ſur
3035 4711 3072 4829 la
3122 4711 3320 4829 ligne
3420 4711 3420 4829 G
3531 4711 3568 4829 N,
3618 4711 3667 4829 le
3729 4711 4015 4829 gauche
4076 4711 4126 4829 en
4200 4711 4510 4829 arriere,
4597 4711 4857 4829 tenant
4919 4711 4957 4829 la

2887 4833 3149 4952 pointe
3221 4833 3280 4952 de
3328 4833 3435 4952 ſon
3507 4833 3709 4952 eſpee
3781 4833 4043 4952 contre
4090 4833 4126 4952 la
4197 4833 4412 4952 garde
4471 4833 4543 4952 de
4591 4833 4686 4952 ſon
4793 4833 4960 4952 Con-

2889 4955 3143 5073 traire,
3179 4955 3373 5073 pour
3421 4955 3930 5073 l’empeſcher
4002 4955 4063 5073 de
4111 4955 4280 5073 tirer
4329 4955 4752 5073 l’eſtocade
4813 4955 4970 5073 qu’il

2885 5080 3249 5200 pourroit
3296 5080 3590 5200 porter;
3649 5080 3942 5200 comme
3989 5080 4083 5200 les
4154 5080 4436 5200 figures
4518 5080 4964 5200 monſtrent.

687 6612 942 6736 Zacharie
1002 6612 1232 6736 s’efforce
1305 6612 1341 6736 de
1377 6612 1668 6736 raſujettir
1716 6612 1886 6736 l’eſpee
1946 6612 1971 6736 de
2007 6612 2079 6736 ſon
2140 6612 2431 6736 Contraire.
2515 6612 2733 6736 Alexan-

812 6738 874 6862 dre
936 6738 1172 6862 pourſuit
1221 6738 1333 6862 pour
1383 6738 1656 6862 aſſujettir
1705 6738 1730 6862 la
1792 6738 1990 6862 ſienne;
2139 6738 2139 6862 &
2201 6738 2375 6862 pource
2412 6738 2499 6862 que
2561 6738 2735 6862 l’eſpee

1366 4326 1679 4501 Cercle
2015 4326 2217 4501 .10.

1398 1253 1687 1437 Cercle
1909 1253 2176 1437 N.9.

675 4593 927 4726 Zacharie
973 4593 1134 4726 eſtant
1180 4593 1214 4726 en
1260 4593 1456 4726 poſture
1501 4593 1685 4726 comme
1743 4593 1777 4726 au
1857 4593 2007 4726 Cercle
2122 4593 2156 4726 N.
2213 4593 2248 4726 5.
2351 4593 2638 4726 Alexandre
2684 4593 2753 4726 luy

799 4725 847 4844 va
895 4725 1122 4844 ſujetter
1157 4725 1336 4844 l’eſpee
1396 4725 1408 4844 a
1456 4725 1671 4844 gauche,
1706 4725 1909 4844 ſuivant
1957 4725 2148 4844 l’ordre
2208 4725 2244 4844 du
2303 4725 2470 4844 Cercle
2566 4725 2602 4844 N.
2638 4725 2685 4844 3.

1126 4956 1137 5075 A
1219 4956 1811 5075 cHARIEeſtant
1881 4956 1927 5075 en
1997 4956 2310 5075 poſture
2368 4956 2670 5075 comme
2705 4956 2740 5075 il

1117 5083 1203 5171 eſt
1275 5083 1579 5171 deſclaré
1628 5083 1689 5171 au
1810 5083 2053 5171 Cercle
2163 5083 2272 5171 N.8.
2369 5083 2758 5171 ALEXAN-

1116 5204 1262 5296 DRE
1329 5204 1385 5296 va
1452 5204 1833 5296 travailler
1889 5204 1900 5296 a
1945 5204 2415 5296 l’encontre,
2449 5204 2740 5296 ſuivant

1102 5328 1151 5445 le
1237 5328 1482 5445 meſme
1544 5328 1752 5445 ordre
1826 5328 1924 5445 qui
1986 5328 2072 5445 eſt
2121 5328 2428 5445 ſpecifié
2464 5328 2759 5445 auCer-

662 5453 749 5569 cle
860 5453 898 5569 N.
960 5453 997 5569 3,
1047 5453 1431 5569 ſujettant
1468 5453 1741 5569 l’eſpee
1816 5453 1878 5569 de
1940 5453 2039 5569 ſon
2163 5453 2548 5569 Contraire
2622 5453 2622 5569 a
2697 5453 2734 5569 ſa

685 5577 829 5697 main
914 5577 1263 5697 gauche,
1371 5577 1371 5697 &
1419 5577 1636 5697 apres
1684 5577 1889 5697 avoir
1937 5577 2190 5697 planté
2238 5577 2298 5697 le
2358 5577 2527 5697 pied
2587 5577 2756 5697 eſle-

656 5699 726 5797 vé
784 5699 784 5797 a
843 5699 878 5797 la
948 5699 1170 5797 lettre
1276 5699 1346 5797 G,
1428 5699 1463 5797 il
1544 5699 1661 5797 met
1732 5699 1778 5797 le
1860 5699 2047 5797 droit
2118 5699 2316 5797 entre
2375 5699 2480 5797 les
2562 5699 2749 5797 deux

648 5825 922 5944 lettres
1046 5825 1046 5944 N
1159 5825 1208 5944 M,
1246 5825 1296 5944 le
1383 5825 1669 5944 gauche
1719 5825 2018 5944 ſuivant
2093 5825 2105 5944 a
2292 5825 2355 5944 un
2429 5825 2541 5944 peu
2629 5825 2741 5944 dif-

645 5948 899 6054 ferent
971 5948 1020 6054 du
1128 5948 1370 6054 Cercle
1491 5948 1527 6054 N.
1575 5948 1612 6054 3.
1696 5948 1986 6054 comme
2047 5948 2083 6054 il
2131 5948 2192 6054 ſe
2252 5948 2397 6054 voit
2458 5948 2506 6054 en
2579 5948 2615 6054 ſa
2675 5948 2736 6054 fi-

665 6107 866 6195 gure.
