5520 7640
1568 277 1725 499 Eux
1863 277 2021 499 qui
2119 277 2848 499 n’entendent
2966 277 3124 499 pas
3222 277 3341 499 les
3439 277 4188 499 fondements
4306 277 4404 499 de
4503 277 4720 499 c’eſt
4798 277 4995 499 art,

1476 486 2106 635 s’imagineront
2160 486 2352 635 peut
2407 486 2612 635 eſtre,
2667 486 2804 635 que
2859 486 3023 635 tant
3078 486 3146 635 de
3215 486 3625 635 diverſitez
3694 486 4242 635 d’operations
4283 486 4392 635 ſur
4461 486 4570 635 des
4625 486 4995 635 poſtures

1477 626 1503 776 ſi
1556 626 2072 776 ſemblables,
2125 626 2521 776 viennent
2588 626 2654 776 de
2720 626 2773 776 ce
2839 626 2971 776 que
3011 626 3117 776 les
3196 626 3500 776 meſmes
3553 626 3632 776 ne
3699 626 4056 776 peuvent
4122 626 4241 776 pas
4320 626 4505 776 eſtre
4572 626 4982 776 reiterées,

1490 772 1810 919 comme
1850 772 2330 919 impoſibles
2370 772 2517 919 lors
2584 772 2877 919 quelles
2917 772 3091 919 ſont
3157 772 3598 919 congnues,
3691 772 3691 919 &
3744 772 3864 919 par
3918 772 4105 919 ainſi
4145 772 4758 919 reputeroyent
4852 772 4972 919 cela

1473 908 1540 1061 au
1635 908 1891 1061 defaut
1959 908 2026 1061 de
2080 908 2242 1061 c’eſt
2309 908 2674 1061 exercice:
2768 908 2917 1061 mais
2998 908 3186 1061 pour
3240 908 3618 1061 reſponce
3686 908 3753 1061 on
3821 908 3982 1061 leur
4050 908 4225 1061 dira,
4293 908 4414 1061 que
4495 908 4563 1061 ce
4644 908 4819 1061 n’eſt
4873 908 4994 1061 pas

1476 1050 1931 1198 juſtement
2000 1050 2166 1198 cela,
2221 1050 2373 1198 ouy
2428 1050 2580 1198 bien
2663 1050 2856 1198 pour
2925 1050 3201 1198 gagner
3243 1050 3298 1198 le
3367 1050 3684 1198 temps,
3753 1050 4043 1198 pource
4140 1050 4264 1198 que
4347 1050 4844 1198 l’adverſaire
4899 1050 4996 1198 re-

648 1192 1056 1335 marquant
1107 1192 1145 1335 le
1221 1192 1973 1335 commencement
2050 1192 2253 1335 d’une
2304 1192 2610 1335 aion,
2661 1192 2776 1335 par
2814 1192 3158 1335 laquelle
3209 1192 3247 1335 il
3285 1192 3451 1335 aura
3515 1192 3731 1335 autre
3782 1192 3922 1335 fois
3973 1192 4113 1335 eſté
4202 1192 4304 1335 mis
4368 1192 4419 1335 en
4521 1192 4980 1335 extremité,

608 1329 1085 1476 n’endurera
1151 1329 1270 1476 pas
1337 1329 1535 1476 qu’on
1602 1329 1734 1476 luy
1787 1329 2092 1476 touche
2132 1329 2397 1476 l’eſpee
2463 1329 2516 1476 en
2582 1329 2622 1476 la
2688 1329 2940 1476 forme
2993 1329 3006 1476 a
3059 1329 3178 1476 luy
3258 1329 3589 1476 cognue,
3682 1329 3828 1476 mais
3894 1329 3947 1476 en
4013 1329 4066 1476 ſe
4132 1329 4517 1476 retirant,
4596 1329 4649 1476 on
4755 1329 4980 1476 chan-

631 1469 844 1618 geant
911 1469 978 1618 de
1031 1469 1392 1618 poſture,
1472 1469 1939 1618 conſumera
2019 1469 2179 1618 plus
2259 1469 2313 1618 de
2366 1469 2673 1618 temps,
2753 1469 2873 1618 que
2940 1469 2967 1618 ſi
3033 1469 3087 1618 on
3167 1469 3554 1618 l’attaque
3607 1469 3661 1618 en
3754 1469 3901 1618 une
4008 1469 4328 1618 maniere
4435 1469 4608 1618 dont
4675 1469 4715 1618 il
4782 1469 4862 1618 ne
4929 1469 4982 1618 ſe

633 1617 860 1753 doute
923 1617 1075 1753 pas.
