5520 7640
1567 1633 1712 1862 Ous
1784 1633 2110 1862 avons
2183 1633 2201 1862 a
2291 1633 3016 1862 noſtreadvis,
3070 1633 3759 1862 amplement
3831 1633 4411 1862 repreenté
4484 1633 4900 1862 iulques

1432 1846 1560 2000 icy
1631 1846 1688 2000 en
1774 1846 1816 2000 la
1873 1846 2271 2000 perſonne
2356 1846 2413 2000 de
2513 1846 2897 2000 Zacharie;
2939 1846 3025 2000 les
3096 1846 3408 2000 diverſes
3465 1846 3821 2000 poſtures
3878 1846 4333 2000 pratiquees
4389 1846 4489 2000 par
4546 1846 4631 2000 les
4759 1846 4887 2000 Mai-

1445 1985 1619 2134 ſtres
1699 1985 2139 2134 d’eſcrimes
2205 1985 2259 2134 du
2339 1985 2806 2134 jourd’huy,
2872 1985 3179 2134 comme
3259 1985 3313 2134 en
3406 1985 3579 2134 celle
3673 1985 4193 2134 d’Alexandre
4260 1985 4353 2134 les
4420 1985 4886 2134 operations

1599 2123 2148 2410 i'pW''
2240 2123 2469 2410 ſ''
2560 2123 3018 2410 'W''W
3155 2123 3612 2410 '
2286 2123 3887 2410 'W'W
3978 2123 4161 2410 'v''
4253 2123 4390 2410 j'g'
4482 2123 4985 2410 'ſ'W'e'.

1437 2400 1490 2551 ſe
1558 2400 1920 2551 preſente
1987 2400 2028 2551 le
2108 2400 2444 2551 premier
2511 2400 2565 2551 en
2646 2400 2968 2551 poſture
3062 2400 3331 2551 droite,
3425 2400 3438 2551 &
3505 2400 3626 2551 qui
3680 2400 3868 2551 tient
3935 2400 4043 2551 ſon
4137 2400 4338 2551 eſpee
4405 2400 4741 2551 avancée
4808 2400 4862 2551 en

592 2534 826 2692 droite
895 2534 1143 2692 ligne;
1212 2534 1391 2692 voilà
1474 2534 1915 2692 pourquoy
1984 2534 2259 2692 faiſant
2342 2534 2673 2692 changer
2769 2534 2824 2692 de
2893 2534 3389 2692 perſonnage
3444 2534 3444 2692 à
3541 2534 4023 2692 Alexandre;
4078 2534 4257 2692 (qui
4326 2534 4423 2692 eſt
4492 2534 4877 2692 touſiours

572 2676 742 2826 venu
821 2676 1305 2826 rencontrer
1357 2676 1462 2826 ſon
1540 2676 1894 2826 ennemy
1972 2676 2142 2826 deſia
2208 2676 2260 2826 en
2326 2676 2705 2826 poſture)
2757 2676 2954 2826 nous
2993 2676 3111 2826 luy
3176 2676 3451 2826 faiſons
3516 2676 3556 2826 en
3647 2676 3700 2826 ce
3791 2676 4105 2826 Tableau
4184 2676 4380 2826 tenir
4432 2676 4485 2826 le
4550 2676 4877 2826 premier

561 2812 601 2967 le
682 2812 1004 2967 champ,
1112 2812 1112 2967 &
1166 2812 1542 2967 attendre
1596 2812 1704 2967 ſon
1784 2812 2134 2967 ennemy
2215 2812 2255 2967 en
2336 2812 2658 2967 poſture
2712 2812 3465 2967 perpendiculaire,
3505 2812 3680 2967 avec
3734 2812 3788 2967 le
3855 2812 4016 2967 bras
4110 2812 4124 2967 &
4164 2812 4433 2967 l’eſpee
4514 2812 4890 2967 eſtendus

575 2948 617 3100 en
727 2948 975 3100 droite
1030 2948 1279 3100 ligne,
1320 2948 1444 3100 afin
1541 2948 1665 3100 que
1734 2948 1775 3100 ſa
1844 2948 2092 3100 partie
2161 2948 2396 3100 ayant
2451 2948 2506 3100 le
2589 2948 2837 3100 moyen
2947 2948 3003 3100 de
3085 2948 3458 3100 travailler
3527 2948 3623 3100 ſur
3692 2948 3844 3100 luy,
3899 2948 4147 3100 taſche
4244 2948 4299 3100 de
4382 2948 4713 3100 prendre
4768 2948 4865 3100 ſon

559 3094 957 3237 avantage
1024 3094 1077 3237 en
1183 3094 1528 3237 quelque
1635 3094 1953 3237 maniere
2033 3094 2166 3237 que
2245 3094 2298 3237 ce
2365 3094 2551 3237 ſoit.
2723 3094 2777 3237 Or
2896 3094 3241 3237 Zacharie
3321 3094 3361 3237 en
3454 3094 3892 3237 travaillant
3958 3094 4078 3237 luy
4144 3094 4503 3237 preſente
4569 3094 4609 3237 ſa
4676 3094 4888 3237 poin-

564 3229 620 3377 te
676 3229 732 3377 au
816 3229 1096 3377 viſage,
1152 3229 1348 3377 pour
1418 3229 1530 3377 par
1615 3229 1671 3377 ce
1769 3229 2021 3377 moyen
2105 3229 2245 3377 (s’il
2287 3229 2329 3377 la
2399 3229 2609 3377 pare)
2680 3229 2848 3377 qu’il
2904 3229 3226 3377 lepuiſſe
3282 3229 3534 3377 bleſſer
3618 3229 3969 3377 deſſoubs
4025 3229 4081 3377 le
4151 3229 4305 3377 bras
4389 3229 4627 3377 droi,
4711 3229 4880 3377 vous

564 3370 805 3516 verres
868 3370 1058 3516 auſſi
1109 3370 1147 3516 la
1260 3370 1590 3516 maniere
1678 3370 1982 3516 deſviter
2058 3370 2526 3516 ſeurement
2602 3370 2653 3516 ce
2741 3370 2982 3516 coup,
3070 3370 3121 3516 en
3222 3370 3463 3516 oultre
3513 3370 3564 3516 le
3652 3370 3931 3516 danger
4007 3370 4057 3516 ou
4146 3370 4197 3516 ſe
4298 3370 4627 3516 mettent
4703 3370 4880 3516 ceux

582 3508 687 3654 qui
740 3508 1082 3654 ſuivants
1148 3508 1188 3654 la
1280 3508 1596 3654 maniere
1689 3508 2124 3654 d’aujourd’
2150 3508 2348 3654 huy,
2400 3508 2453 3654 ſe
2532 3508 3020 3654 contentent
3112 3508 3165 3654 de
3217 3508 3428 3654 parer
3494 3508 3665 3654 avec
3718 3508 3982 3654 l’eſpee
4047 3508 4206 3654 ſans
4271 3508 4878 3654 accompagner

576 3647 626 3786 du
713 3647 925 3786 corps
975 3647 1174 3786 leurs
1224 3647 1474 3786 lames
1536 3647 1586 3786 en
1686 3647 1985 3786 parant;
2085 3647 2097 3786 &
2147 3647 2658 3786 finallement
2733 3647 2908 3786 qu’el
2958 3647 3145 3786 peril
3195 3647 3644 3786 encourent
3718 3647 3930 3786 ceux,
4005 3647 4105 3786 qui
4167 3647 4392 3786 ayant
4454 3647 4853 3786 intention

583 3778 636 3922 de
703 3778 1197 3922 ſurprendre
1250 3778 1517 3922 l’eſpee
1611 3778 1664 3922 de
1731 3778 1891 3922 leur
1998 3778 2491 3922 Adverſaire,
2545 3778 2598 3922 le
2665 3778 2838 3922 font
2905 3778 3065 3922 avec
3132 3778 3199 3922 un
3279 3778 3439 3922 lent
3546 3778 4106 3922 mouvement,
4226 3778 4226 3922 &
4280 3778 4440 3922 leur
4533 3778 4880 3922 donnent

557 3913 679 4061 par
761 3913 815 4061 ce
910 3913 1153 4061 moyen
1235 3913 1289 4061 le
1343 3913 1614 4061 temps
1682 3913 1736 4061 de
1804 3913 2156 4061 l’eſviter,
2210 3913 2346 4061 ſoit
2414 3913 2468 4061 en
2576 3913 2902 4061 dreſſant
2956 3913 2996 4061 la
3078 3913 3349 4061 pointe
3416 3913 3484 4061 de
3552 3913 3701 4061 leur
3769 3913 4040 4061 lames,
4080 3913 4216 4061 ſoit
4284 3913 4338 4061 en
4446 3913 4893 4061 changeant

584 4053 637 4200 de
691 4053 1049 4200 poſture;
1115 4053 1208 4200 car
1274 4053 1593 4200 comme
1673 4053 1885 4200 celuy
1978 4053 2084 4200 qui
2137 4053 2522 4200 ſurprend
2588 4053 2628 4200 la
2694 4053 2893 4200 lame
2986 4053 3039 4200 de
3106 4053 3146 4200 ſa
3225 4053 3504 4200 partie,
3557 4053 3809 4200 reçoit
3875 4053 3942 4200 un
4035 4053 4486 4200 advantage
4552 4053 4685 4200 non
4778 4053 4897 4200 pa-

559 4185 685 4333 reil
741 4185 1132 4333 (comme
1188 4185 1230 4333 le
1286 4185 1565 4333 tenant
1635 4185 1677 4333 en
1775 4185 1817 4333 ſa
1887 4185 2292 4333 puiſſance
2362 4185 2557 4333 pour
2599 4185 2725 4333 luy
2781 4185 2949 4333 faire
3019 4185 3438 4333 courtoiſie
3522 4185 3578 4333 ou
3661 4185 3717 4333 le
3773 4185 4039 4333 bleſſer
4108 4185 4192 4333 s’il
4248 4185 4304 4333 le
4388 4185 4653 4333 deſire)
4709 4185 4891 4333 auſſi

566 4329 979 4475 n’haſarde
1021 4329 1050 4475 il
1121 4329 1249 4475 pas
1292 4329 1420 4475 peu
1491 4329 1577 4475 s’il
1648 4329 1947 4475 neglige
2032 4329 2089 4475 ce
2160 4329 2317 4475 qu’il
2403 4329 2531 4475 doit
2602 4329 2815 4475 faire,
2872 4329 3157 4475 pource
3243 4329 3371 4475 que
3428 4329 3741 4475 s’eſtant
3812 4329 4225 4475 approché
4296 4329 4325 4475 ſi
4396 4329 4553 4475 pres
4638 4329 4695 4475 de
4766 4329 4866 4475 ſon

603 4462 1100 4611 Adverſaire,
1156 4462 1197 4611 il
1252 4462 1335 4611 ne
1404 4462 1598 4611 peut
1667 4462 1929 4611 eſviter
2026 4462 2275 4611 d’eſtre
2330 4462 2565 4611 bleſſé
2634 4462 2731 4611 s’il
2786 4462 2966 4611 faille
3035 4462 3076 4611 ſa
3159 4462 3477 4611 pointe,
3546 4462 3864 4611 comme
3919 4462 3960 4611 le
4043 4462 4209 4611 tout
4278 4462 4458 4611 vous
4527 4462 4665 4611 ſera
4748 4462 4886 4611 em-

567 4599 936 4756 plement
1007 4599 1363 4756 deſdui
1434 4599 1477 4756 en
1562 4599 1604 4756 la
1676 4599 1860 4756 ſuite
1960 4599 2017 4756 de
2102 4599 2159 4756 ce
2244 4599 2600 4756 Tableau,
2642 4599 2742 4756 les
2813 4599 3467 4756 enſeignements
3538 4599 3851 4756 duquel,
3922 4599 4235 4756 doivent
4306 4599 4491 4756 eſtre
4533 4599 4690 4756 bien
4775 4599 4889 4756 ob-

563 4741 883 4897 ſervees,
950 4741 1270 4897 comme
1337 4741 1591 4897 eſtans
1671 4741 1884 4897 d’une
1938 4741 2405 4897 treſgrande
2471 4741 3072 4897 conſequence.

1289 4979 1590 5134 Cercle
1956 4979 2063 5134 N1.

597 5172 888 5320 Alexandre
958 5172 1167 5320 s’eſtant
1248 5172 1306 5320 mis
1364 5172 1399 5320 en
1481 5172 1678 5320 poſture
1736 5172 1923 5320 droict,
1992 5172 2190 5320 attand
2248 5172 2329 5320 que
2388 5172 2422 5320 ſa
2481 5172 2655 5320 partie

672 5298 969 5445 travaille.
1095 5298 1347 5445 Zacharie
1381 5298 1541 5445 eſtant
1598 5298 1736 5445 entre
1816 5298 1850 5445 du
1896 5298 2068 5445 corps,
2125 5298 2354 5445 preſente
2411 5298 2468 5445 ſon
2514 5298 2651 5445 eſpee

673 5422 764 5571 par
832 5422 1026 5571 dedans
1083 5422 1094 5571 à
1139 5422 1185 5571 la
1242 5422 1356 5571 veuë
1413 5422 1447 5571 de
1504 5422 1538 5571 ſa
1606 5422 1800 5571 partie,
1857 5422 1936 5571 ſur
1993 5422 2084 5571 cela
2175 5422 2460 5571 Alexandre
2517 5422 2665 5571 porte

675 5546 736 5687 ſon
785 5546 918 5687 eſpee
979 5546 979 5687 à
1028 5546 1064 5687 ſa
1125 5546 1307 5687 gauche
1356 5546 1477 5687 pour
1526 5546 1672 5687 parer
1720 5546 1927 5687 ſortant
1987 5546 2024 5687 de
2073 5546 2109 5687 la
2145 5546 2279 5687 ligne
2340 5546 2571 5687 droite.

1055 5676 1607 5813 LEXANDRE
1691 5676 1739 5813 ſe
1859 5676 1979 5813 met
2075 5676 2111 5813 en
2219 5676 2531 5813 poſture
2603 5676 2651 5813 le

1033 5799 1246 5938 corps
1296 5799 2245 5938 perpendiculairement
2320 5799 2558 5938 dreſſé,
2608 5799 2658 5938 le

1021 5926 1187 6067 pied
1276 5926 1454 6067 droit
1505 5926 1760 6067 planté
1798 5926 1811 6067 à
1862 5926 1900 6067 la
1964 5926 2193 6067 lettre
2282 5926 2320 6067 C;
2359 5926 2410 6067 le
2499 5926 2652 6067 gau-

1031 6048 1152 6187 che
1213 6048 1310 6187 ſur
1359 6048 1396 6187 la
1469 6048 1675 6187 ligne
1724 6048 2028 6187 pedale,
2077 6048 2491 6187 attendant
2576 6048 2625 6187 en

569 6172 756 6318 ceſte
819 6172 1031 6318 façon
1130 6172 1255 6318 que
1317 6172 1417 6318 ſon
1554 6172 1941 6318 Contraire
2003 6172 2390 6318 travaille.
2552 6172 2552 6318 Z
2614 6172 2651 6318 A-

581 6298 915 6444 CHARIE
986 6298 1296 6444 s’eſtant
1392 6298 1499 6444 mis
1558 6298 1606 6444 le
1678 6298 1844 6444 pied
1916 6298 2095 6444 droit
2166 6298 2262 6444 ſur
2321 6298 2369 6444 la
2417 6298 2643 6444 lettre

602 6428 662 6567 X,
721 6428 781 6567 le
877 6428 1163 6567 gauche
1235 6428 1295 6567 un
1378 6428 1570 6567 petit
1629 6428 1749 6567 pas
1820 6428 1856 6567 en
1940 6428 2262 6567 arriere,
2322 6428 2442 6567 fait
2513 6428 2645 6567 une

553 6551 797 6681 feinte
882 6551 1186 6681 entrant
1284 6551 1332 6681 du
1442 6551 1710 6681 corps,
1844 6551 1844 6681 &
1917 6551 2270 6681 plantant
2343 6551 2392 6681 le
2477 6551 2647 6681 pied

580 6674 754 6818 droit
829 6674 1041 6818 entre
1103 6674 1203 6818 les
1265 6674 1539 6818 lettres
1626 6674 1664 6818 V.
1801 6674 1801 6818 &
1950 6674 1950 6818 .
2025 6674 2461 6818 preſentant
2536 6674 2623 6818 ſon

1132 1273 2517 1417 DECLARATION
2758 1273 3019 1417 DES
3260 1273 4424 1417 OPERATIONS

1643 1444 1744 1546 DV
1918 1444 2453 1546 TABLEAV
2641 1444 2960 1546 VINGT
3104 1444 3191 1546 ET
3307 1444 3886 1546 SEPTIEME.

2821 4947 3029 5093 eſpee
3078 4947 3200 5093 par
3261 4947 3542 5093 dedans
3603 4947 3615 5093 à
3676 4947 3725 5093 la
3811 4947 3982 5093 veuë
4055 4947 4116 5093 de
4190 4947 4226 5093 ſa
4300 4947 4581 5093 partie.
4715 4947 4887 5093 ALE-

2827 5094 3327 5215 XANDREſur
3385 5094 3512 5215 cela
3571 5094 3791 5215 porte
3838 5094 3942 5215 ſon
4024 5094 4233 5215 eſpee
4279 5094 4291 5215 à
4349 5094 4396 5215 ſa
4489 5094 4628 5215 main
4709 5094 4872 5215 gau-

2818 5217 2983 5338 che,
3054 5217 3231 5338 pour
3290 5217 3502 5338 parer
3585 5217 3750 5338 celle
3833 5217 3892 5338 de
3939 5217 4045 5338 ſon
4151 5217 4528 5338 Contraire
4599 5217 4646 5338 en
4729 5217 4870 5338 ſor-

2807 5338 2966 5464 tant
3040 5338 3101 5464 de
3138 5338 3187 5464 la
3236 5338 3433 5464 ligne
3506 5338 3776 5464 droite,
3837 5338 4132 5464 comme
4193 5338 4230 5464 il
4291 5338 4365 5464 eſt
4439 5338 4868 5464 repreſenté

2812 5469 2928 5588 par
2979 5469 3082 5588 les
3146 5469 3468 5588 figures.

3555 5589 3872 5803 Cercle
4076 5589 4348 5803 N.2.

2825 5799 3118 5928 Cependant
3189 5799 3622 5928 qu’Alexandre
3658 5799 3869 5928 ſortant
3927 5799 3951 5928 de
3998 5799 4033 5928 la
4080 5799 4209 5928 ligne
4267 5799 4408 5928 droite
4455 5799 4595 5928 pare,
4677 5799 4865 5928 Zacha-

2933 5919 2997 6051 rie
3048 5919 3149 6051 fait
3188 5919 3353 6051 paſſer
3391 5919 3455 6051 ſon
3506 5919 3633 6051 eſpee
3697 5919 3786 6051 par
3849 5919 4066 6051 deſſoubs
4116 5919 4218 6051 celle
4282 5919 4307 6051 de
4371 5919 4435 6051 ſon
4498 5919 4791 6051 Contraire,
4854 5919 4880 6051 le

2926 6045 3140 6174 bleſſant
3211 6045 3354 6174 d’une
3401 6045 3627 6174 eſtocade
3674 6045 3710 6174 au
3757 6045 3876 6174 coſté
3948 6045 4090 6174 droit.

3290 6165 3678 6294 Ependant
3788 6165 4492 6294 qu’ALEXANDRE
4589 6165 4881 6294 ſortant

3280 6288 3340 6416 de
3377 6288 3425 6416 la
3474 6288 3668 6416 ligne
3741 6288 3972 6416 droite
4021 6288 4215 6416 pare,
4264 6288 4446 6416 pour
4507 6288 4568 6416 ſe
4641 6288 4884 6416 defen-

3277 6406 3373 6512 dre
3444 6406 3504 6512 de
3576 6406 3994 6512 l’eſtocade
4078 6406 4137 6512 de
4209 6406 4305 6512 ſon
4448 6406 4878 6512 Contraire,

3251 6535 3311 6654 au
3406 6535 3657 6654 meſme
3717 6535 3955 6654 temps
4063 6535 4492 6654 ZACHARIE
4564 6535 4683 6654 fait
4731 6535 4874 6654 paſ-

2802 6655 2906 6790 ſer
2945 6655 3049 6790 ſon
3127 6655 3322 6790 eſpee
3387 6655 3491 6790 par
3557 6655 3908 6790 deſſoubs
3973 6655 4142 6790 celle
4207 6655 4273 6790 de
4325 6655 4416 6790 ſon
4520 6655 4884 6790 Cõtraire,

4649 6816 4863 6879 avan-
