5520 7640
3561 889 3895 1056 Cercle
4096 889 4385 1056 N.5.

2888 1098 3182 1224 Alexandre
3231 1098 3439 1224 s’eſtant
3500 1098 3561 1224 mis
3610 1098 3647 1224 en
3708 1098 3916 1224 poſture
3952 1098 3989 1224 en
4038 1098 4172 1224 ligne
4246 1098 4503 1224 droite,
4600 1098 4845 1224 Zacharie
4918 1098 4980 1224 luy

2964 1224 3064 1352 fait
3101 1224 3188 1352 une
3238 1224 3387 1352 feinte
3437 1224 3524 1352 par
3586 1224 3810 1352 deſſoubs
3860 1224 4084 1352 l’eſpee,
4147 1224 4221 1352 luy
4271 1224 4582 1352 preſentant
4632 1224 4669 1352 ſa
4719 1224 4881 1352 pointe
4943 1224 4980 1352 au

2965 1355 3166 1477 viſage,
3225 1355 3308 1477 afin
3379 1355 3415 1477 de
3462 1355 3498 1477 la
3545 1355 3604 1477 luy
3652 1355 3782 1477 faire
3841 1355 4031 1477 parer,
4114 1355 4220 1477 mais
4303 1355 4600 1477 Alexandre
4659 1355 4990 1477 s’avançant

2964 1477 3244 1618 rencontre
3293 1477 3330 1618 de
3379 1477 3440 1618 ſon
3501 1477 3599 1618 fort
3635 1477 3672 1618 le
3709 1477 3855 1618 foible
3928 1477 3953 1618 de
4014 1477 4051 1618 ſa
4124 1477 4332 1618 partie,
4429 1477 4429 1618 &
4478 1477 4551 1618 luy
4612 1477 4686 1618 met
4722 1477 4771 1618 ſa
4808 1477 4979 1618 pointe

2980 1605 3171 1741 devant
3219 1605 3243 1741 le
3290 1605 3553 1741 viſage.

3355 1747 3815 1871 LEXANDRE
3900 1747 4215 1871 s’eſtant
4324 1747 4421 1871 mis
4505 1747 4554 1871 en
4651 1747 4977 1871 poſture

3336 1878 3384 2001 en
3445 1878 3652 2001 ligne
3726 1878 4006 2001 droite,
4054 1878 4103 2001 le
4176 1878 4396 2001 corps
4456 1878 4980 2001 proportion-

3318 2001 3434 2127 né,
3473 2001 3705 2127 ayant
3756 2001 3808 2127 le
3859 2001 4040 2127 pied
4104 2001 4298 2127 droit
4349 2001 4607 2127 planté
4685 2001 4685 2127 à
4749 2001 4788 2127 la
4852 2001 4994 2127 let-

3321 2129 3427 2254 tre
3520 2129 3560 2254 C,
3666 2129 3679 2254 &
3719 2129 3772 2254 le
3839 2129 4131 2254 gauche
4210 2129 4210 2254 à
4290 2129 4330 2254 la
4383 2129 4622 2254 lettre
4702 2129 4781 2254 A,
4888 2129 4888 2254 Z
4941 2129 4994 2254 a-

2874 2256 3208 2382 CHARIE
3280 2256 3567 2382 avance
3638 2256 3686 2382 le
3758 2256 3925 2382 pied
4008 2256 4199 2382 droit
4271 2256 4367 2382 ſur
4438 2256 4486 2382 le
4605 2256 4976 2382 Diametre

2868 2380 3073 2505 entre
3112 2380 3215 2505 les
3266 2380 3549 2505 lettres
3639 2380 3639 2505 V
3755 2380 3768 2505 &
3858 2380 3896 2505 X,
3948 2380 3999 2505 le
4063 2380 4359 2505 gauche
4410 2380 4423 2505 à
4487 2380 4526 2505 la
4603 2380 4835 2505 lettre
4950 2380 4989 2505 Z,

2852 2507 3111 2631 faiſant
3172 2507 3320 2631 une
3369 2507 3615 2631 feinte
3664 2507 3788 2631 par
3874 2507 4157 2631 dehors
4243 2507 4304 2631 de
4378 2507 4649 2631 l’eſpee
4735 2507 4797 2631 de
4858 2507 4969 2631 ſon

2891 2636 3318 2761 Contraire,
3368 2636 3493 2761 luy
3543 2636 4008 2761 preſentant
4070 2636 4121 2761 ſa
4196 2636 4459 2761 pointe
4535 2636 4597 2761 au
4685 2636 4974 2761 viſage,

2864 2758 3170 2885 comme
3231 2758 3267 2885 il
3316 2758 3329 2885 à
3414 2758 3549 2885 eſté
3622 2758 4087 2885 repreſenté
4160 2758 4295 2885 aux
4393 2758 4637 2885 Cercle
4711 2758 4992 2885 prece-

2876 2884 3107 3010 dents,
3168 2884 3278 3010 afin
3376 2884 3498 3010 que
3559 2884 3595 3010 ſa
3656 2884 3900 3010 partie
3936 2884 3985 3010 la
4046 2884 4266 3010 pare:
4363 2884 4509 3010 mais
4595 2884 4607 3010 A
4680 2884 4985 3010 LEXAN-

2861 3013 3003 3136 DRE
3063 3013 3110 3136 au
3216 3013 3477 3136 meſme
3536 3013 3796 3136 temps
3867 3013 4163 3136 avance
4222 3013 4281 3136 le
4340 3013 4506 3136 pied
4601 3013 4778 3136 droit
4849 3013 4861 3136 à
4932 3013 4979 3136 la

2841 3138 3078 3264 lettre
3179 3138 3216 3264 E,
3279 3138 3680 3264 touchant
3742 3138 3805 3264 de
3855 3138 3905 3264 la
3967 3138 4243 3264 pointe
4318 3138 4631 3264 d’iceluy
4706 3138 4756 3264 le
4856 3138 4994 3264 Dia-

2876 3263 3156 3386 metre,
3217 3263 3509 3386 laiſſant
3557 3263 3801 3386 ſuivre
3862 3263 3923 3386 le
3996 3263 4288 3386 gauche
4349 3263 4982 3386 proportionne-

2881 3391 3097 3512 ment,
3142 3391 3676 3512 rencontrant
3744 3391 3801 3512 au
3903 3391 4164 3512 meſme
4232 3391 4493 3512 temps
4561 3391 4618 3512 du
4697 3391 4834 3512 fort
4924 3391 4981 3512 de

2853 3514 2953 3640 ſon
3027 3514 3239 3640 eſpee
3289 3514 3339 3640 le
3402 3514 3639 3640 foible
3713 3514 3776 3640 de
3851 3514 4025 3640 celle
4100 3514 4162 3640 de
4225 3514 4262 3640 ſa
4324 3514 4611 3640 partie,
4661 3514 4711 3640 la
4773 3514 4985 3640 poin-

2854 3638 2917 3768 te
3005 3638 3068 3768 de
3132 3638 3485 3768 laquelle
3549 3638 3586 3768 il
3675 3638 3902 3768 dreſſe
3991 3638 4269 3768 devant
4345 3638 4446 3768 ſon
4534 3638 4812 3768 viſage,
4875 3638 4989 3768 par

2863 3766 3348 3885 courtoiſie;
3445 3766 3590 3885 mais
3651 3766 3748 3885 s’il
3796 3766 4099 3885 vouloit
4160 3766 4317 3885 uſer
4390 3766 4451 3885 de
4511 3766 4766 3885 rigeur
4875 3766 4887 3885 &
4935 3766 4984 3885 le

2853 3885 3165 4006 bleſſer,
3202 3885 3240 4006 il
3290 3885 3639 4006 faudroit
3714 3885 3876 4006 qu’il
3951 3885 4313 4006 marchaſt
4376 3885 4438 4006 de
4488 3885 4538 4006 la
4588 3885 4825 4006 lettre
4912 3885 4925 4006 C
4975 3885 4975 4006 à

2842 4006 2893 4133 la
2957 4006 3187 4133 lettre
3289 4006 3353 4133 H,
3481 4006 3481 4133 &
3558 4006 3749 4133 tenir
3800 4006 3852 4133 le
3928 4006 4082 4133 bras
4222 4006 4222 4133 &
4286 4006 4555 4133 l’eſpee
4631 4006 4849 4133 roide
4977 4006 4989 4133 &

2859 4128 3099 4246 droit,
3201 4128 3350 4246 ſans
3418 4128 3589 4246 faire
3658 4128 3897 4246 aucun
4011 4128 4525 4246 mouvement
4628 4128 4673 4246 du
4765 4128 4970 4246 bras,

2876 4254 3032 4379 mais
3092 4254 3536 4379 ſeulement
3608 4254 3716 4379 des
3776 4254 4028 4379 pieds.

3005 4379 3053 4510 En
3136 4379 3327 4510 ceſte
3410 4379 3661 4510 meſme
3768 4379 4078 4510 maniere
4162 4379 4627 4510 ALExandre
4699 4379 4985 4510 pourra

2865 4511 3249 4634 executer
3298 4511 3406 4634 ſon
3490 4511 3706 4634 coup,
3779 4511 3815 4634 en
3899 4511 4007 4634 cas
4067 4511 4199 4634 que
4260 4511 4296 4634 ſa
4344 4511 4584 4634 partie
4644 4511 4765 4634 luy
4825 4511 4981 4634 face

2852 4634 2888 4756 la
2961 4634 3205 4756 feinte
3266 4634 3327 4756 ou
3401 4634 3510 4756 luy
3571 4634 3706 4756 tire
3779 4634 3950 4756 tout
4011 4634 4023 4756 à
4096 4634 4218 4756 fait
4279 4634 4389 4756 par
4438 4634 4487 4756 le
4560 4634 4841 4756 dedans
4926 4634 4987 4756 de

2855 4755 3170 4886 l’eſpee,
3246 4755 3599 4886 (comme
3662 4755 3801 4886 cela
3864 4755 4028 4886 s’eſt
4091 4755 4192 4886 veu
4267 4755 4330 4886 au
4457 4755 4709 4886 Cercle
4822 4755 4873 4886 N.
4911 4755 4999 4886 1.)

2868 4883 2917 5004 en
3002 4883 3272 5004 faiſant
3321 4883 3773 5004 l’operation
3859 4883 4275 5004 contenue
4324 4883 4373 5004 au
4495 4883 4740 5004 Cercle
4850 4883 4886 5004 N.
4948 4883 4984 5004 5;

2870 5009 3143 5137 exepté
3229 5009 3415 5137 qu’au
3477 5009 3613 5137 lieu
3725 5009 3787 5137 de
3837 5009 3886 5137 ſe
3985 5009 4246 5137 mettre
4320 5009 4431 5137 par
4518 5009 4654 5137 delà
4716 5009 4766 5137 le
4865 5009 4989 5137 Dia-

2894 5136 3144 5260 metre,
3181 5136 3219 5260 il
3294 5136 3444 5260 doit
3482 5136 3532 5260 le
3620 5136 3882 5260 mettre
3932 5136 4058 5260 par
4120 5136 4333 5260 deçà.

3576 5608 3907 5781 Cercle
4129 5608 4372 5781 N.6.

2895 5820 3191 5947 Alexandre
3239 5820 3404 5947 eſtant
3452 5820 3487 5947 en
3535 5820 3736 5947 poſture
3783 5820 3961 5947 comme
4020 5820 4198 5947 deſſus,
4281 5820 4541 5947 Zacharie
4588 5820 4612 5947 ſe
4683 5820 4754 5947 met
4813 5820 4849 5947 en
4920 5820 4991 5947 po¬

2986 5948 3115 6072 ſture
3161 5948 3173 6072 à
3243 5948 3546 6072 l’encontre,
3592 5948 3662 6072 luy
3720 5948 4035 6072 preſentant
4082 5948 4128 6072 ſa
4175 5948 4303 6072 lame
4373 5948 4420 6072 au
4490 5948 4664 6072 viſage
4711 5948 4746 6072 en
4816 5948 5002 6072 dedans

3005 6075 3095 6198 d’un
3140 6075 3253 6198 bras
3298 6075 3502 6198 eſtendu
3547 6075 3660 6198 ſans
3705 6075 3739 6198 la
3784 6075 4021 6198 toucher,
4066 6075 4247 6198 tenant
4292 6075 4337 6198 ſa
4394 6075 4507 6198 main
4563 6075 4755 6198 gauche
4812 6075 5004 6198 devant

2990 6200 3023 6317 la
3068 6200 3379 6317 poitrine.

3371 6327 3856 6427 LEXANDRE
3927 6327 4223 6427 s’eſtant
4306 6327 4412 6427 mis
4483 6327 4531 6427 en
4613 6327 4649 6427 la
4732 6327 4992 6427 meſme

3345 6451 3666 6582 poſture
3753 6451 3790 6582 en
3876 6451 4086 6582 ligne
4160 6451 4395 6582 droite
4481 6451 4778 6582 comme
4864 6451 5012 6582 deſ-

3344 6582 3532 6710 ſus,
3619 6582 3657 6710 il
3719 6582 3994 6710 attend
4057 6582 4232 6710 ainſi
4307 6582 4407 6710 ſon
4557 6582 5007 6710 Contraire,

3392 6703 3856 6834 ZACHARIE
3927 6703 3974 6834 ſe
4058 6703 4177 6834 met
4260 6703 4308 6834 en
4391 6703 4712 6834 poſture
4771 6703 4783 6834 à
4831 6703 4998 6834 l’en-

2898 6828 3165 6960 contre
3242 6828 3598 6960 plantant
3674 6828 3725 6960 le
3789 6828 3967 6960 pied
4043 6828 4234 6960 droit
4272 6828 4285 6960 à
4336 6828 4374 6960 la
4425 6828 4654 6960 lettre
4756 6828 4794 6960 V,
4909 6828 4909 6960 &
4947 6828 5011 6960 le

4715 6960 5006 7086 gauche

590 313 987 452 avançant
1035 313 1084 452 le
1144 313 1312 452 pied
1385 313 1601 452 droit,
1662 313 1710 452 le
1794 313 2107 452 mettant
2167 313 2372 452 entre
2432 313 2481 452 le
2577 313 2709 452 Dia-

621 438 839 578 metre
948 438 960 578 &
1021 438 1057 578 la
1130 438 1577 578 collaterale
1626 438 2074 578 interieure
2146 438 2158 578 à
2219 438 2267 578 la
2340 438 2570 578 lettre
2655 438 2703 578 R,

598 566 887 705 ſuivant
962 566 1013 705 du
1088 566 1377 705 gauche
1427 566 1440 705 à
1490 566 1528 705 la
1578 566 1804 705 lettre
1917 566 1980 705 X,
2106 566 2106 705 &
2156 566 2282 705 luy
2357 566 2483 705 tire
2558 566 2696 705 une

608 690 967 830 eſtocade
1041 690 1140 830 qui
1189 690 1239 830 le
1288 690 1511 830 bleſſe
1573 690 1622 830 au
1709 690 1894 830 coſté
1956 690 2191 830 droit;
2253 690 2562 830 comme
2599 690 2698 830 les

598 829 882 960 figures
969 829 1415 960 monſtrent.

1278 1384 1589 1563 Cercle
1922 1384 2055 1563 N3.

624 1586 919 1715 Alexandre
966 1586 1131 1715 eſtant
1179 1586 1356 1715 planté
1391 1586 1580 1715 come
1627 1586 1675 1715 au
1757 1586 1922 1715 Cercle
2017 1586 2052 1715 N.
2100 1586 2135 1715 1;
2229 1586 2477 1715 Zacharie
2536 1586 2572 1715 ſe
2631 1586 2702 1715 met

704 1720 741 1852 en
791 1720 828 1852 la
890 1720 1052 1852 meſme
1114 1720 1288 1852 meſure
1375 1720 1387 1852 &
1437 1720 1586 1852 forme
1636 1720 1710 1852 que
1772 1720 1946 1852 deſſus,
2008 1720 2207 1852 faiſant
2244 1720 2331 1852 une
2369 1720 2555 1852 feinte,
2605 1720 2704 1852 pre-

707 1844 926 1974 ſentant
963 1844 999 1974 ſa
1048 1844 1207 1974 pointe
1255 1844 1304 1974 au
1353 1844 1524 1974 viſage
1597 1844 1621 1974 de
1670 1844 1706 1974 ſa
1755 1844 2011 1974 partie.

1061 1983 1273 2124 Stant
1361 1983 1912 2124 ALEXANDRE
1987 1983 2238 2124 planté
2325 1983 2375 2124 en
2450 1983 2501 2124 la
2576 1983 2713 2124 for-

1075 2122 1159 2237 me
1219 2122 1507 2237 recitée
1567 2122 1627 2237 au
1735 2122 1975 2237 Cercle
2083 2122 2131 2237 N.
2179 2122 2215 2237 1.
2274 2122 2694 2237 attendant

1045 2249 1153 2377 ſon
1237 2249 1657 2377 contraire,
1765 2249 2197 2377 ZACHARIE
2257 2249 2305 2377 ſe
2389 2249 2642 2377 plante
2690 2249 2702 2377 à

1042 2375 1077 2509 la
1195 2375 1452 2509 meſme
1558 2375 1828 2509 meſure
1956 2375 1968 2509 &
2050 2375 2097 2509 en
2179 2375 2226 2509 la
2296 2375 2554 2509 forme
2636 2375 2695 2509 cy

596 2502 849 2620 deſſus
913 2502 1141 2620 die,
1242 2502 1255 2620 &
1306 2502 1420 2620 fait
1470 2502 1610 2620 une
1686 2502 1927 2620 feinte
1977 2502 2092 2620 par
2168 2502 2218 2620 le
2294 2502 2573 2620 dehors
2649 2502 2713 2620 de

581 2625 852 2759 l’eſpee
925 2625 987 2759 de
1036 2625 1135 2759 ſon
1245 2625 1602 2759 Cõtraire,
1639 2625 1762 2759 luy
1811 2625 2279 2759 preſentant
2328 2625 2365 2759 la
2426 2625 2697 2759 pointe

595 2750 669 2882 de
718 2750 755 2882 ſa
816 2750 1013 2882 lame
1063 2750 1112 2882 au
1198 2750 1469 2882 viſage;
1530 2750 1752 2882 cõme
1789 2750 1826 2882 il
1875 2750 1924 2882 ſe
1986 2750 2134 2882 voit
2183 2750 2331 2882 aux
2368 2750 2700 2882 figures.

1329 2949 1633 3119 Cercle
1829 2949 2111 3119 N.4.

614 3162 910 3295 Alexandre
960 3162 1170 3295 voulant
1231 3162 1392 3295 parer
1429 3162 1441 3295 à
1503 3162 1639 3295 droit,
1725 3162 1984 3295 Zacharie
2034 3162 2231 3295 deſçent
2281 3162 2355 3295 ſon
2404 3162 2540 3295 eſpee
2614 3162 2713 3295 deſ-

698 3282 837 3410 ſoubs
888 3282 989 3410 celle
1053 3282 1078 3410 de
1129 3282 1167 3410 ſa
1217 3282 1408 3410 partie,
1509 3282 1509 3410 &
1560 3282 1585 3410 le
1636 3282 1775 3410 bleſſe
1826 3282 1877 3410 au
1928 3282 2042 3410 coſté
2105 3282 2245 3410 droit.

1067 3438 1547 3566 LEXANDRE
1617 3438 1874 3566 faiſant
1956 3438 2015 3566 un
2131 3438 2705 3566 mouvement,

1040 3573 1240 3701 pour
1290 3573 1503 3701 parer
1540 3573 1815 3701 l’eſpee
1890 3573 1953 3701 de
2003 3573 2103 3701 ſon
2228 3573 2615 3701 Contraire
2690 3573 2690 3701 à

1040 3695 1086 3810 ſa
1167 3695 1317 3810 main
1409 3695 1674 3810 droite,
1754 3695 1754 3810 Z
1812 3695 2215 3810 ACHARIE
2284 3695 2330 3810 au
2445 3695 2699 3810 meſme

1042 3819 1308 3952 temps
1405 3819 1720 3952 deſçent
1805 3819 1902 3952 ſon
2023 3819 2228 3952 eſpee
2337 3819 2700 3952 deſſoubs

591 3946 764 4047 celle
838 3946 900 4047 de
961 3946 1060 4047 ſon
1171 3946 1541 4047 Cõtraire,
1590 3946 1640 4047 le
1689 3946 2022 4047 bleſſant
2071 3946 2133 4047 au
2219 3946 2404 4047 coſté
2491 3946 2700 4047 droit,

591 4067 640 4196 en
713 4067 750 4196 la
836 4067 1154 4196 maniere
1227 4067 1386 4196 qu’il
1435 4067 1521 4196 eſt
1570 4067 1802 4196 recité
1863 4067 1924 4196 au
2034 4067 2279 4196 Cercle
2401 4067 2524 4196 N.2.

729 4188 802 4322 Le
887 4188 1578 4322 Demonſtrations
1651 4188 1711 4322 cy
1796 4188 2039 4322 deſſus
2087 4188 2330 4322 faites,
2403 4188 2706 4322 ſervent

582 4315 1038 4445 ſeulement
1110 4315 1302 4445 pour
1374 4315 1878 4445 repreſenter
1938 4315 1986 4445 le
2070 4315 2405 4445 default,
2501 4315 2573 4445 de
2645 4315 2705 4445 ce

609 4438 744 4578 que
806 4438 904 4578 les
1039 4438 1347 4578 Maiſtres
1421 4438 1827 4578 deſcrimes
1901 4438 2516 4578 d’aujourd’huy
2603 4438 2713 4578 en-

589 4565 956 4704 ſeignent
1020 4565 1033 4704 à
1096 4565 1299 4704 leurs
1387 4565 1742 4704 Diſciples
1818 4565 1869 4704 en
1945 4565 2161 4704 leurs
2224 4565 2706 4704 principales

590 4689 900 4827 leçons,
950 4689 1249 4827 ſçavoir
1311 4689 1435 4827 eſt,
1497 4689 1696 4827 qu’ils
1733 4689 1833 4827 les
1895 4689 2343 4827 apprenent
2392 4689 2392 4827 à
2455 4689 2716 4827 preve-

590 4816 696 4951 nir
744 4816 851 4951 les
922 4816 1336 4951 eſtocades
1419 4816 1621 4951 qu’on
1704 4816 1870 4951 leur
1929 4816 2059 4951 tire
2142 4816 2190 4951 en
2273 4816 2581 4951 parant,
2711 4816 2711 4951 &

599 4937 812 5069 apres
860 4937 1061 5069 avoir
1120 4937 1285 5069 pare
1332 4937 1344 5069 à
1403 4937 1581 5069 tirer
1628 4937 1640 5069 à
1687 4937 1853 5069 leur
1935 4937 2408 5069 Adverſaire:
2491 4937 2645 5069 mais
2680 4937 2716 5069 il

615 5058 696 5194 eſt
766 5058 941 5194 tout
1022 5058 1360 5194 certain,
1464 5058 1592 5194 que
1662 5058 1942 5194 toutes
2023 5058 2128 5194 ces
2209 5058 2582 5194 defences
2710 5058 2710 5194 &

611 5189 827 5325 touts
886 5189 994 5325 ces
1042 5189 1472 5325 paremens
1520 5189 1532 5325 à
1592 5189 2022 5325 l’eſtocade
2094 5189 2572 5325 eſtramaçon
2716 5189 2716 5325 &

612 5323 899 5440 revers,
947 5323 1115 5440 ſont
1162 5323 1461 5440 fauces,
1509 5323 1700 5440 pour
1784 5323 1844 5440 ce
1928 5323 2119 5440 qu’ils
2167 5323 2274 5440 les
2346 5323 2502 5440 font
2573 5323 2729 5440 ſeu-

599 5445 907 5565 lement
993 5445 1055 5565 de
1104 5445 1412 5565 l’eſpee,
1498 5445 1646 5565 c’eſt
1720 5445 1720 5565 à
1819 5445 1954 5565 dire
2028 5445 2164 5565 que
2225 5445 2274 5565 le
2361 5445 2570 5565 corps
2644 5445 2718 5565 ne

601 5565 1212 5699 l’accompagne
1271 5565 1388 5699 pas
1447 5565 1600 5699 vers
1670 5565 1717 5699 le
1788 5565 1976 5699 coſté
2046 5565 2105 5699 ou
2187 5565 2246 5699 le
2304 5565 2716 5699 parement

615 5696 667 5815 ſe
719 5696 887 5815 fait,
926 5696 1094 5815 ainſi
1158 5696 1197 5815 il
1249 5696 1326 5815 ne
1404 5696 1443 5815 ſe
1507 5696 1688 5815 peut
1740 5696 1921 5815 faire
1999 5696 2154 5815 qu’il
2232 5696 2309 5815 ny
2374 5696 2451 5815 ait
2529 5696 2736 5815 quel-

626 5820 760 5944 que
833 5820 1260 5944 ouverture
1321 5820 1639 5944 d’angle,
1712 5820 1748 5944 en
1822 5820 2017 5944 ſorte
2090 5820 2212 5944 que
2285 5820 2310 5944 ſi
2371 5820 2529 5944 leur
2615 5820 2725 5944 Ad-

625 5937 992 6075 verſaire,
1075 5937 1312 6075 ayant
1383 5937 1786 6075 l’Inſtance
1869 5937 2344 6075 commode,
2415 5937 2652 6075 prend
2711 5937 2723 6075 à

613 6072 867 6193 temps
937 6072 994 6193 ce
1075 6072 1618 6193 mouvement,
1664 6072 1699 6193 il
1745 6072 1826 6193 ne
1883 6072 2057 6193 peut
2149 6072 2507 6193 manquer
2576 6072 2726 6193 qu’il

618 6194 703 6318 ne
740 6194 849 6318 les
897 6194 1152 6318 bleſſe,
1237 6194 1346 6318 par
1407 6194 1904 6318 l’ouverture
1965 6194 2147 6318 faite
2183 6194 2341 6318 lors
2402 6194 2450 6318 du
2523 6194 2742 6318 pare-

656 6318 877 6444 ment:
1017 6318 1075 6444 Ce
1157 6318 1285 6444 que
1332 6318 1530 6444 nous
1588 6318 1821 6444 avons
1891 6318 2101 6444 voulu
2194 6318 2532 6444 deſigner
2590 6318 2730 6444 aux

661 6445 897 6569 Cercle
959 6445 1419 6569 precedẽts,
1469 6445 1580 6569 afin
1667 6445 1804 6569 que
1866 6445 1928 6569 ce
2003 6445 2276 6569 danger
2338 6445 2574 6569 eſtant
2636 6445 2748 6569 co-

652 6572 814 6692 gnu,
852 6572 889 6692 il
951 6572 1176 6692 puiſſe
1251 6572 1426 6692 eſtre
1488 6572 1825 6692 d’autant
1900 6572 2137 6692 mieux
2200 6572 2449 6692 eſvité,
2499 6572 2562 6692 ce
2624 6572 2736 6692 qui

623 6695 682 6819 ſe
729 6695 917 6819 peut
976 6695 1152 6819 faire
1222 6695 1822 6819 cõmodement,
1869 6695 2339 6819 ſurprenant
2385 6695 2738 6819 l’Adver-

626 6817 804 6938 ſaire
867 6817 1172 6938 (quand
1236 6817 1274 6938 il
1350 6817 1426 6938 eſt
1503 6817 1668 6938 venu
1744 6817 1757 6938 à
1795 6817 2240 6938 l’Inſtance,
2278 6817 2278 6938 )
2329 6817 2379 6938 au
2481 6817 2735 6938 meſme

2858 275 3118 414 temps
3198 275 3357 414 qu’il
3413 275 3878 414 commence
3935 275 3980 414 le
4071 275 4616 414 mouvement;
4684 275 4990 414 comme

2859 409 2995 537 cela
3051 409 3097 537 ſe
3165 409 3357 537 verra
3414 409 3562 537 aux
3618 409 4095 537 operations
4140 409 4582 537 ſuivantes.
