5520 7640
2837 350 2991 476 ſans
3038 350 3073 476 la
3132 350 3498 476 toucher,
3533 350 3569 476 la
3628 350 3887 476 tenant
3934 350 3981 476 la
4040 350 4312 476 pointe
4371 350 4418 476 en
4489 350 4724 476 hault,
4772 350 4889 476 afin

2858 473 2993 604 que
3055 473 3154 604 ſon
3277 473 3659 604 Contraire
3733 473 3820 604 ne
3882 473 3919 604 la
4005 473 4227 604 puiſſe
4313 473 4646 604 attindre
4745 473 4807 604 de
4869 473 4906 604 la

2872 604 3016 732 main
3105 604 3415 732 gauche,
3470 604 3626 732 ſans
3703 604 4202 732 mouvement
4313 604 4324 732 &
4379 604 4911 732 avancement

2852 724 2912 856 du
2996 724 3201 856 corps
3261 724 3321 856 ou
3405 724 3514 856 des
3562 724 3827 856 pieds;
3899 724 4067 856 ainſi
4152 724 4272 856 que
4368 724 4778 856 monſtrent
4814 724 4922 856 les

2847 857 3159 974 figures.

3576 982 3883 1157 Cercle
4104 982 4367 1157 N.9.

2871 1189 3119 1316 Zacharie
3166 1189 3354 1316 voyant
3390 1189 3508 1316 qu’il
3555 1189 3590 1316 ne
3637 1189 3755 1316 peut
3791 1189 4109 1316 ſurprendre
4156 1189 4333 1316 l’eſpee
4392 1189 4428 1316 de
4463 1189 4498 1316 ſa
4557 1189 4758 1316 partie,
4805 1189 4911 1316 ſans

2944 1315 3074 1440 faire
3128 1315 3171 1440 un
3225 1315 3397 1440 grand
3451 1315 3786 1440 mouvement,
3840 1315 4110 1440 l’attend,
4142 1315 4218 1440 ſur
4272 1315 4390 1440 quoy
4477 1315 4768 1440 Alexandre
4811 1315 4908 1440 s’a-

2954 1441 3209 1563 vançant,
3253 1441 3319 1563 luy
3386 1441 3519 1563 donne
3585 1441 3718 1563 d’une
3762 1441 3984 1563 eſtocade
4039 1441 4072 1563 au
4128 1441 4393 1563 viſage.

3319 1595 3367 1714 Es
3440 1595 3620 1714 deux
3669 1595 3946 1714 parties
4006 1595 4223 1714 eſtant
4283 1595 4332 1714 en
4404 1595 4440 1714 la
4500 1595 4814 1714 poſture
4910 1595 4922 1714 &

3298 1718 3643 1836 Inſtance
3705 1718 3766 1836 cy
3840 1718 4074 1836 deſſus
4136 1718 4493 1836 deſcrite,
4604 1718 4924 1836 ZAcHA-

3296 1841 3392 1964 RIE
3464 1841 4004 1964 s’aperçevant
4064 1841 4220 1964 qu’il
4268 1841 4340 1964 ne
4400 1841 4580 1964 peut
4616 1841 4915 1964 ſurprẽ-

3297 1963 3405 2084 dre
3466 1963 3743 2084 l’eſpee
3827 1963 3887 2084 de
3960 1963 4056 2084 ſon
4177 1963 4550 2084 Contraire
4622 1963 4791 2084 avec
4863 1963 4900 2084 la

2864 2091 3002 2215 main
3117 2091 3449 2215 gauche,
3518 2091 3667 2215 ſans
3725 2091 4046 2215 avancer
4092 2091 4138 2215 le
4207 2091 4425 2215 corps
4528 2091 4528 2215 &
4585 2091 4757 2215 faire
4826 2091 4895 2215 un

2842 2207 3073 2336 grand
3146 2207 3680 2336 mouvement,
3716 2207 3752 2336 il
3801 2207 4068 2336 attend
4128 2207 4165 2336 ſa
4226 2207 4492 2336 partie.
4553 2207 4602 2336 La
4674 2207 4917 2336 deſſus

2858 2330 2882 2455 A
2942 2330 3410 2455 LEXANDRE
3470 2330 3757 2455 avance
3805 2330 3853 2455 le
3901 2330 4081 2455 pied
4153 2330 4333 2455 droit
4381 2330 4393 2455 à
4441 2330 4476 2455 la
4524 2330 4752 2455 lettre
4872 2330 4908 2455 N,

2834 2452 3123 2580 laiſſant
3173 2452 3411 2580 ſuivre
3474 2452 3524 2580 le
3587 2452 3875 2580 gauche
3950 2452 3950 2580 à
4013 2452 4051 2580 la
4114 2452 4339 2580 lettre
4452 2452 4490 2580 D,
4552 2452 4678 2580 luy
4741 2452 4916 2580 don-

2837 2577 3006 2701 nant
3066 2577 3127 2701 un
3211 2577 3393 2701 coup
3477 2577 3900 2701 d’eſtocade
3948 2577 4009 2701 au
4081 2577 4347 2701 viſage,
4395 2577 4661 2701 lequel
4733 2577 4914 2701 coup

2834 2698 2868 2823 il
2925 2698 3108 2823 peut
3153 2698 3553 2823 ayſement
3622 2698 4021 2823 executer,
4078 2698 4261 2823 pour
4330 2698 4387 2823 ce
4467 2698 4592 2823 que
4650 2698 4695 2823 la
4798 2698 4912 2823 me-

2828 2821 2983 2923 ſure
3060 2821 3337 2923 d’entre
3404 2821 3526 2923 eux
3614 2821 3791 2923 deux
3869 2821 3957 2923 eſt
4002 2821 4146 2923 fort
4234 2821 4533 2923 courte,
4611 2821 4910 2923 comme

2846 2944 3071 3068 eſtans
3130 2944 3284 3068 plus
3343 2944 3685 3068 proches
3721 2944 3839 3068 l’un
3934 2944 3993 3068 de
4052 2944 4312 3068 l’autre
4371 2944 4560 3068 qu’en
4655 2944 4926 3068 Secon-

2850 3072 2924 3161 de
2986 3072 3380 3161 Inſtance.

3001 3188 3300 3288 Comme
3399 3188 3748 3288 ZAcharie
3822 3188 3872 3288 au
3984 3188 4220 3288 Cercle
4345 3188 4382 3288 N.
4457 3188 4494 3288 8.
4544 3188 4556 3288 à
4643 3188 4743 3288 mis
4793 3188 4892 3288 ſon

2853 3311 3059 3433 eſpee
3131 3311 3240 3433 par
3301 3311 3349 3433 le
3422 3311 3700 3433 dedans
3784 3311 3845 3433 de
3917 3311 4087 3433 celle
4159 3311 4220 3433 de
4280 3311 4377 3433 ſon
4498 3311 4909 3433 Contraire,

2838 3433 3002 3559 auſſi
3072 3433 3108 3559 la
3166 3433 3342 3559 peut
3401 3433 3436 3559 il
3530 3433 3787 3559 mettre
3846 3433 3963 3559 par
4045 3433 4315 3559 dehors
4385 3433 4432 3559 en
4514 3433 4561 3559 la
4666 3433 4912 3559 meſme

2864 3556 3213 3680 maniere,
3315 3556 3326 3680 &
3416 3556 3867 3680 ALExandre
3934 3556 4204 3680 pourra
4283 3556 4610 3680 prendre
4677 3556 4689 3680 a
4756 3556 4925 3680 l’en-

2853 3672 3112 3803 contre
3159 3672 3194 3803 la
3253 3672 3570 3803 poſture
3641 3672 4029 3803 contenue
4076 3672 4335 3803 audi
4429 3672 4711 3803 Cercle;
4781 3672 4911 3803 que

2838 3802 2874 3919 ſi
2968 3802 3309 3919 ZAcharie
3392 3802 3439 3919 en
3521 3802 3992 3919 l’attendant
4040 3802 4228 3919 tient
4275 3802 4310 3919 ſa
4405 3802 4546 3919 main
4628 3802 4911 3919 gauche

2859 3924 3122 4037 devant
3191 3924 3375 4037 pour
3443 3924 3489 4037 ſe
3581 3924 3982 4037 defendre,
4074 3924 4521 4037 ArExandre
4590 3924 4911 4037 prendra

2855 4038 3076 4163 garde
3149 4038 3198 4163 en
3296 4038 3554 4163 qu’elle
3615 4038 3762 4163 part
3823 4038 3860 4163 il
3909 4038 3958 4163 la
4032 4038 4252 4163 tient:
4313 4038 4411 4163 car
4473 4038 4558 4163 s’il
4608 4038 4657 4163 la
4730 4038 4914 4163 tient

2868 4161 3124 4288 devant
3185 4161 3233 4288 le
3307 4161 3575 4288 viſage,
3697 4161 3709 4288 &
3758 4161 3953 4288 laiſſe
4014 4161 4050 4288 la
4123 4161 4465 4288 poitrine
4513 4161 4525 4288 à
4611 4161 4915 4288 deſcou-

2854 4291 3055 4407 vert,
3115 4291 3150 4407 il
3198 4291 3411 4407 tirera
3470 4291 3470 4407 à
3530 4291 3577 4407 la
3636 4291 3969 4407 poitrine
4040 4291 4241 4407 entre
4289 4291 4336 4407 la
4431 4291 4585 4407 main
4728 4291 4728 4407 &
4787 4291 4929 4407 l’eſ-

2841 4410 3007 4530 pee,
3066 4410 3196 4530 que
3244 4410 3279 4530 ſi
3315 4410 3374 4530 au
3481 4410 3860 4530 Contraire
3907 4410 3943 4530 il
3990 4410 4038 4530 la
4109 4410 4299 4530 tient
4358 4410 4630 4530 devant
4678 4410 4713 4530 la
4773 4410 4927 4530 poi-

2839 4530 3066 4658 trine,
3114 4530 3149 4658 il
3197 4530 3412 4658 tirera
3483 4530 3531 4658 au
3627 4530 3901 4658 viſage,
3961 4530 4271 4658 eſvitant
4331 4530 4438 4658 par
4498 4530 4665 4658 ainſi
4736 4530 4927 4658 touſ-

2833 4661 3042 4747 iours
3097 4661 3141 4747 ſa
3229 4661 3427 4747 main.

3549 5155 3867 5314 Cercle
4100 5155 4397 5314 N.10.

2880 5355 3176 5482 Alexandre
3221 5355 3426 5482 s’eſtant
3494 5355 3664 5482 planté
3710 5355 3880 5482 comme
3926 5355 3971 5482 au
4062 5355 4210 5482 Cercle
4323 5355 4346 5482 N.
4414 5355 4460 5482 8.
4551 5355 4789 5482 Zacharie
4846 5355 4914 5482 luy

2959 5478 3056 5604 tire
3088 5478 3174 5604 une
3217 5478 3442 5604 eſtocade
3496 5478 3496 5604 à
3550 5478 3582 5604 la
3625 5478 3893 5604 poitrine,
3947 5478 4130 5604 tenant
4173 5478 4205 5604 la
4269 5478 4377 5604 main
4452 5478 4634 5604 gauche
4677 5478 4924 5604 eſtandue

2969 5602 3084 5727 pour
3118 5602 3152 5727 ſe
3210 5602 3473 5727 defendre.
3599 5602 3896 5727 Alexandre
3931 5602 4137 5727 eſquive
4182 5602 4217 5727 un
4274 5602 4343 5727 peu
4388 5602 4423 5727 le
4457 5602 4583 5727 coſté
4640 5602 4823 5727 gauche
4881 5602 4915 5727 en

2977 5727 3205 5850 arriere,
3289 5727 3301 5850 &
3337 5727 3565 5850 conduiſt
3625 5727 3805 5850 l’eſpee
3865 5727 3889 5850 de
3937 5727 3973 5850 ſa
4021 5727 4189 5850 partie
4249 5727 4429 5850 devant
4465 5727 4561 5850 ſoy.

3347 5878 3467 6001 Ecy
3539 5878 3622 6001 eſt
3682 5878 3730 6001 la
3802 5878 4197 6001 pourſuite
4281 5878 4388 6001 des
4472 5878 4915 6001 operations

3327 6002 3377 6100 du
3488 6002 3722 6100 Cercle
3833 6002 3956 6100 N.8.
4030 6002 4560 6100 ALEXANDRE
4622 6002 4918 6100 s’eſtant

3317 6118 3573 6244 planté
3635 6118 3683 6244 en
3769 6118 3806 6244 la
3879 6118 4124 6244 forme
4209 6118 4600 6244 d’eſclarée
4674 6118 4918 6244 audi

3352 6243 3625 6364 Cercle;
3708 6243 3708 6364 Z
3780 6243 4148 6364 ACHARIE
4195 6243 4314 6364 luy
4373 6243 4492 6364 tire
4551 6243 4682 6364 une
4741 6243 4931 6364 eſto-

2869 6365 3039 6493 cade
3100 6365 3100 6493 à
3160 6365 3197 6493 la
3257 6365 3621 6493 poitrine,
3706 6365 4009 6493 mettant
4057 6365 4106 6493 le
4167 6365 4336 6493 pied
4397 6365 4579 6493 droit
4639 6365 4639 6493 à
4688 6365 4736 6493 la
4797 6365 4918 6493 let-

2859 6487 2959 6607 tre
3046 6487 3083 6607 R,
3121 6487 3420 6607 laiſſant
3470 6487 3707 6607 ſuivre
3744 6487 3794 6607 le
3857 6487 4143 6607 gauche
4206 6487 4418 6607 outre
4455 6487 4505 6607 la
4555 6487 4792 6607 lettre
4879 6487 4929 6607 X,

2855 6608 3125 6740 tenant
3172 6608 3207 6740 la
3301 6608 3442 6740 main
3524 6608 3805 6740 gauche
3864 6608 4228 6740 eſtandue
4286 6608 4474 6740 pour
4533 6608 4579 6740 ſe
4673 6608 4920 6740 defen-

2882 6736 3015 6862 dre,
3087 6736 3136 6862 en
3220 6736 3317 6862 cas
3401 6736 3534 6862 que
3594 6736 3691 6862 ſon
3800 6736 4174 6862 Contraire
4222 6736 4343 6862 luy
4403 6736 4560 6862 tire.
4669 6736 4790 6862 Sur
4862 6736 4923 6862 ce

4683 6888 4932 6981 temps

613 347 905 477 gauche
982 347 994 477 à
1045 347 1083 477 la
1159 347 1388 477 lettre
1502 347 1553 477 X,
1629 347 2086 477 preſentant
2137 347 2226 477 ſon
2327 347 2543 477 eſpee
2619 347 2670 477 en

609 477 898 599 dedans
958 477 1091 599 d’un
1163 477 1320 599 bras
1404 477 1705 599 eſtendu
1778 477 1778 599 à
1838 477 1874 599 la
1946 477 2127 599 veuë
2211 477 2272 599 de
2332 477 2380 599 ſa
2452 477 2693 599 partie

581 603 743 725 ſans
800 603 846 725 la
927 603 1296 725 toucher,
1342 603 1608 725 tenant
1677 603 1711 725 la
1804 603 1954 725 main
2057 603 2334 725 gauche
2403 603 2680 725 devant

588 724 638 848 ſa
714 724 1093 848 poitrine,
1144 724 1422 848 l’ayant
1485 724 1940 848 approchée
2003 724 2029 848 ſi
2079 724 2243 848 pres
2307 724 2370 848 de
2420 724 2698 848 l’eſpee

613 847 674 973 de
747 847 784 973 ſa
869 847 1162 973 partie,
1235 847 1393 973 qu’il
1454 847 1491 973 la
1564 847 1747 973 peut
1808 847 2137 973 toucher
2210 847 2247 973 en
2332 847 2406 973 un
2503 847 2686 973 demi

597 977 853 1097 temps
913 977 1071 1097 ſans
1120 977 1436 1097 remuer
1484 977 1582 1097 les
1642 977 1897 1097 pieds,
1970 977 2055 1097 ny
2140 977 2468 1097 prendre
2529 977 2699 1097 l’In-

591 1094 851 1217 ſtance
913 1094 1074 1217 plus
1124 1094 1446 1217 proche.

1329 1291 1626 1486 Cercle
1922 1291 2091 1486 .7.

625 1485 879 1609 Zacharie
925 1485 1156 1609 pourſuit
1202 1485 1526 1609 ſurprenant
1584 1485 1780 1609 l’eſpee
1838 1485 1861 1609 de
1907 1485 1953 1609 ſa
1999 1485 2173 1609 partie
2230 1485 2254 1609 de
2300 1485 2334 1609 la
2415 1485 2519 1609 main
2577 1485 2693 1609 gau-

714 1612 845 1733 che,
905 1612 941 1733 la
1012 1612 1346 1733 deſtournant
1418 1612 1453 1733 de
1501 1612 1537 1733 la
1585 1612 1716 1733 ligne
1775 1612 2050 1733 droite,
2157 1612 2157 1733 &
2205 1612 2228 1733 le
2276 1612 2491 1733 bleſſant
2562 1612 2705 1733 d’une

712 1738 951 1849 eſtocade
997 1738 1043 1849 au
1100 1738 1214 1849 coſté
1271 1738 1419 1849 droit.

1104 1873 1226 1995 Ecy
1299 1873 1385 1995 eſt
1446 1873 1494 1995 la
1567 1873 1970 1995 pourſuite
2055 1873 2165 1995 des
2238 1873 2702 1995 operations

1094 1996 1142 2089 du
1275 1996 1516 2089 Cercle
1637 1996 1685 2089 N.
1770 1996 1806 2089 6.
1914 1996 2554 2089 ALEXANDRE
2614 1996 2711 2089 at-

1072 2121 1460 2241 tendant,
1581 2121 1581 2241 Z
1653 2121 1726 2241 AC
1811 2121 2041 2241 HARIE
2102 2121 2501 2241 pourſuit,
2574 2121 2707 2241 ſur-

1073 2236 1402 2361 prenant
1475 2236 1536 2361 de
1585 2236 1622 2361 la
1707 2236 1853 2361 main
1939 2236 2232 2361 gauche
2280 2236 2549 2361 l’eſpee
2634 2236 2695 2361 de

601 2360 699 2482 ſon
809 2360 1238 2482 Contraire,
1287 2360 1324 2482 la
1397 2360 1912 2482 deſtournant
1973 2360 2034 2482 de
2083 2360 2120 2482 la
2169 2360 2377 2482 ligne
2439 2360 2708 2482 droite,

593 2485 765 2609 puis
852 2485 1233 2609 marchant
1307 2485 1357 2609 du
1431 2485 1603 2609 pied
1664 2485 1849 2609 droit
1898 2485 1911 2609 à
1960 2485 1997 2609 la
2046 2485 2280 2609 lettre
2366 2485 2416 2609 R,
2539 2485 2539 2609 &
2625 2485 2687 2609 du

616 2609 904 2729 gauche
952 2609 965 2729 à
1013 2609 1061 2729 la
1133 2609 1361 2729 lettre
1446 2609 1494 2729 V,
1554 2609 1590 2729 il
1674 2609 1915 2729 donne
1975 2609 2119 2729 une
2191 2609 2552 2729 eſtocade
2624 2609 2672 2729 au

606 2729 796 2847 coſté
878 2729 1068 2847 droit
1150 2729 1210 2847 de
1281 2729 1328 2847 ſa
1399 2729 1694 2847 partie;
1789 2729 2085 2847 comme
2144 2729 2179 2847 il
2238 2729 2298 2847 ſe
2357 2729 2499 2847 voit
2570 2729 2700 2847 aux

599 2861 917 2977 figures.

742 2974 843 3097 Les
910 2974 1372 3097 operations
1440 2974 1879 3097 contenues
1957 2974 2003 3097 en
2104 2974 2205 3097 ces
2284 2974 2464 3097 deux
2554 2974 2701 3097 Cer-

607 3097 752 3219 cles
861 3097 885 3219 N.
958 3097 1006 3219 6.
1115 3097 1115 3219 &
1188 3097 1224 3219 7.
1285 3097 1587 3219 ſervent
1636 3097 1817 3219 pour
1902 3097 2265 3219 monſtrer
2326 3097 2701 3219 qu’eſtant

613 3223 661 3343 en
757 3223 1069 3343 poſture
1141 3223 1729 3343 proportionné
1826 3223 1862 3343 en
1958 3223 2162 3343 ligne
2246 3223 2534 3343 droite,
2690 3223 2702 3343 &

598 3346 1124 3468 l’Adverſaire
1184 3346 1411 3468 ayant
1494 3346 1638 3468 pris
1709 3346 2128 3468 l’Inſtance
2223 3346 2558 3468 declarée
2629 3346 2689 3468 au

642 3470 880 3588 Cercle
987 3470 1023 3588 N.
1106 3470 1154 3588 6.
1213 3470 1606 3588 avançant
1654 3470 1690 3588 la
1773 3470 1928 3588 main
2011 3470 2333 3588 gauche,
2380 3470 2559 3588 peut
2619 3470 2702 3588 fa-

602 3589 1003 3709 cillement
1072 3589 1552 3709 ſurprendre
1610 3589 1873 3709 l’eſpee
1942 3589 2113 3709 avec
2182 3589 2228 3709 le
2285 3589 2434 3709 ſeul
2514 3589 2697 3709 mou-

604 3709 915 3828 vement
996 3709 1042 3828 du
1123 3709 1319 3828 bras,
1377 3709 1527 3828 ſans
1596 3709 1757 3828 qu’il
1792 3709 1919 3828 aye
1976 3709 2219 3828 beſoin
2311 3709 2703 3828 d’avancer

609 3829 1062 3962 d’avantage
1109 3829 1157 3962 le
1229 3829 1443 3962 corps
1491 3829 1574 3962 ny
1622 3829 1717 3962 les
1765 3829 2015 3962 pieds,
2051 3829 2241 3962 pour
2301 3829 2480 3962 donc
2551 3829 2706 3962 eſvi-

595 3959 700 4079 ter
781 3959 839 4079 ce
931 3959 1209 4079 danger
1267 3959 1302 4079 il
1348 3959 1429 4079 ne
1498 3959 1614 4079 luy
1684 3959 1834 4079 faut
1904 3959 2019 4079 pas
2089 3959 2529 4079 permettre
2610 3959 2714 4079 cet

597 4075 1014 4203 avantage;
1061 4075 1154 4203 car
1200 4075 1235 4203 ſi
1293 4075 1351 4203 on
1432 4075 1769 4203 conçent
1839 4075 1989 4203 qu’il
2036 4075 2384 4203 travaille
2431 4075 2709 4203 appres

616 4196 799 4309 eſtre
860 4196 1031 4309 venu
1104 4196 1104 4309 à
1177 4196 1372 4309 ceſte
1421 4196 1812 4309 Inſtance,
1836 4196 1873 4309 il
1922 4196 2385 4309 ſurprendra
2434 4196 2703 4309 l’eſpee

600 4315 831 4450 avant
900 4315 1027 4450 que
1085 4315 1269 4450 pour
1327 4315 1338 4450 y
1396 4315 1730 4450 pouvoir
1800 4315 1846 4450 on
1926 4315 2146 4450 puiſſe
2203 4315 2376 4450 faire
2445 4315 2676 4450 aucun

632 4441 1201 4565 mouvement,
1314 4441 1371 4565 ce
1462 4441 1576 4565 qui
1644 4441 1780 4565 ſera
1894 4441 2212 4565 monſtré
2281 4441 2337 4565 au
2462 4441 2701 4565 Cercle

607 4587 933 4673 ſuivant.

1317 5057 1640 5216 Cercle
1940 5057 2112 5216 N8.

644 5252 939 5383 Alexandre
986 5252 1151 5383 eſtant
1198 5252 1234 5383 en
1281 5252 1481 5383 poſture
1517 5252 1552 5383 en
1599 5252 1729 5383 ligne
1788 5252 1965 5383 droite,
2071 5252 2319 5383 Zacharie
2366 5252 2519 5383 eſſaye
2602 5252 2625 5383 de
2684 5252 2720 5383 ſe

748 5378 924 5510 mettre
976 5378 1018 5510 en
1090 5378 1287 5510 poſture
1339 5378 1526 5510 comme
1588 5378 1630 5510 au
1712 5378 1868 5510 Cerele
1961 5378 1992 5510 N.
2055 5378 2086 5510 6.
2169 5378 2272 5510 mais
2345 5378 2635 5510 Alexandre
2687 5378 2708 5510 le

739 5495 980 5634 previent
1028 5495 1281 5634 courbant
1329 5495 1365 5634 au
1438 5495 1594 5634 meſme
1642 5495 1811 5634 temps
1871 5495 1932 5634 ſon
1980 5495 2136 5634 eſpee,
2173 5495 2281 5634 ſans
2329 5495 2450 5634 qu’il
2486 5495 2522 5634 la
2570 5495 2715 5634 puiſſe

729 5647 974 5728 toucher.

1098 5757 1585 5879 LEXANDRE
1690 5757 1980 5879 s’eſtant
2073 5757 2178 5879 mis
2259 5757 2305 5879 en
2398 5757 2712 5879 poſture

1088 5881 1137 6023 en
1210 5881 1416 6023 ligne
1513 5881 1792 6023 droite,
1926 5881 2387 6023 ZACHARIE
2484 5881 2715 6023 eſſaye

1080 6006 1150 6121 de
1208 6006 1254 6121 ſe
1347 6006 1602 6121 mettre
1649 6006 1660 6121 a
1707 6006 2148 6121 l’encontre
2206 6006 2252 6121 en
2333 6006 2368 6121 la
2461 6006 2716 6121 poſtu-

1072 6133 1129 6244 re
1221 6133 1612 6244 contenue
1693 6133 1750 6244 au
1876 6133 2118 6244 Cercle
2256 6133 2290 6244 N.
2382 6133 2440 6244 6;
2566 6133 2715 6244 mais

648 6254 1195 6389 ALEXANDRE
1266 6254 1480 6389 avant
1552 6254 1683 6389 que
1742 6254 1778 6389 ſa
1861 6254 2099 6389 partie
2159 6254 2278 6389 ayt
2337 6254 2599 6389 planté
2658 6254 2706 6389 le

624 6377 797 6524 pied
835 6377 847 6524 à
896 6377 946 6524 la
1020 6377 1243 6524 lettre
1330 6377 1367 6524 V,
1454 6377 1739 6524 marche
1813 6377 1863 6524 du
1937 6377 2098 6524 pied
2173 6377 2359 6524 droit
2408 6377 2569 6524 pres
2656 6377 2718 6524 de

610 6505 647 6631 la
708 6505 939 6631 lettre
1025 6505 1073 6631 F,
1122 6505 1390 6631 faiſant
1439 6505 1683 6631 ſuivre
1719 6505 1768 6631 le
1841 6505 2121 6631 gauche
2195 6505 2706 6631 proportion-

610 6628 1047 6760 nellement
1094 6628 1106 6760 à
1142 6628 1189 6760 la
1236 6628 1473 6760 lettre
1567 6628 1603 6760 D;
1662 6628 2040 6760 courbant
2088 6628 2147 6760 au
2241 6628 2490 6760 meſme
2537 6628 2703 6760 tẽps

611 6752 660 6879 le
722 6752 918 6879 bras,
980 6752 1312 6879 croiſant
1386 6752 1447 6879 de
1509 6752 1607 6879 ſon
1693 6752 1902 6879 eſpee
1988 6752 2148 6879 celle
2234 6752 2296 6879 de
2357 6752 2406 6879 ſa
2468 6752 2701 6879 partie
