5520 7640
2951 367 3209 493 temps
3258 367 3270 493 à
3320 367 3897 493 ſonContraire
3971 367 4032 493 de
4082 367 4143 493 ſe
4192 367 4499 493 retirer,
4585 367 4598 493 &
4659 367 4708 493 en
4794 367 5089 493 ceſtuy-

2963 493 3036 620 cy
3097 493 3134 620 il
3195 493 3488 620 avance
3549 493 3610 620 le
3683 493 3903 620 corps
4013 493 4025 620 &
4086 493 4184 620 les
4233 493 4453 620 pieds
4550 493 4611 620 de
4697 493 4929 620 grand
5002 493 5088 620 vi-

2953 619 3193 747 teſſe,
3307 619 3420 747 qui
3484 619 3610 747 fait
3698 619 4406 747 qu’ALEXANDRE
4469 619 4785 747 n’ayant
4861 619 4988 747 pas
5038 619 5089 747 le

2959 743 3209 865 temps
3305 743 3364 865 de
3460 743 3722 865 mettre
3794 743 3853 865 le
3937 743 4115 865 pied
4211 743 4509 865 gauche
4592 743 4640 865 en
4747 743 5081 865 arriere,

2964 865 3272 975 comme
3334 865 3383 975 au
3519 865 3754 975 Cercle
3877 865 3914 975 N,
3976 865 4062 975 11,
4124 865 4161 975 il
4211 865 4297 975 eſt
4371 865 4816 975 contrain
4902 865 4964 975 de
5038 865 5087 975 le

2955 995 3205 1115 volter
3300 995 3633 1115 derriere
3693 995 3752 1115 le
3847 995 4038 1115 droit
4109 995 4430 1115 planté,
4585 995 4597 1115 &
4680 995 4930 1115 donne
5002 995 5061 1115 un

2958 1120 3143 1244 coup
3217 1120 3770 1244 d’eſtramaçon
3844 1120 3905 1244 au
3991 1120 4336 1244 derriere
4397 1120 4471 1244 de
4532 1120 4581 1244 la
4655 1120 4840 1244 teſte
4926 1120 4987 1244 de
5036 1120 5073 1244 ſa

2942 1244 3220 1373 partie,
3305 1244 3620 1373 retirant
3693 1244 3741 1373 le
3814 1244 3995 1373 pied
4068 1244 4262 1373 droit
4346 1244 4649 1373 comme
4710 1244 4746 1373 il
4819 1244 4903 1373 eſt
4976 1244 5085 1373 de-

2976 1371 3293 1498 monſtré
3344 1371 3459 1498 par
3510 1371 3599 1498 les
3662 1371 3980 1498 figures.

3650 1607 3959 1777 Cercle
4291 1607 4489 1777 .

2980 1827 3281 1959 Alexandre
3331 1827 3569 1959 pourſuit
3606 1827 3669 1959 icy
3719 1827 3757 1959 en
3807 1827 4032 1959 rigueur
4083 1827 4133 1959 ſon
4183 1827 4296 1959 coup
4371 1827 4797 1959 d’eſtramaçon,
4885 1827 4897 1959 &
4947 1827 5085 1959 bleſſe

3050 1957 3095 2078 ſa
3141 1957 3322 2078 partie
3379 1957 3709 2078 derechefau
3777 1957 3992 2078 derriere
4061 1957 4083 2078 de
4140 1957 4174 2078 la
4231 1957 4447 2078 teſte.

3436 2127 3996 2249 LEXANDRE
4068 2127 4425 2249 pourſuit
4497 2127 4604 2249 ſon
4700 2127 4878 2249 coup
4950 2127 5081 2249 d’e-

3408 2250 3849 2376 ſtramaçon
3937 2250 4000 2376 cy
4075 2250 4314 2376 deſſus
4377 2250 4691 2376 ſpecifié
4767 2250 4817 2376 au
4943 2250 5081 2376 Cer-

3415 2377 3502 2501 cle
3614 2377 3651 2501 N.
3688 2377 3763 2501 12.
3838 2377 3887 2501 en
3949 2377 4310 2501 rigueur,
4347 2377 4745 2501 avançant
4807 2377 4856 2501 le
4906 2377 5093 2501 pied

3422 2499 3599 2624 droit
3682 2499 3741 2624 un
3848 2499 4072 2624 grand
4143 2499 4261 2624 pas
4356 2499 4403 2624 en
4486 2499 4781 2624 avant,
4923 2499 4923 2624 &
5006 2499 5053 2624 en

2945 2628 3237 2750 voltant
3286 2628 3335 2750 le
3408 2628 3701 2750 gauche
3774 2628 4103 2750 derriere
4152 2628 4201 2750 le
4286 2628 4469 2750 droit
4542 2628 4835 2750 planté,
4883 2628 4920 2750 il
4981 2628 5079 2750 re-

2955 2751 3230 2872 double
3302 2751 3398 2872 ſon
3505 2751 3685 2872 coup
3780 2751 4330 2872 d’eſtramaçon
4426 2751 4474 2872 au
4594 2751 4928 2872 derriere
5012 2751 5084 2872 de

2926 2875 2974 3001 la
3046 2875 3238 3001 teſte
3322 2875 3382 3001 de
3454 2875 3490 3001 ſa
3574 2875 3863 3001 partie;
3983 2875 4283 3001 comme
4331 2875 4439 3001 les
4511 2875 4800 3001 figures
4896 2875 5088 3001 mon-

2932 3000 3189 3117 ſtrent.

692 369 943 495 temps
1026 369 1576 495 ALEXANDRE
1647 369 2161 495 deſtournant
2220 369 2292 495 un
2364 369 2483 495 peu
2555 369 2614 495 le
2698 369 2805 495 co-

688 491 777 622 ſté
852 491 1130 622 gauche
1205 491 1243 622 en
1319 491 1622 622 arriere,
1710 491 2038 622 conduit
2089 491 2366 622 l’eſpee
2442 491 2505 622 de
2555 491 2593 622 ſa
2644 491 2808 622 par-

692 618 777 746 tie
850 618 1117 746 devant
1166 618 1263 746 ſon
1348 618 1591 746 corps;
1676 618 1980 746 comme
2028 618 2126 746 les
2199 618 2490 746 figures
2539 618 2806 746 repre-

689 748 1026 839 ſentent.

1364 864 1681 1055 Cercle
1907 864 2179 1055 N.11.

714 1070 963 1200 Zacharie
1013 1070 1162 1200 eſſaye
1224 1070 1261 1200 de
1298 1070 1621 1200 ſurprendre
1683 1070 1857 1200 l’eſpee
1920 1070 1944 1200 de
2007 1070 2044 1200 ſa
2081 1070 2255 1200 partie
2317 1070 2342 1200 de
2392 1070 2429 1200 la
2491 1070 2603 1200 main
2677 1070 2802 1200 gau-

792 1196 898 1326 che;
991 1196 1285 1326 Alexandre
1343 1196 1719 1326 desgraduant
1765 1196 1953 1326 l’eſpee
2012 1196 2047 1326 de
2094 1196 2141 1326 ſa
2188 1196 2375 1326 partie,
2434 1196 2493 1326 luy
2551 1196 2692 1326 donne
2739 1196 2774 1326 un

792 1325 906 1444 coup
974 1325 1362 1444 d’eſtramaçon
1419 1325 1419 1444 à
1476 1325 1510 1444 la
1555 1325 1761 1444 teſte.

1165 1451 1275 1571 Ecy
1373 1451 1728 1571 contient
1789 1451 1838 1571 la
1911 1451 2107 1571 ſuite
2192 1451 2241 1571 du
2339 1451 2779 1571 precedent

1166 1571 1408 1695 Cercle
1535 1571 1586 1695 N.
1649 1571 1751 1695 10.
1866 1571 1866 1695 Z
1929 1571 2323 1695 ACHARIE
2400 1571 2641 1695 eſſaye
2730 1571 2794 1695 de

1123 1691 1595 1812 ſurprendre
1667 1691 1703 1812 la
1764 1691 1957 1812 lame
2042 1691 2115 1812 de
2175 1691 2272 1812 ſon
2393 1691 2780 1812 Contraire

1120 1822 1312 1949 avec
1348 1822 1396 1949 la
1492 1822 1636 1949 main
1720 1822 2032 1949 gauche,
2080 1822 2344 1949 faiſant
2416 1822 2476 1949 du
2560 1822 2776 1949 corps

671 1938 728 2067 un
843 1938 1143 2067 moderé
1235 1938 1777 2067 mouvement,
1846 1938 2203 2067 plantant
2261 1938 2319 2067 le
2376 1938 2549 2067 pied
2630 1938 2779 2067 gau-

675 2064 798 2190 che
859 2064 872 2190 à
945 2064 995 2190 la
1068 2064 1289 2190 lettre
1412 2064 1474 2190 H,
1597 2064 2149 2190 ALEXANDRE
2248 2064 2776 2190 deſgraduant

661 2189 924 2316 l’eſpee
999 2189 1061 2316 de
1124 2189 1161 2316 ſa
1224 2189 1500 2316 partie,
1600 2189 1788 2316 mene
1838 2189 1888 2316 la
1938 2189 2188 2316 ſienne
2251 2189 2364 2316 par
2439 2189 2576 2316 une
2664 2189 2789 2316 Cir-

674 2316 1155 2440 conference
1247 2316 1407 2440 vers
1499 2316 1590 2440 ſon
1705 2316 1888 2440 coſté
1991 2316 2335 2440 gauche,
2449 2316 2770 2440 mettant

655 2438 703 2564 le
788 2438 1006 2564 corps
1067 2438 1176 2564 ſur
1224 2438 1272 2564 le
1345 2438 1515 2564 pied
1575 2438 1902 2564 gauche,
2011 2438 2011 2564 &
2096 2438 2423 2564 eſlevant
2495 2438 2774 2564 enſem-

655 2561 765 2689 ble
814 2561 875 2689 le
936 2561 1155 2689 droit,
1204 2561 1241 2689 il
1302 2561 1350 2689 le
1424 2561 1680 2689 plante
1777 2561 2045 2689 devant
2094 2561 2143 2689 le
2204 2561 2521 2689 gauche;
2582 2561 2777 2689 com-

686 2689 773 2835 me
810 2689 909 2835 les
959 2689 1256 2835 figures
1343 2689 1790 2835 monſtrent.

1334 2835 1651 2992 Cercle
1862 2835 2201 2992 N.

668 3039 858 3160 Comme
948 3039 1194 3160 Zacharie
1273 3039 1541 3160 reiterant
1597 3039 1922 3160 l’eperation
2001 3039 2034 3160 du
2124 3039 2281 3160 Cercle
2348 3039 2684 3160 precedent,
2740 3039 2773 3160 le

768 3164 873 3285 fait
943 3164 978 3285 de
1036 3164 1257 3285 viteſſe,
1327 3164 1409 3285 qui
1467 3164 1560 3285 fait
1630 3164 2061 3285 qu’Alexandre
2119 3164 2154 3285 ne
2212 3164 2457 3285 pouvant
2503 3164 2689 3285 retirer
2748 3164 2783 3285 le

770 3289 884 3409 pied
952 3289 1180 3409 gauche,
1214 3289 1248 3409 le
1293 3289 1430 3409 volte
1487 3289 1703 3409 derriere
1771 3289 1794 3409 le
1862 3289 2010 3409 droit,
2101 3289 2101 3409 &
2169 3289 2306 3409 donne
2363 3289 2363 3409 à
2420 3289 2454 3409 ſa
2511 3289 2681 3409 partie
2727 3289 2772 3409 un

761 3412 874 3528 coup
930 3412 1313 3528 d’eſtramaçon
1370 3412 1415 3528 au
1483 3412 1708 3528 derriere
1765 3412 1798 3528 de
1844 3412 1877 3528 la
1934 3412 2137 3528 teſte.

1134 3553 1157 3644 A
1226 3553 1551 3644 CHARIE
1620 3553 1736 3644 fait
1806 3553 1852 3644 en
1945 3553 2003 3644 ce
2095 3553 2339 3644 Cercle
2385 3553 2420 3644 la
2512 3553 2767 3644 meſme

1120 3673 1514 3795 operation
1610 3673 1789 3795 qu’au
1873 3673 2315 3795 precedent
2423 3673 2602 3795 N.11.
2673 3673 2781 3795 ex-

1133 3795 1289 3921 epté
1373 3795 1554 3921 qu’en
1638 3795 1939 3921 l’autre,
1987 3795 2023 3921 il
2071 3795 2107 3921 la
2179 3795 2300 3921 fait
2372 3795 2540 3921 avec
2649 3795 2781 3921 mo-

1134 3922 1292 4039 deré
1405 3922 1979 4039 mouvement,
2103 3922 2216 4039 qui
2284 3922 2295 4039 a
2408 3922 2656 4039 donne
2723 3922 2768 4039 le

1645 4160 2134 4385 Velqu’un
2246 4160 2397 4385 qui
2472 4160 2698 4385 aura
2792 4160 3262 4385 examiné
3356 4160 3431 4385 ce
3544 4160 3976 4385 Tableau
4089 4160 4578 4385 pourroit
4691 4160 5104 4385 deman-

1584 4371 1707 4521 der,
1761 4371 1788 4521 ſi
1897 4371 2252 4521 Zacharie
2306 4371 2388 4521 ne
2456 4371 2824 4521 pourroit
2879 4371 3001 4521 pas
3056 4371 3560 4521 praiquer,
3628 4371 4010 4521 quelques
4064 4371 4323 4521 autres
4391 4371 4868 4521 operations
4923 4371 5086 4521 plus

1568 4507 1918 4657 difficiles
2015 4507 2141 4657 que
2225 4507 2435 4657 celles
2519 4507 2630 4657 qui
2700 4507 2868 4657 ſont
2952 4507 3511 4657 repreſentées
3581 4507 3636 4657 en
3734 4507 3790 4657 ce
3916 4507 4293 4657 Tableau,
4377 4507 4573 4657 pour
4643 4507 4768 4657 s’en
4852 4507 5076 4657 ſervir

1571 4648 1829 4798 contre
1900 4648 1943 4798 la
2014 4648 2343 4798 poſture
2429 4648 2658 4798 droite
2729 4648 3315 4798 d’Alexandre;
3358 4648 3715 4798 ſurquoy
3801 4648 3858 4798 on
3930 4648 4287 4798 reſpond
4359 4648 4487 4798 que
4602 4648 4959 4798 Zacharie
5016 4648 5073 4798 le

1551 4788 1922 4942 pourroit
2002 4788 2214 4942 faire,
2294 4788 2453 4942 mais
2493 4788 2493 4942 à
2573 4788 2785 4942 cauſe
2851 4788 2984 4942 que
3024 4788 3130 4942 les
3170 4788 3727 4942 fondements
3793 4788 3847 4942 en
3926 4788 4085 4942 ſont
4152 4788 4404 4942 ſemez
4470 4788 4537 4942 cy
4643 4788 4656 4942 &
4709 4788 4749 4942 la
4829 4788 4882 4942 es
4975 4788 5081 4942 Ta-

1556 4928 1840 5074 bleaux
1917 4928 1969 5074 de
2059 4928 2111 5074 ce
2175 4928 2381 5074 livre,
2433 4928 2626 5074 nous
2691 4928 3026 5074 n’avons
3065 4928 3181 5074 icy
3258 4928 3478 5074 voulu
3555 4928 3684 5074 rien
3761 4928 4355 5074 particulariſé,
4432 4928 4806 5074 eſtimans
4870 4928 5064 5074 pou-

672 5064 810 5220 voir
893 5064 1266 5220 ſatisfaire
1335 5064 1432 5220 les
1501 5064 1901 5220 amateurs
1998 5064 2053 5220 de
2122 5064 2233 5220 cet
2329 5064 2509 5220 Art,
2592 5064 2744 5220 leur
2813 5064 3103 5220 faiſans
3185 5064 3337 5220 voir
3393 5064 3489 5220 les
3586 5064 4055 5220 operations
4124 5064 4276 5220 plus
4359 5064 4829 5220 neceſſaires
4911 5064 5077 5220 ſans

661 5219 823 5327 uſer
903 5219 957 5327 de
1038 5219 1321 5327 redites
