5520 7640
2872 4318 3351 4428 LEXANDRE
3429 4318 3618 4428 vient
3685 4318 4074 4428 travailler
4141 4318 4141 4428 à
4207 4318 4686 4428 l’encontre,
4797 4318 4964 4428 met-

2874 4441 3032 4561 tant
3093 4441 3142 4561 le
3215 4441 3386 4561 pied
3471 4441 3751 4561 gauche
3824 4441 3946 4561 par
4019 4441 4190 4561 deça
4263 4441 4312 4561 le
4421 4441 4787 4561 Diametre
4848 4441 4860 4561 à
4921 4441 4957 4561 la

2871 4565 3093 4683 lettre
3199 4565 3222 4683 B,
3292 4565 3550 4683 tenant
3597 4565 3655 4683 le
3702 4565 3866 4683 bras
3971 4565 3971 4683 &
4018 4565 4287 4683 l’eſpee
4357 4565 4404 4683 en
4486 4565 4661 4683 haut
4732 4565 4767 4683 en
4849 4565 4966 4683 an-

2885 4686 2981 4810 gle
3053 4686 3306 4810 obtus,
3378 4686 3427 4810 en
3511 4686 3812 4810 entrant
3884 4686 3932 4810 du
4005 4686 4173 4810 pied
4245 4686 4426 4810 droit
4534 4686 4546 4810 &
4607 4686 4968 4810 pareille-

2897 4810 3077 4931 ment
3149 4810 3209 4931 du
3293 4810 3532 4931 corps,
3580 4810 3616 4931 il
3664 4810 3880 4931 porte
3952 4810 4335 4931 enſemble
4395 4810 4443 4931 le
4515 4810 4683 4931 bras
4791 4810 4791 4931 &
4851 4810 4958 4931 l’e-

2873 4934 3037 5062 ſpee
3113 4934 3163 5062 de
3213 4934 3478 5062 l’angle
3541 4934 3767 5062 obtus
3843 4934 3956 5062 d’en
4032 4934 4208 5062 haut
4271 4934 4321 5062 en
4397 4934 4598 5062 angle
4661 4934 4800 5062 aigu
4888 4934 4938 5062 en

2873 5059 3042 5185 bas;
3091 5059 3248 5185 lors
3308 5059 3659 5185 plantant
3720 5059 3780 5185 le
3853 5059 4022 5185 pied
4095 5059 4203 5185 qui
4276 5059 4482 5185 eſtoit
4554 5059 4772 5185 eſlevé
4845 5059 4953 5185 par

2887 5181 3055 5303 deça
3119 5181 3171 5303 le
3261 5181 3622 5303 Diametre
3674 5181 3777 5303 ſur
3829 5181 3867 5303 la
3932 5181 4125 5303 ligne
4242 5181 4254 5303 E
4358 5181 4409 5303 G,
4474 5181 4513 5303 il
4603 5181 4719 5303 met
4809 5181 4938 5303 d’un

2867 5304 3028 5431 bras
3097 5304 3384 5431 eſtandu
3464 5304 3636 5431 avec
3717 5304 3774 5431 un
3889 5304 4394 5431 mouvement
4452 5304 4601 5431 lent
4727 5304 4727 5431 &
4808 5304 4957 5431 egal

2873 5427 2923 5549 le
3037 5427 3074 5549 N.
3125 5427 3163 5549 3.
3238 5427 3289 5549 de
3339 5427 3390 5549 ſa
3427 5427 3617 5549 lame
3680 5427 3730 5549 au
3856 5427 3894 5549 N.
3945 5427 3982 5549 4.
4058 5427 4108 5549 de
4184 5427 4348 5549 celle
4436 5427 4499 5549 de
4562 5427 4613 5549 ſa
4689 5427 4941 5549 partie,

2868 5553 3266 5672 penchant
3313 5553 3418 5672 ſur
3465 5553 3512 5672 le
3582 5553 4003 5672 ſentiment
4062 5553 4120 5672 un
4202 5553 4319 5672 peu
4401 5553 4448 5672 le
4530 5553 4741 5672 corps
4811 5553 4928 5672 (en

2871 5677 3192 5800 ployant
3241 5677 3291 5800 le
3352 5677 3772 5800 genou)ſur
3821 5677 3870 5800 le
3932 5677 4105 5800 pied
4166 5677 4376 5800 droit;
4425 5677 4721 5800 comme
4771 5677 4808 5800 il
4857 5677 4944 5800 eſt

2871 5800 3328 5921 repreſenté
3379 5800 3493 5921 par
3543 5800 3632 5921 les
3683 5800 4000 5921 figures.

2888 6362 3135 6477 Zacharie
3214 6362 3596 6477 attendant,
3743 6362 4035 6477 Alexandre
4114 6362 4486 6477 s’avance,
4564 6362 4801 6477 eſlevant
4891 6362 4947 6477 les

3028 6488 3146 6600 deux
3210 6488 3371 6600 lames
3435 6488 3681 6600 enſemble
3756 6488 3788 6600 de
3863 6488 3991 6600 force
4077 6488 4419 6600 moderée;
4515 6488 4612 6600 puis
4676 6488 4943 6600 avançant

3022 6607 3047 6730 le
3110 6607 3223 6730 bras
3337 6607 3349 6730 &
3425 6607 3602 6730 l’eſpee
3665 6607 3665 6730 à
3740 6607 3866 6730 coſté
3929 6607 4106 6730 droit,
4182 6607 4207 6730 il
4270 6607 4434 6730 hauſſe
4509 6607 4610 6730 avec
4673 6607 4711 6730 la
4799 6607 4951 6730 ſienne

4836 6748 4946 6826 celle

1629 1688 1727 1973 lis
1845 1688 2001 1973 que
2079 1688 2353 1973 nous
2412 1688 2745 1973 avons
2804 1688 3215 1973 iuſques
3273 1688 3430 1973 icy
3508 1688 4017 1973 enſeigné,
4115 1688 4193 1973 de
4311 1688 4683 1973 quelles
4761 1688 4976 1973 ope-

1497 1951 1804 2097 rations
1868 1951 1933 2097 on
2022 1951 2074 2097 ſe
2163 1951 2381 2097 doibt
2445 1951 2663 2097 ſervir
2740 1951 3010 2097 contre
3087 1951 3266 2097 ceux
3343 1951 3458 2097 qui
3523 1951 3984 2097 preſentent
4048 1951 4330 2097 l’eſpée
4420 1951 4805 2097 eſtandue
4882 1951 4920 2097 en

1510 2089 1760 2241 droite
1813 2089 2076 2241 ligne,
2155 2089 2471 2241 comme
2550 2089 2734 2241 auſſi
2826 2089 3090 2241 contre
3168 2089 3353 2241 ceux
3432 2089 3537 2241 qui
3603 2089 3603 2241 a
3668 2089 3721 2241 la
3826 2089 4024 2241 mode
4116 2089 4445 2241 vulgaire
4524 2089 4576 2241 de
4669 2089 4721 2241 ce
4774 2089 4958 2241 pays

1493 2227 1877 2371 tiennent
1915 2227 2076 2371 leur
2126 2227 2324 2371 lame
2386 2227 2734 2371 courbe;
2784 2227 2970 2371 nous
3019 2227 3255 2371 avons
3305 2227 3528 2371 reſolu
3628 2227 3690 2371 de
3752 2227 3975 2371 paſſer
4087 2227 4571 2371 maintenant
4633 2227 4770 2371 aux
4832 2227 4956 2371 au-

1494 2367 1637 2508 tres
1689 2367 2352 2508 enſeignemens,
2417 2367 2677 2508 contre
2729 2367 2820 2508 les
2885 2367 3248 2508 poſtures
3300 2367 3690 2508 eſtranges
3794 2367 3794 2508 &
3859 2367 4171 2508 comme
4236 2367 4703 2508 eſlougnées
4794 2367 4859 2508 de
4898 2367 4937 2508 la

1499 2506 1950 2649 naturelle,
2006 2506 2063 2649 la
2119 2506 2513 2649 premiere
2584 2506 3021 2649 deſquelles
3091 2506 3176 2649 eſt
3218 2506 3725 2649 repreſentée
3781 2506 3838 2649 au
3979 2506 4218 2649 Cercle
4359 2506 4387 2649 N.
4430 2506 4472 2649 1.
4542 2506 4599 2649 de
4683 2506 4740 2649 ce
4852 2506 4965 2649 Ta-

610 2642 872 2784 bleau,
938 2642 990 2784 ou
1134 2642 1488 2784 Zacharie
1554 2642 1842 2784 variant
1907 2642 1947 2784 fa
2052 2642 2366 2784 maniere
2445 2642 2497 2784 de
2563 2642 2969 2784 preſenter
3008 2642 3310 2784 l’eſpée,
3336 2642 3676 2784 l’avance
3729 2642 3860 2784 non
3965 2642 4201 2784 droite
4253 2642 4332 2784 ny
4410 2642 4685 2784 courbe
4764 2642 4961 2784 com-

643 2782 718 2922 me
781 2782 918 2922 aux
981 2782 1505 2922 precedents,
1592 2782 1742 2922 mais
1792 2782 1967 2922 avec
2017 2782 2054 2922 la
2117 2782 2392 2922 pointe
2454 2782 2504 2922 en
2579 2782 2704 2922 bas
2766 2782 2804 2922 en
2891 2782 3303 2922 panchant
3353 2782 3403 2922 le
3453 2782 3640 2922 haut
3715 2782 3765 2922 du
3853 2782 4065 2922 corps
4165 2782 4177 2922 &
4227 2782 4277 2922 le
4352 2782 4514 2922 bras
4577 2782 4627 2922 en
4702 2782 4951 2922 avant.

634 2918 936 3060 Poſture
1002 2918 1133 3060 non
1212 2918 1673 3060 ſeulement
1739 2918 2159 3060 differente
2238 2918 2330 3060 des
2396 2918 2686 3060 autres,
2778 2918 2922 3060 mais
2975 2918 3146 3060 auſſi
3212 2918 3633 3060 beaucoup
3712 2918 4185 3060 dangereuſe
4238 2918 4238 3060 à
4317 2918 4527 3060 celuy
4619 2918 4724 3060 qui
4777 2918 4948 3060 con-

605 3056 706 3200 tre
756 3056 970 3200 icelle
1045 3056 1372 3200 ſuivroit
1447 3056 1975 3200 ſimplemenr
2025 3056 2163 3200 nos
2214 3056 2704 3200 precedents
2767 3056 3470 3200 enſeignements:
3533 3056 3621 3200 car
3696 3056 4111 3200 l’ennemy
4174 3056 4224 3200 en
4312 3056 4526 3200 icelle
4601 3056 4953 3200 donnant

609 3195 756 3339 fort
850 3195 971 3339 peu
1078 3195 1131 3339 de
1212 3195 1721 3339 ſentiment,
1788 3195 1976 3339 peut
2043 3195 2204 3339 ſans
2298 3195 2486 3339 qu’on
2580 3195 2700 3339 s’en
2794 3195 3022 3339 puiſſe
3102 3195 3558 3339 apercevoir
3625 3195 3719 3339 (ſi
3786 3195 3840 3339 ce
3893 3195 4068 3339 n’eſt
4121 3195 4282 3339 avec
4349 3195 4483 3339 une
4537 3195 4953 3339 ſoigneuſe

622 3331 899 3479 garde)
978 3331 1269 3479 quitter
1322 3331 1586 3479 noſtre
1665 3331 1863 3479 eſpée
1969 3331 1982 3479 &
2035 3331 2233 3479 nous
2273 3331 2537 3479 traiter
2590 3331 2590 3479 à
2656 3331 2762 3479 ſon
2828 3331 3277 3479 advantage
3369 3331 3752 3479 deſtituez
3818 3331 3924 3479 des
3990 3331 4519 3479 precantions
4585 3331 4954 3479 neceſſai-

611 3466 745 3614 res,
786 3466 1202 3614 leſquelles
1283 3466 1337 3614 ce
1431 3466 1754 3614 Tableau
1834 3466 2009 3614 vous
2090 3466 2533 3614 enſeignera
2614 3466 2614 3614 à
2695 3466 2937 3614 plein:
3017 3466 3327 3614 comme
3407 3466 3582 3614 auſſi
3636 3466 3676 3614 la
3797 3466 4107 3614 maniere
4201 3466 4254 3614 de
4335 3466 4671 3614 prendre
4738 3466 4967 3614 avan-

612 3603 787 3758 tage
854 3603 1123 3758 contre
1190 3603 1405 3758 icelle
1472 3603 1835 3758 poſture,
1889 3603 1889 3758 a
1943 3603 1983 3758 la
2064 3603 2467 3758 confuſion
2561 3603 2615 3758 de
2682 3603 3166 3758 l’Ennemy.
3260 3603 3986 3758 Advertiſſements
4054 3603 4161 3758 qui
4229 3603 4296 3758 ne
4390 3603 4699 3758 doivent
4780 3603 4955 3758 eſtre

619 3745 1047 3897 negliges,
1147 3745 1290 3897 mais
1361 3745 1361 3897 à
1461 3745 1632 3897 plain
1732 3745 1960 3897 ſuiuis
2003 3745 2117 3897 par
2175 3745 2446 3897 noſtre
2546 3745 2888 3897 Diſciple,
2945 3745 3017 3897 s’il
3088 3745 3302 3897 deſire
3359 3745 3545 3897 eſtre
3588 3745 3773 3897 libre
3844 3745 3901 3897 en
3973 3745 4144 3897 tous
4215 3745 4572 3897 dangers,
4672 3745 4672 3897 &
4729 3745 4958 3897 aſſuré

625 3885 892 4031 contre
959 3885 1133 4031 tous
1173 3885 1266 4031 les
1333 3885 1908 4031 changement
1988 3885 2109 4031 que
2189 3885 2724 4031 l’Adverſaire
2777 3885 2964 4031 peut
3018 3885 3392 4031 apporter
3472 3885 3713 4031 eſtant
3780 3885 4060 4031 engagé
4127 3885 4194 4031 au
4274 3885 4635 4031 combat,
4715 3885 4769 4031 ce
4862 3885 4969 4031 qui

614 4024 880 4169 ſervira
973 4024 1718 4169 d’advertiſſement
1798 4024 2104 4169 general
2170 4024 2370 4169 pour
2423 4024 2516 4169 les
2569 4024 2822 4169 autres
2875 4024 3248 4169 ſuivants.

632 4620 885 4776 Zacharie
940 4620 1148 4776 s’eſtant
1203 4620 1269 4776 nmis
1313 4620 1346 4776 en
1401 4620 1598 4776 poſture
1642 4620 1664 4776 le
1719 4620 1840 4776 haut
1906 4620 1939 4776 du
1993 4620 2136 4776 corps
2191 4620 2378 4776 penché
2432 4620 2465 4776 en
2520 4620 2707 4776 avant,

720 4741 755 4907 il
812 4741 893 4907 met
939 4741 973 4907 la
1020 4741 1181 4907 pointe
1250 4741 1273 4907 de
1342 4741 1400 4907 ſon
1469 4741 1595 4907 eſpee
1676 4741 1768 4907 d’un
1837 4741 1941 4907 bras
1998 4741 2194 4907 eſtendu
2263 4741 2298 4907 en
2355 4741 2436 4907 bas
2482 4741 2517 4907 en
2586 4741 2712 4907 ligne

740 4869 887 5023 droite
966 4869 1169 5023 faiſant
1202 4869 1248 5023 un
1304 4869 1450 5023 angle
1507 4869 1653 5023 aigu,
1698 4869 1879 5023 tenant
1935 4869 1969 5023 ſa
2048 4869 2149 5023 main
2205 4869 2397 5023 gauche
2465 4869 2645 5023 devant
2679 4869 2713 5023 ſa

716 4994 990 5153 poitrine.
1127 4994 1412 5153 Alexandre
1465 4994 1655 5153 venant
1697 4994 1993 5153 travailler
2045 4994 2045 5153 à
2088 4994 2415 5153 l’encontre,
2457 4994 2594 5153 porte
2647 4994 2710 5153 ſon

721 5113 854 5281 eſpee
921 5113 954 5281 de
999 5113 1132 5281 haut
1177 5113 1210 5281 en
1254 5113 1343 5281 bas
1377 5113 1610 5281 enangle
1666 5113 1799 5281 aigu;
1855 5113 1955 5281 puis
2010 5113 2099 5281 d’un
2143 5113 2266 5281 bras
2299 5113 2510 5281 eſtandu
2555 5113 2588 5281 il
2644 5113 2710 5281 met

727 5250 752 5398 le
863 5250 900 5398 N.
950 5250 987 5398 3.
1049 5250 1247 5398 d’icelle
1308 5250 1345 5398 au
1469 5250 1494 5398 N.
1543 5250 1593 5398 4.
1655 5250 1679 5398 de
1729 5250 1840 5398 celle
1889 5250 1927 5398 de
1976 5250 2013 5398 ſa
2063 5250 2248 5398 partie.

1088 5488 1487 5643 ACHARIE
1560 5488 1862 5643 s’eſtant
1947 5488 2044 5643 mis
2104 5488 2152 5643 en
2225 5488 2588 5643 poſture,
2648 5488 2709 5643 le

1065 5621 1239 5771 pied
1332 5621 1506 5771 droit
1573 5621 1680 5771 ſur
1747 5621 1787 5771 la
1854 5621 2054 5771 ligne
2174 5621 2174 5771 X
2268 5621 2321 5771 Y,
2388 5621 2495 5771 par
2575 5621 2709 5771 dela

1061 5744 1109 5895 le
1206 5744 1617 5895 Diametre,
1690 5744 2089 5895 touchant
2162 5744 2270 5895 des
2343 5744 2597 5895 orteils
2657 5744 2706 5895 la

1100 5869 1741 6019 Circonference,
1766 5869 1827 6019 le
1877 5869 2037 6019 pied
2111 5869 2394 6019 gauche
2444 5869 2518 6019 un
2592 5869 2703 6019 pas

619 5994 669 6154 en
743 5994 1014 6154 arriere
1075 5994 1568 6154 reſpondant
1629 5994 1629 6154 à
1691 5994 1740 6154 la
1814 5994 2085 6154 pointe
2171 5994 2221 6154 du
2369 5994 2713 6154 Quadrat,

608 6120 870 6280 faiſant
920 6120 1282 6280 pencher
1319 6120 1369 6280 le
1419 6120 1544 6280 bas
1606 6120 1656 6280 du
1756 6120 1980 6280 corps
2030 6120 2130 6280 ſur
2180 6120 2492 6280 iceluy,
2592 6120 2592 6280 &
2654 6120 2704 6280 le

607 6246 786 6406 haut
857 6246 893 6406 en
976 6246 1238 6406 auant,
1298 6246 1524 6406 ayant
1608 6246 1703 6406 mis
1750 6246 1810 6406 le
1858 6246 2024 6406 bras
2132 6246 2143 6406 &
2191 6246 2703 6406 l’eſpee(avec

612 6369 649 6531 la
723 6369 996 6531 pointe
1083 6369 1430 6531 d’icelle)
1492 6369 1666 6531 tout
1740 6369 1864 6531 bas
1939 6369 2298 6531 eſtandus
2373 6369 2422 6531 en
2509 6369 2708 6531 ligne

637 6495 902 6643 droite,
965 6495 1230 6643 faiſant
1306 6495 1369 6643 un
1445 6495 1660 6643 angle
1736 6495 1874 6643 aigu
2026 6495 2039 6643 &
2089 6495 2354 6643 tenant
2430 6495 2607 6643 pour
2670 6495 2721 6643 ſa

637 6619 980 6772 déffence
1041 6619 1078 6772 la
1164 6619 1323 6772 main
1397 6619 1690 6772 gauche
1764 6619 2033 6772 devant
2082 6619 2131 6772 ſa
2180 6619 2572 6772 poitrine,
2670 6619 2731 6772 A-

1171 1320 2566 1461 DECLARATION
2818 1320 3070 1461 DES
3321 1320 4504 1461 OPERATIONS

1609 1498 1709 1603 DV
1894 1498 2435 1603 TABLEAV
2620 1498 2948 1603 VINGT
3062 1498 3147 1603 ET
3318 1498 3973 1603 HVICTIEME.

1380 4315 1700 4473 Cercle
1935 4315 2170 4473 N.
2127 4315 2170 4473 1.

3559 6060 3866 6234 Cercle
4085 6060 4371 6234 N.2.
