5520 7640
3004 292 3135 411 ment.
3182 292 3467 411 eſtandant
3503 292 3527 411 le
3574 292 3693 411 bras
3788 292 3800 411 &
3848 292 4026 411 l’eſpee
4109 292 4264 411 ferme
4312 292 4347 411 la
4407 292 4561 411 droite
4597 292 4763 411 ligne,
4847 292 4847 411 &
4930 292 4966 411 en

2983 415 3263 544 graduant
3314 415 3352 544 il
3377 415 3517 544 bleſſe
3555 415 3594 544 ſa
3645 415 3823 544 partie
3899 415 3899 544 à
3963 415 4001 544 la
4052 415 4179 544 face,
4230 415 4332 544 puis
4370 415 4408 544 le
4472 415 4612 544 bleſſe
4662 415 4701 544 en
4764 415 4981 544 rigueur

2979 546 2979 660 à
3034 546 3258 660 travers
3303 546 3336 660 la
3370 546 3582 660 teſte.

3355 700 3355 827 E
3469 700 3709 827 Cercle
3785 700 3912 827 tire
3975 700 4077 827 ſon
4190 700 4482 827 origine
4596 700 4646 827 du
4773 700 4976 827 com-

3335 827 3835 949 mencement
3904 827 3963 949 de
4021 827 4486 949 l’operation
4567 827 4625 949 du
4730 827 4974 949 Cercle

3368 954 3403 1074 N.
3462 954 3509 1074 2,
3579 954 3626 1074 ou
3754 954 4292 1074 ALEXANDRE
4362 954 4806 1074 tranſporte
4865 954 4970 1074 les

3330 1076 3517 1196 deux
3564 1076 3798 1196 lames
3880 1076 3927 1196 en
4009 1076 4185 1196 haut
4267 1076 4572 1196 entrant
4666 1076 4713 1196 du
4807 1076 4971 1196 pied

2866 1203 3150 1323 gauche
3198 1203 3210 1323 a
3257 1203 3305 1323 la
3352 1203 3590 1323 lettre
3696 1203 3744 1323 D.
3886 1203 4373 1323 ZACHARIE
4444 1203 4492 1323 en
4575 1203 4634 1323 ce
4717 1203 4966 1323 temps

2843 1324 2976 1453 tire
3049 1324 3194 1453 une
3279 1324 3642 1453 eſtocade
3703 1324 3715 1453 à
3787 1324 3824 1453 ſa
3908 1324 4199 1453 partie,
4247 1324 4611 1453 plantant
4671 1324 4720 1453 le
4792 1324 4974 1453 pied

2863 1449 3039 1574 droit
3109 1449 3379 1574 devant
3437 1449 3472 1574 la
3531 1449 3765 1574 lettre
3847 1449 3894 1574 V.
3988 1449 4538 1574 ALEXANDRE
4597 1449 4972 1574 S’aperce-

2849 1575 3018 1704 vant
3086 1575 3198 1704 par
3266 1575 3322 1704 le
3379 1575 3818 1704 ſentiment
3886 1575 3942 1704 au
4066 1575 4787 1704 commencement
4900 1575 4945 1704 du

2879 1699 3439 1826 mouvement,
3523 1699 3642 1826 que
3725 1699 3761 1826 ſa
3845 1699 4083 1826 partie
4178 1699 4417 1826 quitte
4488 1699 4596 1826 ſon
4715 1699 4965 1826 eſpee,

2856 1822 3086 1950 dreſſe
3135 1822 3195 1950 au
3304 1822 3559 1950 meſme
3619 1822 3886 1950 temps
3934 1822 3983 1950 le
4044 1822 4213 1950 bras
4334 1822 4346 1950 &
4407 1822 4746 1950 l’eſpee,
4867 1822 4976 1950 en-

2842 1953 3036 2075 trant
3109 1953 3496 2075 enſemble
3557 1953 3617 2075 du
3690 1953 3860 2075 pied
3932 1953 4150 2075 droit,
4175 1953 4211 2075 il
4259 1953 4744 2075 commence
4780 1953 4792 2075 à
4853 1953 4986 2075 fer-

2877 2079 3000 2199 mer
3049 2079 3085 2199 la
3159 2079 3391 2199 droite
3440 2079 3648 2199 ligne
3759 2079 3759 2199 &
3832 2079 3881 2199 en
3967 2079 4346 2199 graduant
4395 2079 4505 2199 les
4554 2079 4848 2199 lames,
4970 2079 4982 2199 &

2841 2199 3198 2321 ſaiſiſſant
3247 2199 3431 2321 avec
3493 2199 3530 2321 la
3591 2199 3886 2321 brãche
3948 2199 4403 2321 exterieure
4489 2199 4551 2321 de
4624 2199 4661 2321 ſa
4747 2199 4969 2321 garde

2857 2322 3033 2446 celle
3109 2322 3172 2446 de
3222 2322 3273 2446 ſa
3323 2322 3600 2446 partie,
3651 2322 3676 2446 il
3726 2322 3777 2446 le
3827 2322 4066 2446 bleſſe
4154 2322 4356 2446 d’une
4419 2322 4784 2446 eſtocade
4847 2322 4860 2446 a
4923 2322 4973 2446 la

2837 2445 2994 2579 face
3067 2445 3296 2579 avant
3381 2445 3538 2579 qu’il
3598 2445 3731 2579 ſoit
3804 2445 4300 2579 pleinement
4384 2445 4433 2579 en
4517 2445 4565 2579 ſa
4650 2445 4964 2579 cheute;

2836 2574 2977 2696 lors
3036 2574 3391 2696 plantant
3438 2574 3497 2696 le
3544 2574 3722 2696 pied
3781 2574 4017 2696 eſlevé
4076 2574 4300 2696 ſoubs
4348 2574 4407 2696 le
4501 2574 4891 2696 Diametre
4962 2574 4962 2696 à

2836 2699 2874 2829 la
2937 2699 3164 2829 lettre
3227 2699 3264 2829 I,
3315 2699 3365 2829 ſe
3428 2699 3831 2829 penchant
3893 2699 4133 2829 deſſus
4196 2699 4246 2829 en
4334 2699 4661 2829 ployant
4724 2699 4787 2829 le
4875 2699 4976 2829 ge-

2838 2828 3026 2949 nou,
3073 2828 3108 2949 il
3155 2828 3379 2949 perce
3449 2828 3578 2949 d’un
3672 2828 3849 2949 bras
3931 2828 4225 2949 eſtandu
4342 2828 4389 2949 en
4495 2828 4824 2949 rigueur
4894 2828 4953 2949 au

2840 2950 3138 3073 travers
3206 2950 3252 3073 la
3332 2950 3516 3073 teſte
3619 2950 3676 3073 de
3745 2950 3790 3073 ſa
3859 2950 4168 3073 partie;
4248 2950 4557 3073 comme
4649 2950 4695 3073 on
4786 2950 4969 3073 peut

2850 3075 3003 3192 voir
3050 3075 3191 3192 aux
3239 3075 3568 3192 figures.

756 267 871 416 celle
948 267 974 416 de
1051 267 1076 416 ſa
1179 267 1474 416 partie,
1615 267 1628 416 &
1692 267 1731 416 en
1795 267 1846 416 fin
1910 267 1949 416 la
2000 267 2206 416 ſujette
2257 267 2372 416 vers
2449 267 2513 416 ſon
2590 267 2719 416 coſté

769 424 1050 533 gaucle.

1087 598 1110 724 A
1181 598 1499 724 CHARIE
1570 598 1994 724 attendant
2041 598 2488 724 l’operation
2583 598 2712 724 mẽ-

1060 728 1384 848 tionnée
1432 728 1492 848 au
1599 728 1839 848 Cercle
1899 728 2402 848 precedent,
2522 728 2701 848 ALE-

1080 854 1410 976 XANDRE
1478 854 1660 976 pour
1706 854 1751 976 la
1808 854 2274 976 pourſuivre
2354 854 2695 976 s’avance

1065 976 1114 1103 du
1201 976 1360 1103 pied
1446 976 1803 1103 gauche,
1889 976 2221 1103 eſlevant
2307 976 2701 1103 enſemble

587 1100 690 1221 les
747 1100 942 1221 deux
999 1100 1239 1221 lames
1319 1100 1388 1221 de
1457 1100 1663 1221 force
1766 1100 2166 1221 moderée,
2235 1100 2395 1221 puis
2476 1100 2693 1221 avan-

605 1223 767 1349 çant
830 1223 880 1349 le
955 1223 1118 1349 bras
1243 1223 1243 1349 &
1306 1223 1569 1349 l’eſpee
1644 1223 1706 1349 un
1794 1223 1919 1349 peu
2007 1223 2019 1349 à
2107 1223 2295 1349 coſté
2370 1223 2608 1349 droit,
2670 1223 2708 1349 il

587 1344 835 1473 hauſſe
895 1344 1072 1473 avec
1132 1344 1167 1473 la
1226 1344 1487 1473 ſienne
1534 1344 1653 1473 par
1700 1344 1771 1473 un
1854 1344 2068 1473 quart
2151 1344 2210 1473 de
2328 1344 2707 1473 Circonfe-

594 1469 814 1598 rence
875 1469 1046 1598 celle
1119 1469 1180 1598 de
1229 1469 1278 1598 ſa
1327 1469 1608 1598 partie,
1657 1469 1706 1598 en
1779 1469 2146 1598 plantant
2195 1469 2244 1598 le
2305 1469 2476 1598 pied
2537 1469 2696 1598 eſle-

593 1593 654 1719 vé
715 1593 825 1719 ſur
874 1593 923 1719 le
1021 1593 1266 1719 Cercle
1315 1593 1327 1719 à
1376 1593 1412 1719 la
1474 1593 1706 1719 lettre
1779 1593 1828 1719 F;
1877 1593 2024 1719 lors
2085 1593 2611 1719 pourſuivant
2684 1593 2697 1719 à

592 1716 872 1842 eſlever
923 1716 1191 1842 l’eſpee
1268 1716 1331 1842 de
1382 1716 1484 1842 ſon
1586 1716 2020 1842 Contraire,
2084 1716 2173 1842 (le
2249 1716 2415 1842 pied
2504 1716 2696 1842 droit

598 1840 819 1965 eſtant
893 1840 1164 1965 eſlevé)
1201 1840 1238 1965 il
1275 1840 1312 1965 la
1373 1840 1657 1965 ſujette
1718 1840 1878 1965 vers
1927 1840 2026 1965 ſon
2112 1840 2309 1965 coſté
2383 1840 2703 1965 gauche,

587 1967 946 2094 plantant
984 1967 1036 2094 le
1100 1967 1266 2094 pied
1330 1967 1522 2094 droit
1561 1967 1574 2094 à
1625 1967 1663 2094 la
1727 1967 1958 2094 lettre
2099 1967 2137 2094 M,
2175 1967 2227 2094 le
2291 1967 2585 2094 gauche
2649 1967 2713 2094 le

580 2094 916 2218 ſuyvant
1000 2094 1972 2218 proportionnellement
2068 2094 2080 2218 à
2164 2094 2212 2218 la
2308 2094 2536 2218 lettre
2656 2094 2704 2218 F.

624 2219 1101 2340 ZACHARIE
1186 2219 1516 2340 dreſſant
1552 2219 1613 2340 le
1675 2219 1894 2340 corps
2016 2219 2029 2340 &
2090 2219 2139 2340 le
2212 2219 2480 2340 faiſant
2541 2219 2700 2340 tant

582 2340 714 2467 ſoit
762 2340 881 2467 peu
953 2340 1312 2467 pencher
1372 2340 1419 2467 en
1503 2340 1838 2467 arriere,
1886 2340 2233 2467 hauſſant
2316 2340 2711 2467 enſemble

573 2465 621 2590 le
681 2465 873 2590 bras,
921 2465 945 2590 il
1017 2465 1293 2590 couvre
1353 2465 1389 2590 ſa
1461 2465 1641 2590 veüe
1713 2465 1773 2590 de
1821 2465 1869 2590 ſa
1941 2465 2194 2590 garde.
2266 2465 2338 2590 Au
2434 2465 2698 2590 meſme

584 2590 848 2714 temps
944 2590 1496 2714 ALEXANDRE
1556 2590 2073 2714 affermiſſant
2145 2590 2193 2714 le
2265 2590 2433 2714 bras
2493 2590 2505 2714 à
2577 2590 2673 2714 ſon

587 2716 780 2839 coſté
853 2716 1070 2839 droit,
1191 2716 1191 2839 &
1264 2716 1723 2839 preſentant
1783 2716 1843 2839 le
1928 2716 2218 2839 gauche
2290 2716 2339 2839 en
2435 2716 2689 2839 avant,

606 2835 1021 2962 deſgradue
1172 2835 1185 2962 &
1247 2835 1524 2962 ſujette
1612 2835 1888 2962 encore
1976 2835 2316 2962 quelque
2391 2835 2517 2962 peu
2592 2835 2705 2962 l’e-

570 2967 732 3087 ſpee
802 2967 860 3087 de
918 2967 952 3087 ſa
1010 2967 1277 3087 partie,
1347 2967 1533 3087 pour
1591 2967 1927 3087 d’autant
2008 2967 2252 3087 mieux
2310 2967 2704 3087 executer

568 3090 673 3216 les
731 3090 1197 3216 operations
1243 3090 1732 3216 ſuyvantes;
1802 3090 2105 3216 comme
2152 3090 2187 3216 il
2233 3090 2280 3216 ſe
2350 3090 2490 3216 voit
2559 3090 2699 3216 aux

574 3215 900 3331 figures.

1230 3430 1546 3599 Cercle
1818 3430 2067 3599 N.3.

596 3656 889 3780 Alexandre
948 3656 1301 3780 pourſuivant
1407 3656 1407 3780 &
1465 3656 1618 3780 ayant
1677 3656 1842 3780 attiré
1877 3656 1912 3780 le
1959 3656 2077 3780 pied
2124 3656 2382 3780 gauche;
2441 3656 2582 3780 entre
2665 3656 2700 3780 du

700 3781 821 3903 droit
865 3781 1140 3903 avançant
1195 3781 1228 3903 le
1272 3781 1382 3903 bras
1481 3781 1481 3903 &
1537 3781 1768 3903 l’eſpee,
1812 3781 2076 3903 tournant
2131 3781 2175 3903 en
2241 3781 2318 3903 bas
2385 3781 2418 3903 la
2484 3781 2704 3903 branche

685 3910 1002 4031 exterieure
1059 3910 1093 4031 de
1138 3910 1172 4031 ſa
1229 3910 1388 4031 garde
1433 3910 1603 4031 contre
1648 3910 1682 4031 la
1716 3910 1852 4031 lame
1909 3910 1932 4031 de
1977 3910 2022 4031 ſa
2079 3910 2294 4031 partie,
2396 3910 2430 4031 en
2476 3910 2510 4031 la
2589 3910 2702 4031 gra-

697 4035 850 4159 duant
897 4035 921 4159 il
956 4035 979 4159 le
1038 4035 1168 4159 bleſſe
1215 4035 1356 4159 ſoubs
1391 4035 1426 4159 le
1474 4035 1591 4159 bras
1638 4035 1791 4159 droit;
1826 4035 1932 4159 puis
1979 4035 2273 4159 augmente
2321 4035 2379 4159 ſon
2438 4035 2556 4159 coup
2626 4035 2709 4159 par

689 4165 724 4273 ſa
783 4165 1063 4273 cheute.

1064 4291 1632 4428 LEXANDRE
1719 4291 2275 4428 pourſuyvant
2386 4291 2707 4428 l’opera-

1034 4429 1181 4551 tion
1254 4429 1802 4551 precedente,
1875 4429 2106 4551 ayant
2167 4429 2386 4551 attiré
2423 4429 2484 4551 le
2533 4429 2703 4551 pied

1052 4553 1342 4678 gauche
1424 4553 1621 4678 entre
1714 4553 1773 4678 du
1866 4553 2098 4678 droit,
2191 4553 2575 4678 avançant
2644 4553 2703 4678 le

977 4680 977 4800 
1022 4680 1192 4800 bras
1249 4680 1419 4800 avec
1464 4680 1770 4800 l’eſpee,
1804 4680 2189 4800 tournant
2235 4680 2280 4800 la
2348 4680 2699 4800 branche

576 4804 1043 4927 exterieure
1113 4804 1183 4927 de
1229 4804 1264 4927 ſa
1346 4804 1556 4927 garde
1626 4804 1672 4927 en
1742 4804 1871 4927 bas
1929 4804 2197 4927 contre
2244 4804 2290 4927 la
2360 4804 2547 4927 lame
2640 4804 2698 4927 de

568 4932 619 5052 ſa
682 4932 971 5052 partie,
1085 4932 1085 5052 &
1160 4932 1210 5052 en
1273 4932 1324 5052 la
1399 4932 1777 5052 graduant
1827 4932 1865 5052 il
1928 4932 1978 5052 le
2054 4932 2280 5052 bleſſe
2356 4932 2582 5052 ſoubs
2645 4932 2696 5052 le

577 5054 735 5173 bras
808 5054 1027 5173 droit,
1088 5054 1247 5173 puis
1295 5054 1661 5173 plantant
1710 5054 1758 5173 le
1807 5054 1990 5173 pied
2051 5054 2282 5173 eſlevé
2343 5054 2453 5173 par
2526 5054 2684 5173 deçà

568 5176 616 5299 le
725 5176 1100 5299 Diametre
1160 5176 1172 5299 a
1221 5176 1269 5299 la
1317 5176 1547 5299 lettre
1632 5176 1668 5299 S.
1801 5176 1801 5299 &
1873 5176 2284 5299 penchant
2345 5176 2405 5299 le
2478 5176 2695 5299 corps

586 5302 878 5425 deſſus,
928 5302 966 5425 il
1017 5302 1232 5425 entre
1321 5302 1486 5425 dans
1523 5302 1802 5425 l’angle
1891 5302 2055 5425 qu’il
2119 5302 2131 5425 à
2207 5302 2524 5425 ouvert,
2587 5302 2714 5425 fai-

571 5427 722 5550 ſant
772 5427 1012 5550 ſuivre
1062 5427 1113 5550 le
1176 5427 1466 5550 gauche
1541 5427 1554 5550 à
1617 5427 1668 5550 la
1731 5427 1958 5550 lettre
2071 5427 2109 5550 N.
2248 5427 2248 5550 &
2323 5427 2702 5550 augmen-

580 5552 729 5674 tant
798 5552 902 5674 ſon
1006 5552 1190 5674 coup
1271 5552 1386 5674 par
1444 5552 1490 5674 ſa
1582 5552 1927 5674 cheute,
2019 5552 2054 5674 il
2123 5552 2342 5674 perce
2423 5552 2480 5674 au
2572 5552 2699 5674 tra-

579 5674 731 5800 vers
801 5674 859 5800 du
940 5674 1162 5800 corps
1232 5674 1290 5800 de
1348 5674 1383 5800 ſa
1488 5674 1930 5800 Contraire;
2000 5674 2303 5800 comme
2350 5674 2385 5800 il
2455 5674 2548 5800 eſt
2606 5674 2699 5800 re-

575 5801 940 5929 preſanté
978 5801 1104 5929 par
1141 5801 1355 5929 leurs
1418 5801 1745 5929 figures.

1315 6423 1644 6606 Cercle
1842 6423 2105 6606 N.4.

597 6639 786 6761 Comme
863 6639 1151 6761 Alexandre
1196 6639 1506 6761 tranſporte
1551 6639 1606 6761 les
1661 6639 1783 6761 deux
1839 6639 1994 6761 lames
2061 6639 2094 6761 en
2149 6639 2327 6761 haut,
2449 6639 2704 6761 Zacharie

698 6758 766 6882 luy
800 6758 890 6882 tire
935 6758 1014 6882 une
1059 6758 1329 6882 eſtocade.
1431 6758 1723 6882 Alexandre
1769 6758 1847 6882 s’en
1915 6758 2276 6882 appercevant
2321 6758 2411 6882 par
2456 6758 2478 6882 le
2535 6758 2692 6882 ſenti-

3356 4629 3529 4765 Etuy
3615 4629 3677 4765 cy
3751 4629 3874 4765 tire
3948 4629 4121 4765 auſſi
4183 4629 4220 4765 ſa
4294 4629 4565 4765 ſource
4639 4629 4701 4765 du
4787 4629 4997 4765 com-

3344 4755 3852 4886 mencement
3923 4755 3982 4886 de
4029 4755 4489 4886 l’operation
4572 4755 4631 4886 du
4725 4755 4985 4886 Cercle

3373 4886 3419 5007 N.
3464 4886 3510 5007 2,
3555 4886 3612 5007 ou
3715 4886 3726 5007 A
3794 4886 4272 5007 LEXANDRE
4318 4886 4534 5007 apres
4591 4886 4796 5007 avoir
4876 4886 4989 5007 mis

3318 5006 3414 5115 les
3498 5006 3678 5115 deux
3726 5006 3966 5115 lames
4026 5006 4458 5115 enſemble,
4518 5006 4734 5115 cõme
4806 5006 4842 5115 il
4902 5006 4986 5115 eſt

2843 5130 3068 5267 porte
3127 5130 3174 5267 au
3293 5130 3530 5267 Cercle
3660 5130 3695 5267 N.
3766 5130 3826 5267 i;
3873 5130 3908 5267 il
3944 5130 4051 5267 les
4122 5130 4347 5267 eſleve
4418 5130 4595 5267 avec
4655 5130 4702 5267 le
4785 5130 4998 5267 tour-

2843 5253 3167 5388 nement
3227 5253 3299 5388 de
3347 5253 3707 5388 l’eſpaule
3767 5253 4092 5388 gauche,
4140 5253 4188 5388 en
4260 5253 4596 5388 avãçant
4644 5253 4692 5388 le
4764 5253 4980 5388 corps

2861 5379 2909 5512 en
2994 5379 3319 5512 dedans,
3428 5379 3428 5512 &
3488 5379 3706 5512 porte
3754 5379 3802 5512 le
3863 5379 4031 5512 pied
4104 5379 4393 5512 gauche
4466 5379 4502 5512 en
4587 5379 4840 5512 avant:
4876 5379 4985 5512 ſur

2855 5516 2923 5638 ce
3048 5516 3560 5638 mouvement
3708 5516 4185 5638 ZACHARIE
4276 5516 4572 5638 marche
4663 5516 4708 5638 du
4810 5516 4992 5638 pied

2856 5634 3051 5764 droit
3108 5634 3165 5764 au
3257 5634 3578 5764 dedans,
3612 5634 4196 5764 abandonnant
4242 5634 4287 5764 la
4345 5634 4539 5764 lame
4608 5634 4677 5764 de
4734 5634 4768 5764 ſa
4837 5634 4986 5764 par-

2846 5754 2942 5887 tie
3097 5754 3109 5887 &
3205 5754 3325 5887 luy
3432 5754 3564 5887 tire
3659 5754 3803 5887 une
3923 5754 4281 5887 eſtocade
4365 5754 4377 5887 à
4461 5754 4509 5887 la
4604 5754 4987 5887 poitrine.

2878 5888 3811 6019 ALEXANDREprenant
3879 5888 4095 6019 garde
4152 5888 4209 6019 au
4277 5888 4720 6019 ſentiment
4766 5888 4993 6019 avan-

2862 6008 2924 6138 ce
2973 6008 3023 6138 le
3084 6008 3257 6138 pied
3319 6008 3430 6138 eſle
3491 6008 3602 6138 vé;
3713 6008 3713 6138 &
3762 6008 4071 6138 pource
4132 6008 4293 6138 qu’il
4342 6008 4527 6138 n’eſt
4576 6008 4699 6138 pas
4761 6008 4995 6138 enco-

2850 6130 2913 6260 re
2963 6130 3241 6260 planté,
3342 6130 3342 6260 &
3417 6130 3581 6260 qu’il
3619 6130 3708 6260 n’a
3771 6130 3884 6260 pas
3935 6130 3985 6260 le
4048 6130 4301 6260 temps
4351 6130 4553 6260 pour
4591 6130 4654 6260 le
4717 6130 4919 6260 faire,
4957 6130 4995 6260 il

2848 6255 3096 6392 ferme
3134 6255 3183 6392 la
3233 6255 3432 6392 ligne
3494 6255 3668 6392 avec
3718 6255 3768 6392 le
3842 6255 4004 6392 bras
4128 6255 4141 6392 &
4203 6255 4464 6392 l’eſpée
4551 6255 4986 6392 eſtendus,

2852 6380 3147 6515 paſſant
3224 6380 3262 6515 du
3339 6380 3480 6515 fort
3556 6380 3608 6515 de
3659 6380 3761 6515 ſon
3838 6380 4056 6515 eſpée
4094 6380 4158 6515 le
4209 6380 4452 6515 foible
4516 6380 4580 6515 de
4657 6380 4823 6515 celle
4913 6380 4977 6515 de

2851 6513 2888 6640 ſa
2963 6513 3273 6640 partie,
3373 6513 3709 6640 laquelle
3796 6513 4181 6640 graduant
4330 6513 4343 6640 &
4405 6513 4977 6640 pareillement

2854 6637 3213 6755 plantant
3300 6637 3350 6755 le
3424 6637 3598 6755 pied
3685 6637 3970 6755 gauche
4045 6637 4280 6755 ſoubs
4342 6637 4392 6755 le
4516 6637 4901 6755 Diametre
4963 6637 4975 6755 à

2853 6755 2892 6902 la
2943 6755 3173 6902 lettre
3288 6755 3326 6902 N,
3377 6755 3416 6902 il
3454 6755 3684 6902 bleſſe
3735 6755 3838 6902 ſon
3953 6755 4349 6902 Contraire
4400 6755 4566 6902 avec
4618 6755 4975 6902 penche-

4788 6933 4971 6998 ment

2880 3939 3000 4056 Ainſi
3036 3939 3467 4056 qu’Alexandre
3515 3939 3683 4056 eſleve
3731 3939 3791 4056 les
3839 3939 3958 4056 deux
4006 3939 4174 4056 lames
4222 3939 4533 4056 aſſemblées
4569 3939 4605 4056 en
4653 3939 4809 4056 haut,
4893 3939 4989 4056 Za-

2962 4066 3143 4183 charie
3183 4066 3254 4183 ſur
3304 4066 3334 4183 ce
3425 4066 3747 4183 mouvement
3808 4066 3999 4183 marche
4039 4066 4110 4183 icy
4170 4066 4210 4183 en
4291 4066 4522 4183 dedans,
4593 4066 4985 4183 abandonnant

2964 4193 2998 4309 la
3045 4193 3173 4309 lame
3231 4193 3266 4309 de
3312 4193 3347 4309 ſa
3394 4193 3591 4309 partie,
3696 4193 3696 4309 &
3754 4193 3812 4309 luy
3870 4193 3952 4309 tire
4010 4193 4091 4309 une
4138 4193 4370 4309 eſtocade
4417 4193 4428 4309 à
4475 4193 4510 4309 la
4568 4193 4812 4309 poitrine,
4905 4193 4998 4309 Ale-

2984 4318 3171 4439 xandre
3215 4318 3303 4439 s’en
3358 4318 3731 4439 appercevant
3775 4318 3929 4439 ferme
3973 4318 3995 4439 le
4061 4318 4204 4439 droite
4247 4318 4379 4439 ligne
4445 4318 4544 4439 d’un
4599 4318 4709 4439 bras
4852 4318 4983 4439 eſpee

2975 4441 3244 4558 eſtandus,
3321 4441 3334 4558 &
3385 4441 3411 4558 le
3449 4441 3590 4558 bleſſe
3641 4441 3654 4558 à
3693 4441 3731 4558 la
3783 4441 3975 4558 face.

3634 3675 3951 3856 Cercle
4155 3675 4427 3856 N.5.
