5520 7640
2853 347 3151 484 iceluy,
3226 347 3264 484 il
3363 347 3475 484 met
3562 347 3923 484 derechef
3961 347 4010 484 la
4073 347 4334 484 pointe
4396 347 4459 484 de
4521 347 4571 484 ſa
4633 347 4820 484 lame
4882 347 4932 484 en

2865 483 3153 609 courbe
3225 483 3273 609 au
3417 483 3681 609 devant
3753 483 3802 609 du
3910 483 4138 609 viſage
4210 483 4270 609 de
4342 483 4378 609 ſa
4450 483 4678 609 partie
4739 483 4943 609 uſant

2876 605 2937 732 de
3009 605 3469 732 courtoifie;
3554 605 3844 732 comme
3892 605 3929 732 il
3977 605 4026 732 ſe
4086 605 4231 732 voit
4280 605 4413 732 aux
4473 605 4788 732 figures.

626 1558 806 1682 Comme
919 1558 1211 1682 Alexandre
1267 1558 1425 1682 eſleve
1492 1558 1729 1682 enſemble
1807 1558 1875 1682 des
1942 1558 2066 1682 deux
2134 1558 2336 1682 lames,
2460 1558 2707 1682 Zacharie

729 1693 1031 1813 abandonne
1087 1693 1199 1813 celle
1255 1693 1288 1813 de
1333 1693 1367 1813 ſa
1423 1693 1590 1813 partie
1635 1693 1713 1813 par
1758 1693 1781 1813 le
1825 1693 2239 1813 tournoyement
2295 1693 2329 1813 du
2374 1693 2508 1813 bras,
2642 1693 2720 1813 luy

725 1818 822 1931 tire
865 1818 908 1931 au
962 1818 1146 1931 viſage
1200 1818 1330 1931 d’une
1373 1818 1600 1931 courbe,
1665 1818 1849 1931 dequoy
1914 1818 2292 1931 s’apercevant
2390 1818 2714 1931 Alexandre,

729 1942 753 2061 il
789 1942 944 2061 ſaiſiſt
1004 1942 1028 2061 de
1076 1942 1111 2061 ſa
1159 1942 1386 2061 branche
1422 1942 1720 2061 interieure
1756 1942 1792 2061 la
1840 1942 1959 2061 lame
2019 1942 2234 2061 d’iceluy,
2318 1942 2318 2061 &
2365 1942 2401 2061 la
2449 1942 2724 2061 graduant

730 2068 753 2184 il
789 2068 1038 2184 preſante
1085 2068 1121 2184 ſa
1168 2068 1334 2184 pointe
1382 2068 1429 2184 au
1477 2068 1655 2184 viſage
1714 2068 1738 2184 de
1785 2068 1821 2184 ſa
1880 2068 2070 2184 partie.

1109 2256 1122 2349 E
1250 2256 1494 2349 Cercle
1545 2256 1674 2349 tire
1725 2256 1763 2349 ſa
1828 2256 2097 2349 ſource
2161 2256 2212 2349 du
2315 2256 2533 2349 Cercl.
2636 2256 2725 2349 N.1.

1136 2381 1136 2497 &
1205 2381 1264 2497 du
1357 2381 2077 2497 Commencement
2147 2381 2205 2497 de
2252 2381 2705 2497 l’operation

1140 2506 1140 2615 &
1223 2506 1425 2615 Cerc.
1532 2506 1639 2615 N.2,
1699 2506 1746 2615 Ou
1865 2506 2496 2615 ALEXANDRE
2568 2506 2722 2615 eſle-

1079 2626 1146 2743 ve
1213 2626 1617 2743 enſemble
1661 2626 1762 2743 les
1829 2626 2020 2743 deux
2065 2626 2356 2743 lames,
2401 2626 2726 2743 portant

622 2742 669 2865 en
751 2742 974 2865 avant
1021 2742 1068 2865 le
1127 2742 1303 2865 pied
1385 2742 1702 2865 gauche,
1749 2742 1796 2865 en
1867 2742 2243 2865 tournant
2290 2742 2337 2865 le
2407 2742 2654 2865 corps,
2677 2742 2713 2865 il

623 2874 966 2995 pourſuit
1037 2874 1107 2995 de
1155 2874 1249 2995 les
1320 2874 1592 2995 eſlever
1651 2874 1839 2995 pour
1899 2874 2253 2995 ſubjeter
2312 2874 2477 2995 celle
2548 2874 2607 2995 de
2666 2874 2701 2995 ſa

614 2995 907 3117 partie;
980 2995 1273 3117 comme
1322 2995 1359 3117 il
1420 2995 1493 3117 eſt
1578 2995 1859 3117 declaré
1920 2995 1969 3117 au
2067 2995 2189 3117 di
2287 2995 2556 3117 Cercle.
2604 2995 2714 3117 icy

656 3121 656 3234 Z
725 3121 818 3234 AC
899 3121 1201 3234 HARIE
1271 3121 1329 3234 au
1433 3121 1688 3234 meſme
1758 3121 2001 3234 temps
2082 3121 2361 3234 marche
2430 3121 2477 3234 du
2546 3121 2720 3234 pied

634 3242 865 3363 droi
946 3242 992 3363 en
1085 3242 1432 3363 dedans,
1537 3242 2115 3363 abandonnant
2173 3242 2220 3363 la
2289 3242 2474 3363 lame
2544 3242 2602 3363 de
2671 3242 2717 3363 ſa

607 3363 852 3485 partie
910 3363 1027 3485 par
1073 3363 1120 3485 le
1178 3363 1831 3485 tournoyement
1901 3363 1948 3485 du
2018 3363 2239 3485 bras,
2309 3363 2426 3485 luy
2496 3363 2718 3485 tirant

611 3488 793 3607 avec
850 3488 884 3607 la
964 3488 1248 3607 courbe
1317 3488 1794 3607 embrocade
1840 3488 1897 3607 au
1976 3488 2249 3607 viſage.
2340 3488 2727 3607 ALEXAN-

633 3615 765 3728 DRE
831 3615 953 3728 s’en
1030 3615 1582 3728 appercevant
1648 3615 1758 3728 par
1825 3615 1869 3728 le
1924 3615 2343 3728 ſentiment
2399 3615 2454 3728 au
2531 3615 2719 3728 com-

642 3737 1148 3847 mencement
1222 3737 1274 3847 du
1369 3737 1886 3847 mouvement
1949 3737 2002 3847 du
2075 3737 2276 3847 bras,
2349 3737 2729 3847 tournant

615 3858 674 3974 le
745 3858 971 3974 bras,
1042 3858 1089 3974 la
1172 3858 1469 3974 paulme
1552 3858 1599 3974 la
1706 3858 1860 3974 main
2003 3858 2003 3974 &
2074 3858 2335 3974 l’eſpée
2418 3858 2465 3974 en
2548 3858 2726 3974 haut

630 3982 893 4096 contre
940 3982 988 4096 la
1036 3982 1239 4096 lame
1311 3982 1370 4096 de
1442 3982 1490 4096 ſa
1561 3982 1872 4096 partie,
1943 3982 1979 4096 il
2039 3982 2086 4096 la
2158 3982 2373 4096 ſaiſiſt
2433 3982 2612 4096 avec
2683 3982 2719 4096 la

616 4105 970 4220 branche
1017 4105 1453 4220 interieure
1524 4105 1583 4220 de
1630 4105 1677 4220 ſa
1748 4105 2019 4220 garde;
2113 4105 2278 4220 puis
2360 4105 2726 4220 graduant

613 4228 793 4340 avec
860 4228 1400 4340 avancement
1478 4228 1534 4340 du
1613 4228 1815 4340 coſté
1872 4228 2085 4340 droit,
2175 4228 2186 4340 &
2231 4228 2580 4340 plantant
2647 4228 2748 4340 en-

616 4350 902 4469 ſemble
949 4350 1009 4469 le
1057 4350 1235 4469 pied
1295 4350 1581 4469 gauche
1652 4350 1973 4469 encores
2033 4350 2259 4469 eſlevé
2307 4350 2640 4469 pardeça
2688 4350 2736 4469 le

666 4474 1044 4590 Diametre
1093 4474 1105 4590 à
1166 4474 1202 4590 la
1263 4474 1495 4590 lettre
1616 4474 1665 4590 N,
1738 4474 1763 4590 il
1811 4474 2177 4590 preſente
2238 4474 2286 4590 la
2347 4474 2615 4590 pointe
2676 4474 2749 4590 de

619 4594 653 4710 ſa
712 4594 909 4710 lame
979 4594 1176 4710 d’une
1246 4594 1513 4710 contre
1572 4594 1862 4710 courbe
1909 4594 1967 4710 au
2060 4594 2292 4710 viſage
2350 4594 2420 4710 de
2478 4594 2524 4710 ſa
2594 4594 2745 4710 par-

627 4716 723 4855 tie
771 4716 986 4855 uſant
1058 4716 1118 4855 de
1189 4716 1644 4855 courtoiſie;
1704 4716 2003 4855 comme
2051 4716 2074 4855 il
2134 4716 2218 4855 eſt
2302 4716 2744 4855 demonſtré

629 4855 775 4971 aux
824 4855 1153 4971 figures.

2882 1174 3129 1292 Zacharie
3197 1174 3310 1292 pare
3389 1174 3625 1292 derechef
3682 1174 3715 1292 en
3772 1174 3884 1292 bas.
4020 1174 4301 1292 Alexandre
4369 1174 4549 1292 avance
4628 1174 4650 1292 le
4695 1174 4831 1292 corps
4943 1174 4943 1292 &

2978 1299 3352 1418 abandonnant
3386 1299 3420 1418 la
3465 1299 3590 1418 lame
3647 1299 3681 1418 de
3726 1299 3760 1418 ſa
3805 1299 4021 1418 partie,
4066 1299 4202 1418 porte
4259 1299 4293 1418 la
4350 1299 4509 1418 ſienne
4565 1299 4735 1418 deſſus,
4781 1299 4883 1418 puis
4917 1299 4951 1418 le

2979 1425 3111 1551 bleſſe
3171 1425 3256 1551 d’un
3304 1425 3424 1551 bras
3460 1425 3665 1551 eſtandu
3725 1425 3761 1551 au
3810 1425 3930 1551 coſté
3990 1425 4099 1551 droit
4171 1425 4195 1551 de
4255 1425 4279 1551 la
4327 1425 4532 1551 teſte.

3598 3770 3917 3941 Cercle
4129 3770 4405 3941 N.9.

1358 5070 1683 5246 Cercle
2007 5070 2158 5246 '7.

659 5312 913 5464 Zacharie
971 5312 1133 5464 a’yant
1179 5312 1214 5464 la
1260 5312 1422 5464 pointe
1479 5312 1514 5464 de
1549 5312 1595 5464 ſa
1641 5312 1814 5464 partie
1872 5312 2057 5464 devant
2103 5312 2173 5464 ſes
2230 5312 2404 5464 yenx,
2461 5312 2496 5464 la
2554 5312 2681 5464 paré
2750 5312 2750 5464 à

769 5433 910 5583 droit.
1029 5433 1332 5583 Alexandre
1375 5433 1451 5583 s’en
1505 5433 1829 5583 apercevant
1872 5433 1905 5583 la
1948 5433 2024 5583 luy
2089 5433 2154 5583 met
2219 5433 2446 5583 derechef
2489 5433 2521 5583 en
2576 5433 2749 5583 courbe

775 5585 949 5705 devant
995 5585 1019 5705 le
1065 5585 1321 5705 viſage.

1130 5751 1308 5898 Etuy
1422 5751 1485 5898 cy
1587 5751 1904 5898 reſourd
2005 5751 2068 5898 de
2132 5751 2588 5898 l’operation
2690 5751 2740 5898 du

1144 5879 1383 6018 Cercle
1433 5879 1872 6018 precedent
1998 5879 2035 6018 N.
2123 5879 2161 6018 6.
2287 5879 2751 6018 ZACHARIE

1108 6001 1155 6147 ſe
1250 6001 1533 6147 voyant
1604 6001 1652 6147 la
1734 6001 1995 6147 pointe
2113 6001 2172 6147 de
2231 6001 2267 6147 ſa
2361 6001 2598 6147 partie
2669 6001 2728 6147 au

1130 6126 1403 6271 devant
1465 6126 1515 6271 du
1614 6126 1887 6271 viſage,
1949 6126 1986 6271 la
2073 6126 2234 6271 pare
2296 6126 2308 6271 à
2370 6126 2469 6271 ſon
2568 6126 2754 6271 coſté

653 6252 870 6398 droit.
1065 6252 1602 6398 ALEXANDRE
1671 6252 1797 6398 s’en
1888 6252 2426 6398 appercevant
2483 6252 2758 6398 avance

639 6375 701 6529 au
851 6375 1113 6529 meſme
1213 6375 1475 6529 temps
1537 6375 1587 6529 le
1662 6375 1837 6529 pied
1961 6375 1961 6529 &
2024 6375 2086 6529 le
2174 6375 2348 6529 coſté
2436 6375 2748 6529 gauche,

635 6500 1023 6652 tournant
1070 6500 1117 6652 le
1164 6500 1329 6652 bras
1376 6500 1388 6652 à
1458 6500 1646 6652 coſté
1740 6500 1917 6652 droit
1975 6500 2152 6652 avec
2210 6500 2258 6652 la
2328 6500 2610 6652 paume
2692 6500 2751 6652 de

636 6627 672 6779 la
768 6627 912 6779 main
996 6627 1044 6779 en
1116 6627 1260 6779 bas;
1308 6627 1464 6779 puis
1524 6627 1872 6779 plantant
1908 6627 1968 6779 le
2016 6627 2184 6779 pied
2244 6627 2472 6779 eſlevé
2520 6627 2748 6779 ſoubs

640 6753 691 6904 le
781 6753 1165 6904 Diametre
1216 6753 1229 6904 à
1280 6753 1319 6904 la
1370 6753 1601 6904 lettre
1716 6753 1767 6904 Q,
1844 6753 2241 6904 penchant
2280 6753 2331 6904 le
2395 6753 2613 6904 corps
2664 6753 2766 6904 ſur

3375 4887 3375 5018 E
3489 4887 3718 5018 Cercle
3794 4887 3921 5018 tire
3984 4887 4086 5018 ſon
4187 4887 4479 5018 origine
4555 4887 4606 5018 du
4733 4887 4961 5018 Cercle

3401 5017 3437 5132 N.
3484 5017 3520 5132 1.
3592 5017 3831 5132 eſtant
3890 5017 3950 5132 au
4057 5017 4260 5132 milieu
4380 5017 4439 5132 de
4499 5017 4952 5132 l’operation

3346 5139 3405 5233 du
3512 5139 3750 5233 Cercle
3881 5139 3905 5233 N.
3953 5139 3988 5233 2,
4048 5139 4345 5233 comme
4440 5139 4452 5233 A
4512 5139 4975 5233 LEXANDRE

3339 5254 3566 5387 ayant
3616 5254 3868 5387 planté
3906 5254 3956 5387 le
4019 5254 4182 5387 pied
4245 5254 4535 5387 gauche
4585 5254 4585 5387 à
4635 5254 4673 5387 la
4736 5254 4962 5387 lettre

2935 5380 2992 5506 D,
3027 5380 3247 5506 apres
3293 5380 3490 5506 avoir
3571 5380 3779 5506 porte
3825 5380 3883 5506 le
3929 5380 4160 5506 lames
4218 5380 4264 5506 en
4357 5380 4530 5506 haut
4588 5380 4958 5506 (comme

2891 5498 2928 5627 il
2990 5498 3077 5627 eſt
3152 5498 3462 5627 contenu
3562 5498 3810 5627 audi
3897 5498 4133 5627 Cercle
4257 5498 4295 5627 N.
4344 5498 4431 5627 2.)
4506 5498 4953 5627 ZACHARIE

2888 5624 2944 5751 au
3045 5624 3293 5751 meſme
3395 5624 3890 5751 mouvement
3946 5624 4228 5751 tourne
4273 5624 4329 5751 le
4386 5624 4543 5751 bras
4645 5624 4656 5751 &
4690 5624 4960 5751 l’eſpee

2901 5749 2946 5881 en
3037 5749 3368 5881 courbe,
3470 5749 3652 5881 avec
3709 5749 3755 5881 la
3823 5749 4130 5881 paulme
4222 5749 4279 5881 de
4324 5749 4370 5881 la
4449 5749 4597 5881 main
4677 5749 4723 5881 en
4791 5749 4962 5881 bas,

2896 5869 3082 6003 pour
3132 5869 3405 6003 bleſſer
3467 5869 3504 6003 ſa
3566 5869 3790 6003 partie
3877 5869 4088 6003 d’une
4138 5869 4473 6003 brocade
4548 5869 4598 6003 au
4709 5869 4970 6003 viſage,

2918 5996 3463 6125 ALEXANDRE
3540 5996 3594 6125 le
3692 5996 4194 6125 remarquant
4292 5996 4347 6125 au
4456 5996 4969 6125 commence-

2926 6117 3101 6251 ment
3170 6117 3217 6251 du
3333 6117 3890 6251 mouvement,
3937 6117 4215 6251 avance
4262 6117 4308 6251 le
4390 6117 4552 6251 pied
4645 6117 4831 6251 droit
4947 6117 4959 6251 &

2891 6243 3434 6372 pareillement
3492 6243 3550 6372 le
3608 6243 3816 6372 corps
3873 6243 3920 6372 en
4001 6243 4255 6372 contre
4324 6243 4636 6372 courbe,
4659 6243 4705 6372 la
4763 6243 4960 6372 paul-

2921 6365 3005 6494 me
3077 6365 3137 6494 de
3185 6365 3221 6494 la
3305 6365 3449 6494 main
3533 6365 3581 6494 en
3677 6365 3905 6494 haut,
4024 6365 4084 6494 de
4144 6365 4336 6494 ſorte
4420 6365 4552 6494 que
4624 6365 4660 6494 ſa
4756 6365 4960 6494 garde

2958 6487 2958 6616 &
3018 6487 3054 6616 ſa
3114 6487 3294 6616 lame
3367 6487 3727 6616 viennent
3775 6487 4004 6616 ſoubs
4076 6487 4244 6616 celle
4317 6487 4377 6616 de
4425 6487 4461 6616 ſa
4521 6487 4834 6616 partie,
4882 6487 4978 6616 la-

2908 6614 3157 6747 quelle
3232 6614 3605 6747 graduant
3730 6614 3742 6747 &
3817 6614 4166 6747 ſaiſiſſant
4240 6614 4415 6747 avec
4502 6614 4539 6747 la
4639 6614 4975 6747 branche

2892 6735 3388 6845 interieure,
3475 6735 3499 6845 il
3549 6735 3599 6845 le
3648 6735 3871 6845 bleſſe
3958 6735 4157 6845 d’une
4219 6735 4579 6845 eſtocade
4628 6735 4641 6845 à
4690 6735 4727 6845 la
4789 6735 4963 6845 teſte

4779 6862 4972 6982 plan-

638 329 820 474 ment
906 329 954 474 du
1052 329 1271 474 corps
1417 329 1429 474 &
1514 329 1709 474 coſté
1794 329 1976 474 droit
2037 329 2402 474 avancé,
2499 329 2706 474 aprés

600 469 816 594 avoir
873 469 1191 594 obſervé
1236 469 1509 594 toutes
1577 469 1679 594 les
1759 469 2020 594 choſes
2088 469 2440 594 requiſes
2531 469 2713 594 men-

614 601 977 725 tionnées
1025 601 1086 725 au
1195 601 1437 725 Cercle
1485 601 1969 725 precedent.

3292 1612 3440 1733 ’Eſt
3535 1612 3642 1733 icy
3736 1612 3777 1733 la
3884 1612 4073 1733 ſuite
4181 1612 4234 1733 du
4409 1612 4638 1733 Cercle
4786 1612 4840 1733 N.
4921 1612 4961 1733 7.

3351 1736 3351 1857 Z
3410 1736 3811 1857 ACHARIE
3882 1736 4142 1857 parant
4201 1736 4567 1857 derechef
4649 1736 4696 1857 en
4779 1736 4944 1857 bas,

3334 1860 3882 1976 ALEXANDRE
3958 1860 4068 1976 s’en
4145 1860 4714 1976 appercevant,
4747 1860 4966 1976 avan-

3310 1983 3376 2102 ce
3431 1983 3486 2102 au
3586 1983 3840 2102 meſme
3928 1983 4425 2102 mouvement
4480 1983 4536 2102 le
4624 1983 4834 2102 corps
4944 1983 4955 2102 &

2855 2101 2902 2224 le
2949 2101 3126 2224 pied
3186 2101 3398 2224 droit,
3505 2101 3505 2224 &
3552 2101 4131 2224 abandonnant
4190 2101 4238 2224 la
4297 2101 4486 2224 lame
4569 2101 4628 2224 de
4699 2101 4734 2224 ſa
4817 2101 4971 2224 par-

2861 2224 2981 2348 tie,
3017 2224 3054 2348 il
3102 2224 3307 2348 porte
3355 2224 3391 2348 la
3451 2224 3704 2348 ſienne
3765 2224 4006 2348 deſſus
4054 2224 4355 2348 l’autre,
4391 2224 4645 2348 faiſant
4705 2224 4958 2348 couler

2859 2347 2906 2469 le
2990 2347 3263 2469 poulce
3358 2347 3655 2469 deſſous
3714 2347 3761 2469 la
3845 2347 4177 2469 branche
4260 2347 4700 2469 interieure
4783 2347 4854 2469 de
4913 2347 4961 2469 la

2871 2467 3137 2597 garde,
3210 2467 3561 2597 frappant
3621 2467 3718 2597 ſon
3839 2467 4227 2597 Contraire
4311 2467 4432 2597 d’un
4529 2467 4687 2597 bras
4747 2467 4965 2597 eſtan-

2876 2591 2925 2713 du
2998 2591 3059 2713 au
3144 2591 3326 2713 coſté
3386 2591 3569 2713 droit
3641 2591 3702 2713 de
3751 2591 3787 2713 la
3848 2591 4079 2713 teſte,
4139 2591 4176 2713 en
4273 2591 4625 2713 plantant
4674 2591 4735 2713 le
4807 2591 4977 2713 pied

2874 2716 3101 2843 eſleué
3161 2716 3220 2843 un
3304 2716 3531 2843 grand
3578 2716 3698 2843 pas
3745 2716 3913 2843 hors
3984 2716 4032 2843 du
4139 2716 4414 2843 Cercle,
4462 2716 4509 2843 ſe
4569 2716 4963 2843 penchant

2884 2838 3118 2964 deſſus
3235 2838 3247 2964 &
3305 2838 3668 2964 traiſnant
3762 2838 3868 2964 par
3985 2838 4242 2964 meſme
4336 2838 4582 2964 moyen
4676 2838 4723 2964 le
4817 2838 4969 2964 gau-

2871 2963 2986 3090 che
3078 2963 3124 3090 en
3205 2963 3263 3090 le
3332 2963 3597 3090 faiſant
3666 2963 4000 3090 ſuyvre;
4104 2963 4404 3090 comme
4461 2963 4496 3090 il
4554 2963 4761 3090 apert
4830 2963 4969 3090 aux

2864 3094 3179 3210 figures.

1385 1296 1693 1469 Cercle
1934 1296 2198 1469 N.6.

2903 4064 3193 4187 Alexandre
3238 4064 3394 4187 ayant
3461 4064 3506 4187 au
3595 4064 3751 4187 Cercle
3863 4064 3896 4187 N.
3952 4064 3997 4187 2.
4042 4064 4209 4187 planté
4265 4064 4287 4187 le
4343 4064 4455 4187 pied
4510 4064 4700 4187 gauche
4756 4064 4756 4187 a
4801 4064 4834 4187 la
4879 4064 4968 4187 let-

2989 4187 3064 4299 tre
3149 4187 3192 4299 D,
3246 4187 3385 4299 apres
3438 4187 3567 4299 avoir
3620 4187 3759 4299 porté
3802 4187 3855 4299 les
3898 4187 4058 4299 lames
4101 4187 4133 4299 en
4187 4187 4337 4299 haut,
4401 4187 4647 4299 Lacharie
4700 4187 4743 4299 au
4818 4187 4968 4299 meſme

3014 4309 3325 4427 mouvement
3368 4309 3551 4427 tourne
3583 4309 3616 4427 le
3659 4309 3777 4427 bras
3863 4309 3863 4427 &
3927 4309 4121 4427 l’eſpee
4164 4309 4196 4427 en
4239 4309 4454 4427 courbe,
4497 4309 4615 4427 pour
4658 4309 4830 4427 bleſſer
4884 4309 4981 4427 d’u-

2992 4433 3034 4547 ne
3077 4433 3299 4547 brocade
3342 4433 3374 4547 ſa
3427 4433 3586 4547 partie
3639 4433 3682 4547 au
3745 4433 4043 4547 viſag,
4170 4433 4467 4547 Alexandre
4520 4433 4552 4547 le
4616 4433 4966 4547 remarquant

3001 4553 3175 4672 tourne
3222 4553 3257 4672 le
3292 4553 3408 4672 bras
3501 4553 3501 4672 &
3559 4553 3734 4672 l’eſpee
3769 4553 3804 4672 en
3850 4553 4130 4672 contraire
4176 4553 4374 4672 courbe,
4491 4553 4491 4672 &
4537 4553 4572 4672 en
4630 4553 4677 4672 fin
4735 4553 4770 4672 le
4828 4553 4968 4672 bleſſe

3013 4679 3151 4787 d’une
3186 4679 3417 4787 eſtocade
3475 4679 3475 4787 à
3521 4679 3556 4787 la
3602 4679 3752 4787 teſte.

3557 866 3867 1054 Cercle
4176 866 4353 1054 W8.
