5520 7640
3562 342 3877 508 Cercle
4080 342 4417 508 N.12.

3585 3510 3901 3689 Cercle
4126 3510 4420 3689 N.13.

1077 2214 1163 2333 AC
1248 2214 1480 2333 HARIE
1554 2214 1859 2333 s’eſtant
1945 2214 2043 2333 mis
2104 2214 2153 2333 en
2226 2214 2593 2333 poſture,
2654 2214 2703 2333 le

1046 2341 1221 2466 pied
1308 2341 1483 2466 droit
1533 2341 1720 2466 avec
1758 2341 1820 2466 le
1895 2341 2120 2466 genou
2195 2341 2419 2466 ployé
2494 2341 2594 2466 ſur
2657 2341 2694 2466 la

1081 2460 1711 2570 Circonference
1773 2460 1785 2570 à
1834 2460 1871 2570 la
1933 2460 2168 2570 lettre
2266 2460 2353 2570 X,
2451 2460 2711 2570 faiſant

1045 2591 1391 2709 pencher
1437 2591 1495 2709 le
1564 2591 1771 2709 corps
1840 2591 1887 2709 en
1967 2591 2186 2709 avant
2267 2591 2371 2709 ſur
2417 2591 2705 2709 iceluy,

586 2713 633 2833 le
715 2713 1008 2833 gauche
1055 2713 1126 2833 un
1196 2713 1313 2833 pas
1384 2713 1431 2833 en
1513 2713 1794 2833 arriere
1876 2713 2357 2833 reſpondant
2439 2713 2627 2833 droit
2697 2713 2697 2833 à

584 2838 632 2955 la
692 2838 956 2955 pointe
1064 2838 1112 2955 du
1268 2838 1616 2955 Quadrat,
1700 2838 2013 2955 mettant
2049 2838 2097 2955 la
2181 2838 2325 2955 main
2421 2838 2709 2955 gauche

610 2961 797 3078 quaſi
844 2961 844 3078 à
903 2961 938 3078 la
997 2961 1337 3078 hauteur
1407 2961 1466 3078 de
1513 2961 1560 3078 la
1619 2961 1841 3078 teſte,
1877 2961 2252 3078 tournant
2311 2961 2346 3078 la
2404 2961 2710 3078 paulme

610 3085 669 3201 de
716 3085 752 3201 la
847 3085 989 3201 main
1108 3085 1120 3201 &
1167 3085 1203 3201 la
1274 3085 1535 3201 pointe
1618 3085 1678 3201 de
1737 3085 2010 3201 l’eſpee
2069 3085 2236 3201 vers
2271 3085 2330 3201 le
2390 3085 2556 3201 bas,
2639 3085 2687 3201 en

592 3212 916 3325 croiſant
974 3212 1031 3325 le
1124 3212 1540 3325 Diametre,
1587 3212 1911 3325 portant
1957 3212 2003 3325 le
2061 3212 2223 3325 bras
2327 3212 2339 3325 &
2396 3212 2431 3325 la
2535 3212 2686 3325 main

600 3334 880 3453 gauche
950 3334 996 3453 au
1090 3334 1370 3453 devant
1416 3334 1451 3453 la
1521 3334 1918 3453 poitrine,
1976 3334 2395 3453 attandant
2454 3334 2617 3453 ainſi
2664 3334 2710 3453 ſa

589 3461 869 3577 partie.
1055 3461 1602 3577 ALEXANDRE
1695 3461 2184 3577 travaillantà
2230 3461 2719 3577 l’encontre,

618 3586 740 3702 met
788 3586 837 3702 le
886 3586 1056 3702 pied
1129 3586 1312 3702 droit
1372 3586 1470 3702 ſur
1518 3586 1555 3702 la
1652 3586 2261 3702 Circonference
2322 3586 2334 3702 à
2383 3586 2431 3702 la
2480 3586 2711 3702 lettre

623 3712 672 3829 C,
709 3712 1028 3829 portant
1090 3712 1188 3829 ſon
1287 3712 1496 3829 eſpée
1582 3712 1704 3829 d’un
1803 3712 1963 3829 bras
2036 3712 2344 3829 eſtandu
2430 3712 2528 3829 ſur
2602 3712 2700 3829 ſon

594 3835 783 3959 coſté
854 3835 1043 3959 droit
1102 3835 1161 3959 en
1244 3835 1528 3959 avant,
1587 3835 1977 3959 avançant
2036 3835 2095 3959 le
2154 3835 2331 3959 pied
2414 3835 2709 3959 gauche

587 3961 623 4077 il
694 3961 885 4077 mene
945 3961 1040 4077 ſon
1124 3961 1338 4077 eſpee
1398 3961 1446 4077 en
1553 3961 2161 4077 Circonference
2244 3961 2304 4077 de
2376 3961 2554 4077 haut
2650 3961 2697 4077 en

590 4085 760 4187 bas,
893 4085 1208 4187 mettant
1269 4085 1317 4187 le
1451 4085 1487 4187 N.
1548 4085 1584 4187 5.
1657 4085 1936 4187 d’icelle
1996 4085 2057 4187 au
2190 4085 2226 4187 N.
2299 4085 2336 4187 6.
2408 4085 2469 4187 de
2542 4085 2711 4187 celle

613 4209 673 4327 de
744 4209 791 4327 ſa
874 4209 1111 4327 partie
1217 4209 1348 4327 d’un
1454 4209 1620 4327 bras
1727 4209 2283 4327 moderement
2366 4209 2721 4327 eſtandu,

593 4334 947 4453 plantant
996 4334 1044 4453 le
1106 4334 1277 4453 pied
1338 4334 1570 4453 eſlevé
1631 4334 1741 4453 par
1814 4334 1985 4453 deça
2046 4334 2095 4453 le
2193 4334 2571 4453 Diametre
2620 4334 2718 4453 ſur

592 4459 630 4580 la
679 4459 889 4580 ligne
988 4459 988 4580 D
1100 4459 1496 4580 Gdreſſant
1545 4459 1595 4580 le
1657 4459 1892 4580 corps;
1941 4459 2238 4580 comme
2288 4459 2325 4580 il
2387 4459 2461 4580 eſt
2536 4459 2721 4580 mon-

589 4584 728 4705 ſtré
779 4584 918 4705 aux
982 4584 1311 4705 figures.

3372 4514 3542 4639 Etuy
3607 4514 3673 4639 cy
3725 4514 3869 4639 ſort
3947 4514 4000 4639 de
4052 4514 4496 4639 l’operation
4588 4514 4640 4639 du
4745 4514 4993 4639 Cercle

3389 4643 3424 4760 N.
3482 4643 3552 4760 11,
3669 4643 3693 4760 A
3751 4643 4208 4760 LEXANDRE
4289 4643 4582 4760 entrant
4676 4643 4722 4760 du
4816 4643 4991 4760 pied

3341 4766 3522 4884 droit
3570 4766 3764 4884 pour
3824 4766 4138 4884 ſujetter
4186 4766 4452 4884 l’eſpee
4524 4766 4585 4884 de
4633 4766 4742 4884 ſon
4826 4766 4995 4884 con-

3326 4893 3601 4986 traire,
3739 4893 4164 4986 ZAcHARIE
4244 4893 4462 4986 retire
4531 4893 4589 4986 le
4658 4893 4830 4986 haut
4910 4893 4967 4986 du

2875 5014 3091 5134 corps
3139 5014 3247 5134 ſur
3284 5014 3344 5134 le
3392 5014 3572 5134 pied
3632 5014 3981 5134 gauche,
4029 5014 4618 5134 abandonnant
4679 5014 4727 5134 la
4799 5014 4991 5134 lame

2885 5137 2943 5259 de
2990 5137 3036 5259 ſa
3094 5137 3385 5259 partie,
3444 5137 3851 5259 ramenant
3909 5137 3956 5259 la
4026 5137 4282 5259 ſienne
4363 5137 4514 5259 vers
4573 5137 4677 5259 ſon
4794 5137 4991 5259 coſté

2881 5261 3243 5386 gauche,
3343 5261 3693 5386 hauſſant
3756 5261 3793 5386 la
3881 5261 4106 5386 garde
4168 5261 4356 5386 pour
4431 5261 4706 5386 bleſſer
4781 5261 4994 5386 d’une

2881 5389 3167 5505 courbe
3238 5389 3583 5505 brocade
3631 5389 3667 5505 ſa
3738 5389 3976 5505 partie
4024 5389 4024 5505 à
4071 5389 4119 5505 la
4179 5389 4369 5505 face,
4405 5389 4512 5505 par
4560 5389 4619 5505 le
4691 5389 4750 5505 de
4810 5389 5000 5505 hors

2896 5511 3130 5634 deſſus
3180 5511 3229 5634 le
3278 5511 3439 5634 bras
3562 5511 3575 5634 &
3636 5511 3957 5634 l’eſpee.
4093 5511 4648 5634 ALEXANDRE
4735 5511 5006 5634 s’aper-

2887 5632 3158 5755 cevant
3207 5632 3330 5755 par
3392 5632 4068 5755 l’afoibliſſement
4154 5632 4216 5755 de
4290 5632 4560 5755 l’eſpee
4646 5632 4696 5755 du
4831 5632 5003 5755 Con-

2874 5759 3104 5886 traire
3165 5759 3322 5886 qu’il
3371 5759 3371 5886 à
3419 5759 3807 5886 intention
3892 5759 3965 5886 de
4013 5759 4049 5886 la
4146 5759 4595 5886 deſtacher,
4655 5759 4704 5886 le
4764 5759 4994 5886 pour-

2869 5886 2999 5989 ſuit
3053 5886 3107 5989 au
3194 5886 3909 5989 commencement
3996 5886 4039 5989 du
4158 5886 4754 5989 mouvement,
4830 5886 5004 5989 l’ac-

2888 6011 3435 6132 compagnant
3483 6011 3811 6132 juſques
3884 6011 3884 6132 à
3969 6011 4029 6132 ce
4102 6011 4224 6132 que
4296 6011 4394 6132 ſon
4479 6011 4685 6132 eſpee
4758 6011 5000 6132 eſtant

2900 6130 3255 6258 deſſoubs
3316 6130 3487 6258 cellé
3560 6130 3621 6258 de
3695 6130 3732 6258 ſa
3805 6130 4111 6258 partie,
4221 6130 4428 6258 viene
4490 6130 4490 6258 à
4563 6130 4991 6258 reſpondre

2893 6259 2965 6382 de
3013 6259 3061 6382 ſa
3121 6259 3385 6382 pointe
3433 6259 3445 6382 à
3493 6259 3541 6382 la
3613 6259 3781 6382 veüe
3853 6259 4214 6382 d’iceluy,
4310 6259 4622 6382 dreſſant
4670 6259 4730 6382 au
4838 6259 4994 6382 meſ-

2909 6386 2996 6508 me
3046 6386 3308 6508 temps
3346 6386 3395 6508 le
3458 6386 3620 6508 bras
3720 6386 3732 6508 &
3782 6386 4057 6508 l’eſpee
4119 6386 4169 6508 en
4256 6386 4506 6508 droite
4543 6386 4818 6508 ligne,
4980 6386 4993 6508 &

2879 6511 3207 6635 avãçant
3256 6511 3316 6635 le
3377 6511 3584 6635 corps
3644 6511 3826 6635 avec
3863 6511 3911 6635 le
3972 6511 4142 6635 pied
4203 6511 4434 6635 droit,
4482 6511 4531 6635 en
4616 6511 4992 6635 graduant

2886 6632 2985 6758 les
3034 6632 3268 6758 lames
3317 6632 3354 6758 il
3391 6632 3625 6758 bleſſe
3674 6632 3773 6758 ſon
3884 6632 4266 6758 Contraire
4327 6632 4377 6758 au
4463 6632 4734 6758 viſage,
4771 6632 4993 6758 avant

2897 6761 3060 6889 qu’il
3122 6761 3260 6889 aye
3335 6761 3385 6889 eu
3472 6761 3522 6889 le
3597 6761 3859 6889 temps
3947 6761 4009 6889 de
4084 6761 4347 6889 dreſſer
4409 6761 4459 6889 le
4534 6761 4746 6889 corps
4796 6761 4996 6889 pour

4624 6917 4997 6988 executer

1335 1207 1652 1395 Cercle
1901 1207 2195 1395 N.10.

1107 5349 1653 5468 LEXANDRE
1736 5349 2295 5468 pourſuyvant
2402 5349 2722 5468 l’opera-

1068 5470 1210 5588 tion
1280 5470 1789 5588 precedente
1848 5470 1907 5588 du
2025 5470 2262 5588 Cercle
2368 5470 2404 5588 N.
2451 5470 2569 5588 10.
2617 5470 2735 5588 en-

1066 5594 1164 5714 tre
1238 5594 1287 5714 du
1361 5594 1533 5714 pied
1607 5594 1829 5714 droit,
1927 5594 2456 5714 tranſportant
2579 5594 2579 5714 &
2628 5594 2739 5714 ſu-

1056 5720 1348 5839 jettant
1418 5720 1453 5839 la
1523 5720 1721 5839 lame
1814 5720 1873 5839 de
1954 5720 2001 5839 ſa
2094 5720 2328 5839 partie
2433 5720 2724 5839 comme

611 5846 661 5963 au
799 5846 1037 5963 Cercle
1162 5846 1199 5963 N.
1262 5846 1312 5963 2,
1362 5846 1525 5963 puis
1575 5846 1937 5963 plantant
1988 5846 2038 5963 le
2088 5846 2263 5963 pied
2325 5846 2551 5963 eſlevé
2613 5846 2726 5963 par

629 5969 801 6092 deça
851 5969 900 6092 le
998 5969 1380 6092 Diametre
1430 5969 1442 6092 à
1491 5969 1725 6092 lettre
1836 5969 1886 6092 M,
1923 5969 1972 6092 le
2046 5969 2342 6092 gauche
2391 5969 2724 6092 ſuyvant

617 6093 1297 6215 circulairement,
1345 6093 1810 6215 preſentant
1870 6093 1930 6215 le
2013 6093 2192 6215 coſté
2287 6093 2574 6215 gauche
2657 6093 2705 6215 en

615 6219 832 6341 avant
883 6219 921 6341 il
985 6219 1202 6341 dreſſe
1253 6219 1304 6341 le
1368 6219 1585 6341 corps
1623 6219 1725 6341 ſur
1789 6219 1840 6341 le
1916 6219 2095 6341 pied
2171 6219 2363 6341 droit
2439 6219 2720 6341 planté;

632 6347 928 6468 comme
977 6347 1014 6468 il
1064 6347 1113 6468 ſe
1175 6347 1323 6468 voit
1373 6347 1496 6468 par
1545 6347 1644 6468 les
1694 6347 2027 6468 figures.

3346 1167 3346 1288 E
3485 1167 3725 1288 Cercle
3826 1167 4180 1288 contient
4255 1167 4293 1288 la
4394 1167 4799 1288 pourſuite
4963 1167 4976 1288 &

3299 1292 3771 1411 l’execution
3889 1292 3936 1411 du
4042 1292 4490 1411 precedent
4620 1292 4655 1411 N.
4714 1292 4797 1411 11.
4915 1292 4985 1411 A-

3313 1414 3801 1536 LEXANDRE
3861 1414 4195 1536 baiſſant
4242 1414 4314 1536 un
4385 1414 4504 1536 peu
4588 1414 4635 1536 la
4695 1414 4969 1536 pointe

3320 1541 3426 1660 des
3473 1541 3756 1660 lames,
3827 1541 4110 1660 marche
4181 1541 4228 1660 en
4310 1541 4605 1660 dedans
4676 1541 4723 1660 du
4794 1541 4971 1660 pied

2869 1664 3049 1791 droit
3097 1664 3482 1791 avançant
3542 1664 3590 1791 le
3650 1664 3854 1791 coſté
3914 1664 4131 1791 droit,
4251 1664 4251 1791 &
4335 1664 4647 1791 mettant
4720 1664 4768 1791 le
4828 1664 4972 1791 fort

2863 1790 2921 1917 de
2979 1790 3072 1917 ſon
3165 1790 3363 1917 eſpee
3421 1790 3561 1917 aux
3630 1790 4014 1917 moindres
4072 1790 4456 1917 nombres
4526 1790 4584 1917 de
4654 1790 4968 1917 cellede

2842 1916 2878 2041 ſa
2950 1916 3263 2041 partie,
3383 1916 3431 2041 en
3515 1916 3551 2041 la
3647 1916 4020 2041 graduant
4092 1916 4128 2041 il
4189 1916 4477 2041 tourne
4525 1916 4573 2041 la
4658 1916 4970 2041 paulme

2850 2039 2920 2144 de
2967 2039 3014 2144 la
3118 2039 3258 2144 main
3340 2039 3386 2144 en
3456 2039 3678 2144 haut,
3713 2039 4062 2144 ſaiſiſſant
4121 2039 4295 2144 avec
4342 2039 4389 2144 la
4459 2039 4808 2144 branche
4866 2039 4971 2144 ex-

2844 2165 3183 2290 terieure
3258 2165 3321 2290 de
3384 2165 3421 2290 ſa
3496 2165 3710 2290 garde
3760 2165 3810 2290 la
3860 2165 4048 2290 lame
4124 2165 4186 2290 de
4237 2165 4274 2290 ſa
4337 2165 4638 2290 partie,
4688 2165 4738 2290 le
4788 2165 4977 2290 bleſ-

2836 2288 2991 2414 ſant
3039 2288 3051 2414 à
3099 2288 3147 2414 la
3206 2288 3493 2414 cheute
3565 2288 3612 2414 du
3696 2288 3911 2414 corps
3982 2288 4185 2414 d’une
4245 2288 4615 2414 eſtocade
4663 2288 4842 2414 tirée
4902 2288 4950 2414 en

2847 2415 3171 2539 rigueur
3219 2415 3231 2539 à
3291 2415 3579 2539 travers
3639 2415 3675 2539 la
3735 2415 4119 2539 poitrine,
4191 2415 4360 2539 puis
4420 2415 4648 2539 ayant
4708 2415 4972 2539 planté

2845 2538 2895 2658 le
2945 2538 3118 2658 pied
3180 2538 3416 2658 eſlevé
3465 2538 3701 2658 ſoubs
3738 2538 3788 2658 le
3887 2538 4271 2658 Diametre
4321 2538 4333 2658 à
4383 2538 4433 2658 la
4482 2538 4718 2658 lettre
4804 2538 4879 2658 T,
4941 2538 4978 2658 il

2846 2660 3044 2791 laiſſe
3105 2660 3352 2791 ſuivre
3401 2660 3451 2791 le
3512 2660 3809 2791 gauche
3858 2660 3870 2791 à
3920 2660 3969 2791 la
4018 2660 4253 2791 lettre
4376 2660 4438 2791 N;
4512 2660 4808 2791 comme
4882 2660 4981 2791 les

2846 2789 3136 2909 figures
3221 2789 3669 2909 monſtrent.

1275 4847 1596 5033 Cercle
1825 4847 2100 5033 N.11.

854 5136 1153 5251 Alexandre
1187 5136 1555 5251 pourſuyvant
1589 5136 1784 5251 ſujette
1830 5136 1865 5251 la
1911 5136 2037 5251 lame
2094 5136 2129 5251 de
2175 5136 2209 5251 ſa
2255 5136 2450 5251 partie.

603 281 955 421 plantant
1007 281 1059 421 le
1111 281 1294 421 pied
1346 281 1581 421 eſlevé
1620 281 1724 421 fur
1776 281 1829 421 le
1920 281 2194 421 Centre
2285 281 2337 421 du
2455 281 2689 421 Cercle

661 410 661 545 &
724 410 1102 545 traiſnant
1140 410 1203 545 le
1266 410 1581 545 gauche,
1644 410 1883 545 deſſus
1921 410 1971 545 le
2072 410 2450 545 Diametre
2501 410 2702 545 envi-

611 539 712 662 ron
775 539 813 662 la
876 539 1103 662 lettre
1217 539 1268 662 G;
1331 539 1634 662 comme
1671 539 1709 662 la
1772 539 2025 662 figure
2113 539 2454 662 monſtré.

2883 598 3180 722 Alexandre
3239 598 3394 722 baiſſe
3453 598 3489 722 un
3536 598 3619 722 peu
3667 598 3702 722 la
3750 598 3916 722 pointe
3975 598 4047 722 des
4106 598 4308 722 lames,
4426 598 4426 722 &
4521 598 4735 722 mettant
4782 598 4818 722 le
4865 598 4972 722 fort

2984 725 3017 840 de
3051 725 3095 840 la
3128 725 3284 840 ſienne
3339 725 3439 840 aux
3494 725 3749 840 moindres
3849 725 4082 840 Nombres
4137 725 4171 840 de
4215 725 4326 840 celle
4381 725 4415 840 de
4459 725 4503 840 ſa
4570 725 4792 840 partie,
4847 725 4880 840 en
4936 725 4969 840 la

2974 848 3245 972 graduant
3282 848 3319 972 il
3356 848 3393 972 la
3442 848 3590 972 ſaiſiſt
3664 848 3701 972 de
3750 848 3787 972 ſa
3836 848 4058 972 branche
4095 848 4439 972 exterieure,
4464 848 4501 972 le
4538 848 4760 972 bleſſant
4821 848 4821 972 à
4871 848 4981 972 tra-

2971 981 3078 1097 vers
3110 981 3153 1097 la
3196 981 3506 1097 poitrine.

2886 3790 3182 3922 Alexandre
3229 3790 3442 3922 entrant
3513 3790 3536 3922 du
3595 3790 3702 3922 pied
3749 3790 3879 3922 droit
3926 3790 4045 3922 pour
4080 3790 4305 3922 ſujetter
4352 3790 4529 3922 l’eſpee
4600 3790 4636 3922 de
4683 3790 4718 3922 ſa
4766 3790 4967 3922 partie,

3017 3917 3265 4035 Zacharie
3319 3917 3621 4035 abandonne
3664 3917 3696 4035 la
3750 3917 3869 4035 lame
3933 3917 3966 4035 de
4009 3917 4074 4035 ſon
4160 3917 4526 4035 Contraire,
4602 3917 4893 4035 ramenant
4957 3917 4989 4035 la

2974 4042 3130 4167 ſienne
3178 4042 3286 4167 vers
3334 4042 3394 4167 ſon
3454 4042 3574 4167 coſté
3622 4042 3814 4167 gauche
3862 4042 3982 4167 pour
4030 4042 4054 4167 le
4102 4042 4246 4167 bleſſe
4306 4042 4306 4167 à
4366 4042 4402 4167 la
4450 4042 4594 4167 face:
4702 4042 4991 4167 Alexandre

2982 4166 3063 4295 s’en
3109 4166 3490 4295 appercevant
3548 4166 3825 4295 graduant
3859 4166 3929 4295 les
3975 4166 4137 4295 lames
4171 4166 4206 4295 le
4252 4166 4391 4295 bleſſe
4437 4166 4483 4295 au
4541 4166 4749 4295 viſage,
4818 4166 4922 4295 puis
4968 4166 4991 4295 le

2970 4295 3115 4415 perce
3159 4295 3171 4415 à
3215 4295 3438 4415 travers
3482 4295 3516 4415 la
3560 4295 3760 4415 teſte.

628 1500 873 1622 Zacharie
908 1500 1072 1622 ſemet
1118 1500 1154 1622 en
1200 1500 1434 1622 nouvelle
1480 1500 1702 1622 poſture,
1725 1500 1959 1622 croiſant
2017 1500 2052 1622 de
2087 1500 2122 1622 la
2169 1500 2332 1622 pointe
2391 1500 2414 1622 de
2461 1500 2519 1622 ſon
2566 1500 2706 1622 eſpee

707 1625 740 1749 le
819 1625 1190 1749 Diametre,
1224 1625 1449 1749 portant
1505 1625 1538 1749 le
1595 1625 1707 1749 bras
1819 1625 1819 1749 &
1887 1625 1921 1749 la
1999 1625 2112 1749 maix
2190 1625 2381 1749 gauche
2438 1625 2696 1749 devantla

706 1749 1002 1870 poitrine,
1116 1749 1412 1870 Alexandre
1480 1749 1663 1870 avance
1742 1749 1799 1870 ſon
1868 1749 1993 1870 eſpee
2073 1749 2164 1870 d’un
2232 1749 2335 1870 bras
2403 1749 2608 1870 eſtandu
2688 1749 2688 1870 à

729 1862 923 1995 droite,
969 1862 1003 1995 la
1071 1862 1288 1995 mettant
1333 1862 1368 1995 le
1459 1862 1493 1995 N.
1539 1862 1584 1995 5.
1630 1862 1664 1995 au
1789 1862 1823 1995 N.
1880 1862 1926 1995 6.
2006 1862 2040 1995 de
2086 1862 2200 1995 celle
2257 1862 2291 1995 de
2348 1862 2393 1995 ſa
2439 1862 2610 1995 partie
2656 1862 2690 1995 en

702 1994 778 2120 bas
854 1994 1189 2120 moderement
1233 1994 1503 2120 eſtandus.
