5520 7640
3598 1311 3903 1481 Cercle
4143 1311 4405 1481 N.1.

635 1727 893 1854 Zacharie
929 1727 1023 1854 tire
1070 1727 1152 1854 une
1199 1727 1422 1854 eſtocade
1469 1727 1480 1854 à
1527 1727 1563 1854 ſa
1610 1727 1821 1854 partie,
1927 1727 2220 1854 Alexandre
2279 1727 2490 1854 s’eſtant
2549 1727 2725 1854 planté

738 1849 802 1981 ſur
853 1849 879 1981 le
917 1849 1032 1981 pied
1096 1849 1288 1981 gauche
1327 1849 1557 1981 l’eſuite,
1608 1849 1710 1981 puis
1749 1849 1902 1981 ſaiſiſt
1992 1849 2005 1981 &
2056 1849 2350 1981 aſſuiettiſt
2388 1849 2427 1981 en
2478 1849 2644 1981 partie
2683 1849 2721 1981 la

725 1979 850 2091 lame
906 1979 940 2091 de
985 1979 1031 2091 ſa
1076 1979 1336 2091 partie.

1107 2165 1107 2285 E
1248 2165 1493 2285 Cercle
1552 2165 1669 2285 icy
1739 2165 1821 2285 eſt
1903 2165 2301 2285 conforme
2371 2165 2430 2285 au
2523 2165 2711 2285 com-

1104 2290 1589 2409 mencement
1670 2290 1739 2409 de
1786 2290 2236 2409 l’operation
2317 2290 2363 2409 du
2479 2290 2710 2409 Cercle

1127 2412 1162 2530 N.
1198 2412 1280 2530 13.
1316 2412 1647 2530 juſques
1694 2412 1753 2530 au
1812 2412 1942 2530 lieu
2025 2412 2073 2530 ou
2203 2412 2203 2530 Z
2262 2412 2652 2530 ACHARIE
2699 2412 2711 2530 a

1067 2536 1287 2659 retiré
1336 2536 1385 2659 le
1446 2536 1666 2659 corps
1727 2536 1825 2659 ſur
1874 2536 1922 2659 le
1984 2536 2155 2659 pied
2216 2536 2546 2659 gauche,
2705 2536 2717 2659 &

638 2657 650 2775 A
710 2657 1176 2775 LEXANDRE
1248 2657 1403 2775 s’eſt
1451 2657 1643 2775 ſervi
1702 2657 1762 2775 de
1810 2657 1858 2775 la
1918 2657 2324 2775 pourſuite
2384 2657 2456 2775 de
2515 2657 2563 2775 la
2623 2657 2719 2775 la-

629 2783 739 2898 me,
794 2783 982 2898 pour
1048 2783 1435 2898 executer
1490 2783 1931 2898 l’operation
2031 2783 2428 2898 contenue
2494 2783 2704 2898 audit

632 2906 908 3023 Cercle:
977 2906 1126 3023 mais
1183 2906 1481 3023 pource
1562 2906 1722 3023 qu’A
1791 2906 2250 3023 LEXANDRE
2308 2906 2353 3023 en
2434 2906 2709 3023 ceCer-

608 3029 694 3145 cle
748 3029 834 3145 n’a
898 3029 1016 3145 pas
1080 3029 1220 3145 pris
1295 3029 1349 3145 au
1456 3029 2164 3145 commencement
2250 3029 2303 3145 du
2411 3029 2711 3145 mouve-

633 3145 805 3269 ment
885 3145 942 3269 de
999 3145 1045 3269 ſa
1102 3145 1342 3269 partie
1434 3145 1731 3269 comme
1811 3145 2109 3269 deſſus,
2257 3145 2703 3269 ZACHARIE

600 3273 734 3393 tire
783 3273 1208 3393 l’eſtocade
1281 3273 1439 3393 qu’il
1476 3273 1780 3393 penſoit
1828 3273 1998 3393 tirer
2047 3273 2254 3393 audit
2339 3273 2570 3393 Cercle
2643 3273 2679 3393 en

602 3397 831 3515 tierce
888 3397 1071 3515 hors
1128 3397 1185 3515 du
1253 3397 1448 3515 bras.
1528 3397 2076 3515 ALEXANDRE
2156 3397 2453 3515 S’eſtant
2510 3397 2716 3515 plan-

605 3519 654 3641 té
753 3519 987 3641 deſſus
1061 3519 1111 3641 le
1172 3519 1345 3641 pied
1419 3519 1752 3641 gauche,
1863 3519 2160 3641 mettant
2221 3519 2283 3641 le
2332 3519 2567 3641 foible
2641 3519 2703 3641 de

596 3644 703 3765 ſon
774 3644 988 3765 eſpée
1036 3644 1095 3765 au
1178 3644 1321 3765 fort
1392 3644 1451 3765 de
1523 3644 1689 3765 celle
1772 3644 1844 3765 de
1903 3644 1950 3765 ſa
2022 3644 2319 3765 partie,
2426 3644 2699 3765 tourne

595 3767 958 3890 l’eſpaule
1043 3767 1285 3890 droite
1382 3767 1588 3890 (vers
1649 3767 1988 3890 laquelle
2085 3767 2182 3890 ſon
2327 3767 2703 3890 Contraire

622 3889 838 4013 dreſſe
910 3889 959 4013 ſa
1055 3889 1380 4013 pointe)
1452 3889 1452 4013 à
1536 3889 1584 4013 ſa
1680 3889 1825 4013 main
1909 3889 2185 4013 droite,
2246 3889 2306 4013 de
2402 3889 2703 4013 maniere

620 4015 749 4139 que
796 4015 843 4139 la
937 4015 1218 4139 gauche
1265 4015 1323 4139 ſe
1382 4015 1733 4139 preſente
1815 4015 2119 4139 devant,
2166 4015 2283 4139 par
2354 4015 2412 4139 un
2529 4015 2705 4139 mou-

613 4137 922 4257 vement
1006 4137 1149 4257 egal
1208 4137 1589 4257 enviteſſe
1648 4137 1648 4257 à
1708 4137 2125 4257 l’eſtocade
2196 4137 2256 4257 de
2327 4137 2363 4257 ſa
2434 4137 2696 4257 partie,

655 4255 667 4381 &
717 4255 940 4381 apres
990 4255 1201 4381 avoir
1275 4255 1498 4381 eſuité
1548 4255 1783 4381 ladite
1845 4255 2255 4381 eſtocade,
2304 4255 2329 4381 il
2391 4255 2602 4381 baiſſe
2651 4255 2689 4381 ſa

616 4377 841 4511 garde
916 4377 966 4511 en
1054 4377 1417 4511 hauſſant
1480 4377 1518 4511 ſa
1593 4377 1906 4511 pointe,
2031 4377 2031 4511 &
2081 4377 2595 4511 affermiſſant
2645 4377 2695 4511 le

4544 5885 4916 5986 Combien

3382 2269 3502 2386 Ecy
3574 2269 3658 2386 eſt
3718 2269 3766 2386 la
3838 2269 4018 2386 ſuite
4090 2269 4257 2386 avec
4329 2269 4797 2386 l’execution
4905 2269 4964 2386 de

3342 2390 3790 2505 l’operation
3905 2390 4399 2505 precedente
4526 2390 4572 2505 du
4721 2390 4963 2505 Cercle

3404 2514 3438 2627 N.
3506 2514 3619 2627 14.
3777 2514 3788 2627 A
3856 2514 4308 2627 LEXANDRE
4421 2514 4963 2627 pourſuyvant

3338 2636 3955 2748 promptement
4011 2636 4112 2748 les
4179 2636 4471 2748 aions
4538 2636 4976 2748 preceden-

2878 2759 3006 2872 tes,
3064 2759 3284 2872 porte
3330 2759 3376 2872 le
3434 2759 3608 2872 pied
3677 2759 3955 2872 gauche
4025 2759 4071 2872 en
4140 2759 4384 2872 avant,
4511 2759 4511 2872 &
4569 2759 4615 2872 en
4708 2759 4962 2872 faiſant

2878 2881 2948 2994 un
3017 2881 3203 2994 petit
3249 2881 3469 2994 heurt
3538 2881 3781 2994 deſſus
3816 2881 3863 2994 la
3909 2881 4106 2994 lame
4175 2881 4233 2994 de
4279 2881 4326 2994 ſa
4384 2881 4615 2994 partie
4673 2881 4719 2994 en
4789 2881 4962 2994 pen-

2896 3001 3112 3118 chant
3160 3001 3208 3118 le
3268 3001 3508 3118 corps,
3532 3001 3568 3118 il
3604 3001 3652 3118 la
3724 3001 4012 3118 delaiſſe
4060 3001 4252 3118 pour
4300 3001 4563 3118 porter
4611 3001 4647 3118 la
4707 3001 4959 3118 ſienne

2889 3123 2936 3238 en
3042 3123 3642 3238 Circonference
3689 3123 3913 3238 ſoubs
3960 3123 4007 3238 le
4066 3123 4231 3238 bras
4348 3123 4360 3238 &
4419 3123 4678 3238 l’eſpee
4748 3123 4960 3238 d’ice-

2879 3249 3028 3364 luy:
3132 3249 3258 3364 Mais
3350 3249 3500 3364 ZAC
3592 3249 3856 3364 HARIE
3902 3249 3960 3364 le
4006 3249 4523 3364 remarquant
4558 3249 4604 3364 la
4661 3249 4822 3364 pare
4880 3249 4937 3364 au

2912 3372 3150 3480 meſme
3236 3372 3787 3480 mouvement,
3863 3372 3906 3480 en
3982 3372 4263 3480 jettant
4349 3372 4393 3480 en
4468 3372 4587 3480 bas
4663 3372 4814 3480 bras
4944 3372 4955 3480 &

2893 3492 3130 3605 eſpée,
3225 3492 3225 3605 &
3284 3492 3687 3605 ramenant
3723 3492 3770 3605 la
3829 3492 4078 3605 ſienne
4150 3492 4185 3605 en
4256 3492 4434 3605 haut
4482 3492 4517 3605 il
4565 3492 4790 3605 bleſſe
4837 3492 4932 3605 ſon

2912 3616 3294 3730 Contraire
3342 3616 3354 3730 à
3402 3616 3450 3730 la
3510 3616 3880 3730 poitrine,
3940 3616 4298 3730 plantant
4358 3616 4406 3730 le
4477 3616 4645 3730 pied
4728 3616 4955 3730 eſlevé

2874 3738 3207 3849 pardeça
3254 3738 3314 3849 le
3397 3738 3635 3849 Cercle
3682 3738 3849 3849 pres
3920 3738 3979 3849 de
4027 3738 4074 3849 la
4122 3738 4348 3849 lettre
4431 3738 4491 3849 Y;
4562 3738 4859 3849 comme
4918 3738 4954 3849 il

2879 3861 2926 3975 ſe
2995 3861 3135 3975 voit
3181 3861 3309 3975 aux
3367 3861 3669 3975 figures.

2919 1587 3214 1706 Alexandre
3259 1587 3486 1706 pourſuit
3520 1587 3905 1706 promptement
3951 1587 4007 1706 les
4053 1587 4234 1706 actions
4279 1587 4642 1706 precedentes,
4778 1587 4971 1706 faiſant

3010 1710 3055 1833 un
3111 1710 3246 1833 heurt
3291 1710 3370 1833 ſur
3415 1710 3449 1833 la
3494 1710 3617 1833 lame
3674 1710 3696 1833 de
3741 1710 3786 1833 ſa
3843 1710 4113 1833 partie,
4169 1710 4203 1833 il
4236 1710 4270 1833 la
4326 1710 4518 1833 delaiſſe
4563 1710 4675 1833 pour
4720 1710 4889 1833 porter
4934 1710 4968 1833 la

3001 1829 3161 1953 ſienne
3207 1829 3641 1953 circulairement
3676 1829 3824 1953 ſoubs
3858 1829 3881 1953 le
3927 1829 4030 1953 bras
4121 1829 4121 1953 &
4167 1829 4350 1953 l’eſpee
4407 1829 4441 1953 de
4499 1829 4533 1953 ſa
4590 1829 4796 1953 partie;
4864 1829 4967 1953 mais

3038 1951 3293 2070 Zacharie
3326 1951 3371 2070 la
3404 1951 3526 2070 pare
3581 1951 3781 2070 jettant
3825 1951 3859 2070 en
3914 1951 3981 2070 bas
4025 1951 4136 2070 bras
4236 1951 4247 2070 &
4302 1951 4479 2070 eſpee,
4568 1951 4856 2070 Alexandre
4890 1951 4978 2070 ra-

3029 2074 3211 2193 menant
3268 2074 3291 2193 la
3336 2074 3495 2193 ſienne
3541 2074 3575 2193 en
3620 2074 3746 2193 haut
3791 2074 3928 2193 bleſſe
3973 2074 4030 2193 ſon
4098 2074 4360 2193 Contraire
4417 2074 4417 2193 à
4474 2074 4496 2193 la
4553 2074 4849 2193 poitrine-

1323 1454 1640 1631 Cercle
1873 1454 2148 1631 N14.

632 281 1002 418 executer
1073 281 1169 418 ſon
1252 281 1431 418 coup
1491 281 1944 418 pretendu,
2015 281 2170 418 puis
2254 281 2600 418 plantant
2659 281 2707 418 le

614 404 792 546 pied
856 404 1084 546 eſlevé
1135 404 1377 546 ſoubs
1428 404 1478 546 le
1580 404 1949 546 Diametre
2025 404 2127 546 ſur
2165 404 2203 546 la
2292 404 2483 546 ligne
2584 404 2597 546 R
2686 404 2724 546 S,

607 529 901 671 laiſſant
950 529 1219 671 ſuyvre
1268 529 1317 671 le
1391 529 1709 671 gauche,
1771 529 1881 671 par
1930 529 1967 671 la
2040 529 2310 671 cheute
2383 529 2432 671 du
2518 529 2726 671 corps

605 654 640 777 il
688 654 913 777 perce
973 654 1068 777 ſon
1186 654 1566 777 Contraire
1637 654 1637 777 à
1720 654 2017 777 travers
2088 654 2124 777 la
2207 654 2456 777 teſte;
2551 654 2717 777 ainſi

647 773 767 902 que
864 773 1285 902 monſtrent
1333 773 1430 902 les
1478 773 1803 902 figures.

2894 312 3067 435 bras
3116 312 3166 435 au
3252 312 3512 435 corps,
3561 312 3598 435 il
3673 312 3957 435 marche
4019 312 4068 435 du
4142 312 4315 435 pied
4389 312 4562 435 droit
4612 312 4723 435 par
4822 312 4982 435 deça

2893 435 2944 561 le
3046 435 3414 561 Diametre
3465 435 3567 561 ſur
3631 435 3669 561 la
3732 435 3936 561 ligne
4050 435 4050 561 R
4139 435 4216 561 S,
4305 435 4559 561 faiſant
4622 435 4864 561 ſuivre
4928 435 4991 561 le

2903 555 3193 683 gauche
3251 555 3889 683 circulairement
3947 555 4458 683 enpenchant
4504 555 4551 683 le
4620 555 4829 683 corps
4875 555 4980 683 ſur

2882 679 2933 804 le
2997 679 3164 804 pied
3228 679 3292 804 j’a
3368 679 3688 804 planté,
3765 679 4200 804 preſantant
4264 679 4609 804 l’eſpaule
4699 679 4980 804 gauche

2903 806 2952 927 en
3025 806 3269 927 avant,
3318 806 3355 927 il
3404 806 3611 927 ſaiſiſt
3672 806 3709 927 en
3782 806 4027 927 partie
4137 806 4137 927 &
4210 806 4247 927 en
4320 806 4564 927 partie
4613 806 4980 927 aſſujetiſt

2874 924 3138 1041 l’eſpee
3207 924 3276 1041 de
3333 924 3425 1041 ſon
3517 924 3930 1041 contraire;
3987 924 4469 1041 commecela
4527 924 4584 1041 ſe
4653 924 4791 1041 voit
4848 924 4986 1041 aux

2886 1051 3199 1167 figures.
