5520 7640
1602 310 2011 535 Ombien
2184 310 2356 535 que
2443 310 2507 535 la
2594 310 3025 535 poſture
3154 310 3219 535 du
3435 310 3737 535 Cercle
3974 310 4017 535 N.
4082 310 4125 535 I.
4276 310 4664 535 differre
4750 310 4987 535 aſſez

1497 522 1954 672 clairement
2038 522 2135 672 des
2190 522 2551 672 poſtures
2620 522 2717 672 des
2773 522 3203 672 precedẽts
3300 522 3716 672 Tableaux,
3757 522 3938 672 ainſi
3993 522 4132 672 que
4201 522 4368 672 ceux
4451 522 4562 672 qui
4617 522 4742 672 ont
4812 522 4978 672 con-

1487 663 1940 813 gnoiſſance
2008 663 2077 813 de
2131 663 2392 813 noſtre
2446 663 2542 813 art
2611 663 3008 813 preuvent
3063 663 3241 813 aſſez
3310 663 3775 813 clairement
3817 663 4077 813 juger;
4104 663 4652 813 neantmoins
4721 663 4981 813 quand

1486 808 1541 956 on
1623 808 1938 956 viendra
1993 808 1993 956 à
2075 808 2513 956 conſiderer
2568 808 2609 956 la
2664 808 3226 956 reſemblance
3294 808 3404 956 qui
3459 808 3555 956 eſt
3610 808 3829 956 entre
3884 808 4062 956 celle
4130 808 4678 956 duCercleN.
4747 808 4980 956 Savec

1465 937 1555 1093 les
1616 937 1978 1093 poſtures
2053 937 2159 1093 des
2250 937 2506 1093 Tables
2627 937 2823 1093 XV
2959 937 2959 1093 &
3080 937 3382 1093 XXVI,
3457 937 3517 1093 on
3593 937 3789 1093 nous
3849 937 4091 1093 taxera
4181 937 4227 1093 de
4287 937 4664 1093 prolixité
4770 937 4770 1093 &
4861 937 4996 1093 d’a-

1485 1089 1627 1233 voir
1730 1089 1846 1233 mal
1898 1089 1911 1233 à
1988 1089 2285 1233 propos
2336 1089 2439 1233 uſé
2530 1089 2581 1233 de
2633 1089 3136 1233 repetition:
3188 1089 3729 1233 neantmoins
3768 1089 3807 1233 ſi
3871 1089 3923 1233 on
4013 1089 4194 1233 veut
4245 1089 4400 1233 bien
4478 1089 4852 1233 regarder
4929 1089 4981 1233 de

605 1228 794 1378 pres,
848 1228 902 1378 on
983 1228 1348 1378 trouvera
1429 1228 1483 1378 de
1538 1228 1578 1378 la
1646 1228 1997 1378 diverſite
2038 1228 2227 1378 aſſez
2294 1228 2578 1378 grande
2646 1228 2835 1378 pour
2902 1228 3375 1378 l’employer
3456 1228 3497 1378 en
3592 1228 3646 1378 ce
3740 1228 4119 1378 Tableau,
4173 1228 4240 1378 ou
4321 1228 4416 1378 les
4484 1228 4781 1378 parties
4862 1228 4984 1378 ont

613 1367 925 1509 comme
1016 1367 1263 1509 quitté
1328 1367 1484 1509 leur
1549 1367 1939 1509 premiere
2030 1367 2290 1509 mode:
2355 1367 2616 1509 priant
2655 1367 2759 1509 les
2837 1367 3201 1509 Leeurs
3266 1367 3318 1509 de
3370 1367 3461 1509 les
3526 1367 3682 1509 bien
3760 1367 4215 1509 conſiderer
4280 1367 4515 1509 avant
4593 1367 4723 1509 que
4788 1367 4983 1509 nous

599 1504 1064 1647 reprandre.
