5520 7640
1351 4330 1675 4488 Cercle
1935 4330 2151 4488 N.1.

655 4512 910 4670 Zacharie
966 4512 1176 4670 s’eſtant
1221 4512 1298 4670 nmis
1354 4512 1387 4670 en
1443 4512 1642 4670 poſture
1675 4512 1709 4670 le
1742 4512 1886 4670 corps
1930 4512 2119 4670 penché
2152 4512 2197 4670 en
2252 4512 2430 4670 avant,
2474 4512 2662 4670 tenant
2707 4512 2740 4670 le

743 4639 857 4803 bras
902 4639 1108 4803 gauche
1165 4639 1348 4803 devant
1382 4639 1428 4803 ſa
1485 4639 1736 4803 poitrine,
1770 4639 1804 4803 la
1873 4639 1975 4803 main
2033 4639 2272 4803 joignant
2318 4639 2341 4803 le
2386 4639 2580 4803 viſage,
2626 4639 2740 4803 pre-

746 4769 881 4920 ſente
926 4769 994 4920 ſon
1039 4769 1174 4920 eſpee
1253 4769 1355 4920 d’un
1411 4769 1524 4920 bras
1569 4769 1794 4920 eſtendu.
1884 4769 2166 4920 Alexandre
2211 4769 2380 4920 eſtant
2414 4769 2583 4920 encore
2628 4769 2741 4920 hors

758 4887 793 5049 de
850 4887 1174 5049 l’inſtance,
1243 4887 1428 5049 tenant
1475 4887 1509 5049 le
1567 4887 1683 5049 bras
1787 4887 1787 5049 &
1833 4887 2018 5049 l’eſpee
2076 4887 2238 5049 eſlevé
2295 4887 2330 5049 en
2388 4887 2515 5049 haut
2573 4887 2746 5049 attent

746 5024 992 5174 pourvoir
1036 5024 1059 5174 ſi
1103 5024 1148 5174 ſa
1192 5024 1360 5174 partie
1415 5024 1627 5174 viendra
1672 5024 1962 5174 travailler
2029 5024 2040 5174 à
2095 5024 2463 5174 l’encontre.

1127 5206 1519 5355 ACHARIE
1593 5206 1899 5355 s’eſtant
1985 5206 2083 5355 mis
2144 5206 2193 5355 en
2266 5206 2634 5355 poſture,
2683 5206 2744 5355 le

1095 5333 1270 5482 pied
1346 5333 1521 5482 droit
1571 5333 1822 5482 planté
1885 5333 1985 5482 ſur
2048 5333 2085 5482 la
2211 5333 2737 5482 Circonferen-

1103 5458 1154 5608 ce
1217 5458 1217 5608 à
1268 5458 1306 5608 la
1356 5458 1596 5608 lettre
1685 5458 1723 5608 X,
1761 5458 2026 5608 tenant
2064 5458 2115 5608 le
2178 5458 2406 5608 genou
2481 5458 2747 5608 ployé,

1089 5584 1495 5734 penchant
1546 5584 1597 5734 le
1660 5584 1876 5734 corps
1952 5584 2218 5734 deſſus,
2244 5584 2295 5734 le
2358 5584 2523 5734 pied
2586 5584 2751 5734 gau-

641 5704 761 5867 che
832 5704 1059 5867 eſtant
1107 5704 1179 5867 un
1251 5704 1382 5867 bon
1454 5704 1573 5867 pas
1633 5704 1943 5867 eſtendu
2027 5704 2075 5867 en
2147 5704 2457 5867 arriere,
2505 5704 2732 5867 ayant

630 5832 678 5993 le
738 5832 894 5993 bras
966 5832 1255 5993 gauche
1327 5832 1604 5993 devant
1664 5832 1712 5993 ſa
1784 5832 2181 5993 poitrine,
2229 5832 2277 5993 la
2386 5832 2518 5993 main
2602 5832 2735 5993 joi-

659 5956 877 6118 gnant
928 5956 980 6118 le
1044 5956 1313 6118 viſage,
1351 5956 1403 6118 le
1454 5956 1620 6118 bras
1723 5956 1723 6118 &
1774 5956 2043 6118 l’eſpee
2108 5956 2287 6118 droit
2351 5956 2748 6118 eſtendus,

632 6080 668 6242 la
754 6080 1023 6242 pointe
1085 6080 1207 6242 par
1293 6080 1464 6242 deça
1525 6080 1586 6242 le
1672 6080 1990 6242 Centre;
2064 6080 2333 6242 attend
2407 6080 2456 6242 en
2554 6080 2737 6242 ceſte

631 6208 963 6367 poſture
1010 6208 1057 6367 ſa
1117 6208 1389 6367 partie.
1496 6208 2041 6367 ALEXANDRE
2112 6208 2385 6367 venant
2444 6208 2752 6367 travail-

629 6330 728 6490 ler
789 6330 802 6490 a
876 6330 1369 6490 l’encontre,
1467 6330 1578 6490 met
1652 6330 1763 6490 les
1837 6330 2096 6490 orteils
2170 6330 2219 6490 du
2317 6330 2478 6490 pied
2564 6330 2749 6490 droit

657 6458 930 6605 devant
980 6458 1029 6605 le
1092 6458 1240 6605 coin
1340 6458 1389 6605 du
1513 6458 1836 6605 Quadrat
1898 6458 2394 6605 circonſcript
2444 6458 2617 6605 pres
2679 6458 2741 6605 de

634 6587 672 6731 la
735 6587 975 6731 lettre
1063 6587 1114 6731 A,
1228 6587 1240 6731 &
1291 6587 1683 6731 avançant
1771 6587 1822 6731 du
1897 6587 2074 6731 pied
2138 6587 2454 6731 gauche,
2580 6587 2593 6731 &
2668 6587 2757 6731 te-

636 6710 810 6859 nant
872 6710 922 6859 le
997 6710 1158 6859 bras
1270 6710 1270 6859 &
1320 6710 1594 6859 l’eſpee
1681 6710 1730 6859 en
1817 6710 1992 6859 haut
2054 6710 2054 6859 à
2116 6710 2203 6859 ſon
2290 6710 2477 6859 coſté
2564 6710 2750 6859 droit

1184 1267 2590 1410 DECLARATION
2827 1267 3085 1410 DES
3342 1267 4511 1410 OPERATIONS

1697 1441 1784 1593 DV
1959 1441 2498 1593 TABLEAV
2688 1441 3008 1593 VINGT
3154 1441 3241 1593 ET
3416 1441 4013 1593 NEVFIEME.

1632 1631 1775 1862 Ous
1881 1631 2131 1862 vous
2220 1631 2558 1862 avons
2629 1631 3323 1862 amplement
3466 1631 3893 1862 monſtré
4017 1631 4445 1862 comme
4551 1631 4979 1862 i’eſtime

1509 1845 1645 2001 aux
1700 1845 2189 2001 precedents
2271 1845 2692 2001 Tableaux,
2733 1845 2774 2001 la
2869 1845 3181 2001 maniere
3249 1845 3440 2001 pour
3494 1845 3943 2001 ſoubſtenir
3997 1845 4065 2001 un
4174 1845 4554 2001 ennemy,
4595 1845 4731 2001 lors
4812 1845 4976 2001 qu’il

1511 1983 1564 2141 ſe
1630 1983 1985 2141 preſente
2051 1983 2222 2141 avec
2275 1983 2314 2141 ſa
2367 1983 2643 2141 pointe
2722 1983 2775 2141 ou
2880 1983 3143 2141 meſme
3222 1983 3446 2141 toute
3498 1983 3775 2141 l’eſpee
3827 1983 3880 2141 en
3959 1983 4104 2141 bas,
4209 1983 4222 2141 &
4275 1983 4696 2141 comment
4788 1983 4841 2141 on
4919 1983 4972 2141 le

1671 2125 1763 2416 ''
1808 2125 1991 2416 '
1899 2125 2127 2416 'e
2218 2125 2583 2416 '''
2674 2125 2765 2416 e
2857 2125 3951 2416 m'quileWol'
3723 2125 4179 2416 '
4270 2125 5045 2416 deſ'W'W'e'd'un

1516 2409 1687 2556 veu,
1753 2409 1937 2556 avec
2016 2409 2319 2556 qu’elles
2385 2409 2950 2556 preparations
3016 2409 3069 2556 on
3161 2409 3345 2556 peut
3411 2409 3779 2556 prevenir
3832 2409 3924 2556 ſes
3990 2409 4306 2556 aſſauts;
4371 2409 4516 2556 lors
4608 2409 4727 2556 que
4819 2409 4950 2556 d’un

624 2530 798 2694 bras
865 2530 1185 2694 eſtendu
1265 2530 1305 2694 il
1359 2530 1586 2694 baiſſe
1653 2530 1693 2694 ſa
1786 2530 2053 2694 pointe
2133 2530 2187 2694 en
2280 2530 2507 2694 terre;
2574 2530 2707 2694 cela
2774 2530 2948 2694 vous
3001 2530 3135 2694 ſera
3215 2530 3482 2694 encore
3535 2530 3709 2694 plus
3749 2530 4524 2694 particulairement
4617 2530 4991 2694 monſtré,

640 2674 831 2827 voire
900 2674 1078 2827 avec
1146 2674 1310 2827 plus
1406 2674 1940 2827 d’aſſeurance
2008 2674 2145 2827 aux
2268 2674 2542 2827 Cercles
2610 2674 2610 2827 1
2733 2674 2733 2827 &
2802 2674 2829 2827 2.
2925 2674 2980 2827 de
3062 2674 3116 2827 ce
3212 2674 3595 2827 Tableau;
3664 2674 3801 2827 aux
3855 2674 4403 2827 inſtruions
4485 2674 4827 2827 deſquels
4895 2674 4964 2827 on

655 2811 861 2968 doibt
929 2811 1450 2968 exaement
1505 2811 1847 2968 prendre
1916 2811 2176 2968 garde,
2231 2811 2915 2968 principalement
2984 2811 3176 2968 pour
3231 2811 3833 2968 recognoiſtre,
3915 2811 4093 2968 qu’el
4148 2811 4600 2968 advantage
4669 2811 4724 2968 on
4806 2811 4984 2968 peut

634 2954 992 3103 reçevoir
1075 2954 1543 3103 preſentant
1598 2954 1873 3103 l’eſpee
1942 2954 2176 3103 haute
2245 2954 2300 3103 en
2410 2954 2741 3103 dedans:
2837 2954 2892 3103 ce
2975 2954 3085 3103 qui
3154 2954 3278 3103 ſera
3346 2954 3553 3103 facile
3622 2954 3663 3103 ſi
3732 2954 3911 3103 vous
3980 2954 4338 3103 obſerves
4393 2954 4434 3103 la
4503 2954 4819 3103 facileté
4916 2954 4957 3103 du

660 3101 1199 3242 mouvement
1248 3101 1590 3242 naturel.
1737 3101 1774 3242 Il
1835 3101 2019 3242 reſte
2104 3101 2606 3242 maintenant
2692 3101 2814 3242 que
2875 3101 3071 3242 nous
3157 3101 3622 3242 monſtrions
3671 3101 3708 3242 la
3805 3101 4124 3242 maniere
4197 3101 4381 3242 pour
4454 3101 4748 3242 reſiſter
4809 3101 4821 3242 à
4895 3101 4956 3242 un

637 3236 999 3378 ennemy
1077 3236 1180 3378 qui
1232 3236 1517 3378 tenant
1568 3236 1607 3378 ſa
1672 3236 1956 3378 pointe
2021 3236 2332 3378 retirée,
2370 3236 2616 3378 s’offre
2668 3236 2681 3378 à
2745 3236 2927 3378 vous
2978 3236 3146 3378 avec
3224 3236 3470 3378 deſſein
3560 3236 3625 3378 de
3677 3236 3845 3378 faire
3897 3236 4039 3378 une
4104 3236 4375 3378 feinte:
4466 3236 4556 3378 car
4621 3236 4647 3378 il
4711 3236 4724 3378 y
4776 3236 4789 3378 à
4854 3236 4996 3378 une

642 3373 929 3520 grande
1025 3373 1463 3520 difference
1531 3373 1737 3520 entre
1805 3373 1901 3520 les
1956 3373 2271 3520 aions
2325 3373 2873 3520 precedentes
2996 3373 2996 3520 &
3065 3373 3243 3520 celle
3325 3373 3434 3520 cy;
3516 3373 3818 3520 pource
3913 3373 4173 3520 qu’aux
4269 3373 4653 3520 Tableaux
4721 3373 4981 3520 prece-

655 3517 909 3659 dents,
962 3517 1389 3659 l’ennemy
1456 3517 1550 3659 eſt
1616 3517 2070 3659 repreſenté
2137 3517 2351 3659 vincu
2444 3517 2765 3659 comme
2858 3517 2912 3659 de
2979 3517 3112 3659 loin
3232 3517 3232 3659 &
3286 3517 3406 3659 peu
3486 3517 3499 3659 à
3553 3517 3726 3659 peu,
3820 3517 3833 3659 &
3873 3517 3980 3659 icy
4033 3517 4074 3659 il
4127 3517 4260 3659 ſera
4381 3517 4701 3659 monſtré
4781 3517 4995 3659 com-

670 3656 854 3798 ment
920 3656 986 3798 on
1065 3656 1118 3798 le
1170 3656 1354 3798 peut
1420 3656 1670 3798 vincre
1749 3656 1802 3798 en
1881 3656 1947 3798 un
2052 3656 2275 3798 coup,
2328 3656 2683 3798 pourveu
2789 3656 2986 3798 qu’on
3052 3656 3289 3798 prene
3341 3656 3499 3798 bien
3591 3656 3815 3798 garde
3881 3656 3881 3798 à
3947 3656 3986 3798 ſa
4039 3656 4354 3798 pointe,
4407 3656 4552 3798 lors
4618 3656 4986 3798 qu’ayant

632 3792 674 3937 le
729 3792 1087 3937 premier
1156 3792 1390 3937 choiſi
1431 3792 1541 3937 ſon
1610 3792 2065 3937 advantage
2134 3792 2189 3937 en
2258 3792 2630 3937 l’eleion
2726 3792 2767 3937 du
2864 3792 3043 3937 lieu,
3084 3792 3112 3937 il
3167 3792 3222 3937 ſe
3277 3792 3635 3937 preſente
3690 3792 3690 3937 à
3759 3792 3938 3937 vous
3993 3792 4090 3937 ſur
4145 3792 4241 3937 ſes
4310 3792 4599 3937 gardes:
4682 3792 4737 3937 de
4792 3792 4985 3937 ſorte

660 3931 1232 4075 qu’obſervant
1298 3931 1471 4075 avec
1565 3931 1950 4075 diligence
2004 3931 2110 4075 les
2150 3931 2682 4075 inſtruions
2762 3931 2829 4075 de
2895 3931 2948 4075 ce
3042 3931 3401 4075 Tableau,
3467 3931 3521 4075 on
3614 3931 3680 4075 ne
3760 3931 4040 4075 pourra
4146 3931 4505 4075 manquer
4599 3931 4652 4075 de
4705 3931 4758 4075 le
4811 3931 4984 4075 faire

633 4071 907 4186 retirer
972 4071 1311 4186 deſtitué
1389 4071 1454 4186 de
1506 4071 1728 4186 toute
1806 4071 2198 4186 deffence,
2289 4071 2550 4186 meſme
2628 4071 2680 4186 de
2732 4071 2784 4186 le
2837 4071 3097 4186 vincre
3137 4071 3176 4186 ſi
3241 4071 3293 4186 on
3371 4071 3423 4186 en
3502 4071 3502 4186 à
3554 4071 3593 4186 la
3658 4071 4023 4186 volonté.

2913 4328 2959 4442 en
3041 4328 3263 4442 angle
3333 4328 3613 4442 obtus,
3683 4328 3718 4442 il
3776 4328 4033 4442 plante
4114 4328 4161 4442 en
4289 4328 4534 4442 meſme
4604 4328 4861 4442 temps
4919 4328 4978 4442 le

2903 4447 3072 4565 pied
3157 4447 3435 4565 gauche
3496 4447 3593 4565 (le
3653 4447 3859 4565 corps
3919 4447 4149 4565 eſtant
4210 4447 4270 4565 un
4343 4447 4464 4565 peu
4536 4447 4839 4565 penché
4911 4447 4960 4565 en

2898 4574 3222 4682 arriere)
3280 4574 3384 4682 ſur
3430 4574 3476 4682 le
3569 4574 3973 4682 Diametre,
4043 4574 4239 4682 entre
4308 4574 4401 4682 les
4459 4574 4736 4682 lettres
4840 4574 4852 4682 C
4944 4574 4979 4682 e,

2899 4696 3262 4812 repoſant
3352 4696 3397 4812 en
3499 4696 3681 4812 ceſte
3771 4696 4088 4812 maniere
4156 4696 4224 4812 un
4292 4696 4519 4812 petit,
4564 4696 4983 4812 attendant

2903 4819 3090 4936 pour
3161 4819 3301 4936 voir
3360 4819 3383 4936 ſi
3430 4819 3465 4936 ſa
3535 4819 3770 4936 partie
3840 4819 4144 4936 viendra
4214 4819 4261 4936 en
4343 4819 4402 4936 ce
4460 4819 4706 4936 temps
4765 4819 4987 4936 l’atta-

2915 4970 3115 5058 quer.

3657 5061 3963 5242 Cercle
4183 5061 4467 5242 N.2.

2941 5298 3236 5411 Alexandre
3304 5298 3577 5411 pourſuit,
3656 5298 3849 5411 menant
3906 5298 3962 5411 ſon
4019 5298 4144 5411 eſpee
4201 5298 4246 5411 en
4303 5298 4723 5411 Circonference,
4779 5298 4813 5411 du
4881 5298 4995 5411 coſté

3042 5421 3158 5535 droit
3211 5421 3466 5535 d’enhaut
3508 5421 3614 5535 vers
3657 5421 3678 5535 le
3731 5421 3805 5535 bas
3848 5421 3879 5535 en
3933 5421 4113 5535 avant,
4145 5421 4187 5535 la
4251 5421 4463 5535 mettant
4505 5421 4611 5535 pres
4664 5421 4696 5535 de
4738 5421 4770 5535 la
4823 5421 4982 5535 garde

3036 5549 3071 5664 de
3130 5549 3166 5664 ſa
3225 5549 3484 5664 partie.

3404 5695 3868 5829 LEXANDRE
3939 5695 4451 5829 pourſuivant
4523 5695 4963 5829 l’operation

3382 5814 3433 5948 du
3546 5814 3786 5948 Cercle
3912 5814 3937 5948 N.
4001 5814 4038 5948 1.
4114 5814 4316 5948 entre
4392 5814 4442 5948 du
4518 5814 4682 5948 pied
4770 5814 4985 5948 droit,

3389 5940 3679 6074 menant
3726 5940 3830 6074 ſon
3912 5940 4121 6074 eſpee
4190 5940 4469 6074 eſlevée
4539 5940 4585 6074 en
4701 5940 4992 6074 Circon-

3361 6063 3675 6180 ference
3745 6063 3791 6180 du
3873 6063 4071 6180 coſté
4140 6063 4315 6180 droit
4385 6063 4536 6180 vers
4594 6063 4652 6180 le
4722 6063 4839 6180 bas
4920 6063 4967 6180 en

2909 6187 3157 6330 avant,
3205 6187 3252 6330 la
3300 6187 3619 6330 portant
3690 6187 3726 6330 en
3797 6187 3986 6330 rond
4057 6187 4057 6330 à
4140 6187 4176 6330 ſa
4282 6187 4425 6330 main
4531 6187 4804 6330 droite,
4875 6187 5005 6330 fai-

2910 6311 3057 6452 ſant
3118 6311 3508 6452 enſemble
3556 6311 3800 6452 ſuivre
3837 6311 3897 6452 le
3958 6311 4202 6452 corps,
4300 6311 4300 6452 &
4348 6311 4397 6452 le
4458 6311 4848 6452 penchant
4909 6311 4970 6452 un

2908 6438 3030 6578 peu
3128 6438 3177 6578 en
3263 6438 3790 6578 l’aprochant,
3851 6438 3887 6578 il
3973 6438 4096 6578 met
4145 6438 4194 6578 ſa
4243 6438 4512 6578 pointe
4573 6438 4745 6578 pres
4818 6438 4879 6578 de
4941 6438 4990 6578 la

2937 6561 3083 6702 main
3230 6561 3242 6702 &
3315 6561 3523 6702 garde
3620 6561 3681 6702 de
3742 6561 3840 6702 ſon
3974 6561 4426 6702 Contraire,
4523 6561 4877 6702 plantant
4951 6561 4999 6702 le

2917 6692 3096 6834 pied
3173 6692 3403 6834 eſlevé
3467 6692 3569 6834 ſur
3633 6692 3672 6834 la
3787 6692 4389 6834 Circonference
4466 6692 4517 6834 ſe
4606 6692 5003 6834 penchant

4777 6812 5018 6905 deſſus
