5520 7640
611 378 849 518 deſſus
899 378 974 518 un
1049 378 1174 518 peu
1249 378 1461 518 outre
1511 378 1549 518 la
1599 378 1836 518 lettre
1911 378 1961 518 F,
2011 378 2337 518 attirant
2412 378 2462 518 le
2549 378 2712 518 gau-

599 507 726 650 che
814 507 928 650 qui
1003 507 1092 650 eſt
1155 507 1370 650 roide
1445 507 1812 650 eſtendu;
1875 507 2178 650 comme
2241 507 2342 650 les
2418 507 2708 650 figures

616 658 1057 749 monſtrent.

1313 780 1628 949 Cercle
1853 780 2100 949 N.3.

626 993 919 1125 Alexandre
953 993 1313 1125 pourſuivant
1347 993 1414 1125 les
1459 993 1775 1125 operations
1820 993 1887 1125 des
1955 993 2146 1125 Cercles
2191 993 2237 1125 1.
2338 993 2338 1125 &
2394 993 2428 1125 2.
2496 993 2608 1125 mene
2665 993 2698 1125 le

697 1122 808 1256 pied
869 1122 1066 1256 gauche
1115 1122 1336 1256 derriere
1385 1122 1410 1256 le
1471 1122 1643 1256 droit,
1705 1122 1742 1256 ſe
1815 1122 2036 1256 dreſſant
2073 1122 2147 1256 ſur
2196 1122 2380 1256 iceluy,
2491 1122 2491 1256 &
2540 1122 2700 1256 ayant

713 1248 901 1384 avancé
939 1248 964 1384 le
1014 1248 1152 1384 corps
1290 1248 1315 1384 le
1377 1248 1490 1384 pied
1541 1248 1678 1384 droit,
1729 1248 1766 1384 il
1804 1248 1942 1384 bleſſe
2005 1248 2042 1384 ſa
2105 1248 2268 1384 partie
2331 1248 2368 1384 au
2431 1248 2707 1384 viſage,

692 1379 805 1502 puis
839 1379 874 1502 le
919 1379 1055 1502 perce
1101 1379 1112 1502 à
1158 1379 1385 1502 travers
1419 1379 1453 1502 la
1510 1379 1726 1502 teſte.

1065 1520 1198 1662 Ecy
1291 1520 1384 1662 eſt
1451 1520 1490 1662 la
1584 1520 1996 1662 pourſuite
2089 1520 2196 1662 des
2315 1520 2608 1662 Cercles
2675 1520 2715 1662 1.

1096 1664 1096 1790 &
1181 1664 1230 1790 2.
1352 1664 1899 1790 ALEXANDRE
2021 1664 2252 1790 ayant
2325 1664 2471 1790 pris
2532 1664 2703 1790 l’In-

1032 1785 1296 1911 ſtance
1368 1785 1679 1911 comme
1751 1785 2039 1911 deſſus,
2147 1785 2338 1911 mene
2398 1785 2446 1911 le
2530 1785 2698 1911 pied

1060 1914 1347 2039 gauche
1422 1914 1534 2039 par
1621 1914 1946 2039 derriere
2008 1914 2070 2039 le
2158 1914 2407 2039 droit,
2570 1914 2582 2039 &
2644 1914 2694 2039 ſe

593 2034 918 2170 dreſſant
968 2034 1068 2170 ſur
1118 2034 1168 2170 le
1230 2034 1530 2170 gauche
1580 2034 1867 2170 planté,
1905 2034 1930 2170 il
1980 2034 2267 2170 avance
2342 2034 2392 2170 du
2479 2034 2692 2170 corps

637 2162 637 2297 &
715 2162 767 2297 du
845 2162 1027 2297 pied
1105 2162 1351 2297 droit,
1416 2162 1741 2297 bleſſant
1819 2162 1858 2297 ſa
1936 2162 2169 2297 partie
2247 2162 2299 2297 au
2403 2162 2689 2297 viſage;

568 2291 736 2420 puis
788 2291 1008 2420 apres
1047 2291 1086 2420 il
1138 2291 1383 2420 plante
1435 2291 1487 2420 le
1552 2291 1720 2420 pied
1784 2291 2004 2420 eſlevé
2056 2291 2069 2420 à
2121 2291 2160 2420 la
2211 2291 2431 2420 lettre
2509 2291 2561 2420 S,
2677 2291 2690 2420 &

565 2415 865 2549 laiſſant
915 2415 1153 2549 ſuivre
1216 2415 1266 2549 le
1328 2415 1654 2549 gauche,
1704 2415 1741 2549 il
1779 2415 2017 2549 perce
2079 2415 2142 2549 de
2217 2415 2317 2549 ſon
2417 2415 2693 2549 eſtoca-

587 2544 646 2643 de
694 2544 706 2643 à
765 2544 1063 2643 travers
1110 2544 1146 2643 la
1206 2544 1396 2643 teſte
1467 2544 1527 2643 de
1574 2544 1670 2643 ſon
1789 2544 2205 2643 Contraire.

694 2671 730 2797 Il
801 2671 954 2797 faut
1025 2671 1273 2797 noter,
1355 2671 1485 2797 que
1556 2671 1886 2797 encores
1945 2671 2075 2797 que
2169 2671 2523 2797 ZAcharie
2594 2671 2689 2797 at-

571 2795 809 2921 tende
876 2795 1057 2921 avec
1125 2795 1159 2921 la
1272 2795 1408 2921 main
1487 2795 1679 2921 pour
1724 2795 1950 2921 parer
1995 2795 2040 2921 le
2120 2795 2357 2921 coup,
2425 2795 2696 2921 neant-

599 2921 825 3049 moins
873 2921 1170 3049 pource
1242 2921 1361 3049 que
1456 2921 1920 3049 ALExandre
1980 2921 1992 3049 à
2051 2921 2194 3049 pris
2290 2921 2349 3049 de
2421 2921 2456 3049 ſi
2516 2921 2683 3049 pres

565 3046 1021 3172 l’Inſtance,
1071 3046 1109 3172 il
1147 3046 1223 3172 ne
1287 3046 1464 3172 peut
1540 3046 1806 3172 eſviter
1894 3046 2046 3172 qu’il
2122 3046 2198 3172 ne
2262 3046 2401 3172 ſoit
2464 3046 2692 3172 bleſſé

557 3168 778 3297 avant
848 3168 1011 3297 qu’il
1058 3168 1291 3297 puiſſe
1349 3168 1524 3297 faire
1571 3168 1804 3297 aucun
1909 3168 2422 3297 mouvement
2515 3168 2573 3297 de
2643 3168 2690 3297 ſa

584 3310 784 3390 main.

588 4104 841 4242 Zacharie
888 4104 1072 4242 voyant
1130 4104 1326 4242 l’eſpee
1383 4104 1406 4242 de
1464 4104 1510 4242 ſa
1568 4104 1752 4242 partie
1810 4104 1994 4242 devant
2029 4104 2075 4242 ſa
2133 4104 2271 4242 main,
2317 4104 2456 4242 entre
2513 4104 2582 4242 icy
2652 4104 2686 4242 du

685 4241 792 4359 pied
851 4241 1099 4359 gauche,
1205 4241 1205 4359 &
1264 4241 1524 4359 penchant
1571 4241 1594 4359 le
1642 4241 1783 4359 corps
1819 4241 1854 4359 il
1901 4241 2090 4359 avance
2138 4241 2173 4359 le
2220 4241 2326 4359 bras
2385 4241 2504 4359 pour
2563 4241 2704 4359 ſaiſir

678 4367 713 4491 ou
792 4367 940 4491 parer
986 4367 1179 4491 l’eſpee
1247 4367 1486 4491 d’iceluy.
1623 4367 1919 4491 Alexandre
1987 4367 2181 4491 marche
2226 4367 2237 4491 à
2306 4367 2420 4491 droit
2499 4367 2533 4491 du
2590 4367 2704 4491 pied

693 4490 841 4609 droit,
939 4490 952 4609 &
1001 4490 1186 4609 voyant
1222 4490 1247 4609 le
1296 4490 1444 4609 corps
1493 4490 1530 4609 de
1567 4490 1604 4609 ſa
1665 4490 1838 4609 partie
1887 4490 1998 4609 hors
2035 4490 2096 4609 ſon
2170 4490 2330 4609 poids,
2367 4490 2404 4609 il
2441 4490 2539 4609 fait
2601 4490 2699 4609 paſ-

690 4610 754 4747 ſer
806 4610 870 4747 ſon
921 4610 1050 4747 eſpee
1114 4610 1192 4747 par
1256 4610 1398 4747 deſſus
1462 4610 1501 4747 ſa
1552 4610 1694 4747 teſte.
1822 4610 2067 4747 Zacharie
2131 4610 2311 4747 plante
2376 4610 2466 4747 lors
2504 4610 2530 4747 le
2595 4610 2710 4747 pied

679 4738 835 4875 eſlevé
902 4738 980 4875 par
1036 4738 1136 4875 delà
1192 4738 1214 4875 le
1304 4738 1605 4875 Diametre:
1683 4738 1783 4875 mais
1872 4738 2162 4875 Alexandre
2229 4738 2597 4875 deſmarchant
2642 4738 2686 4875 un

682 4863 774 5003 pas
820 4863 854 5003 en
912 4863 1107 5003 arriere
1165 4863 1199 5003 du
1268 4863 1372 5003 pied
1441 4863 1660 5003 gauche,
1706 4863 1752 5003 en
1821 4863 2097 5003 panchant
2155 4863 2189 5003 le
2247 4863 2385 5003 corps
2454 4863 2626 5003 deſſus,
2672 4863 2707 5003 il

685 4989 873 5124 frappe
919 4989 955 5124 ſa
1013 4989 1189 5124 partie
1248 4989 1741 5124 d’uneſtramaçon
1787 4989 1834 5124 au
1905 4989 2128 5124 derriere
2186 4989 2210 5124 de
2268 4989 2304 5124 la
2350 4989 2562 5124 teſte.

1055 5175 1068 5310 E
1173 5175 1409 5310 Cercle
1501 5175 1567 5310 cy
1632 5175 1763 5310 tire
1829 5175 1999 5310 auſſi
2052 5175 2144 5310 ſon
2249 5175 2537 5310 origine
2629 5175 2694 5310 de

1021 5305 1493 5435 l’operation
1605 5305 1655 5435 du
1779 5305 2028 5435 Cercle
2152 5305 2189 5435 N.
2251 5305 2289 5435 2.
2338 5305 2400 5435 ou
2525 5305 2699 5435 ALE-

1053 5433 1403 5563 XANDRE
1463 5433 1475 5563 à
1559 5433 1668 5563 mis
1716 5433 1764 5563 la
1837 5433 2102 5563 pointe
2174 5433 2234 5563 de
2295 5433 2403 5563 ſon
2487 5433 2705 5563 eſpee

1042 5550 1317 5681 devant
1379 5550 1417 5681 la
1492 5550 1704 5681 garde
1779 5550 1841 5681 de
1891 5550 1929 5681 ſa
1991 5550 2266 5681 partie.
2366 5550 2703 5681 ZACHA-

592 5675 704 5809 RIE
779 5675 977 5809 entre
1052 5675 1163 5809 icy
1263 5675 1312 5809 du
1387 5675 1561 5809 pied
1623 5675 1945 5809 gauche,
2008 5675 2281 5809 faiſant
2330 5675 2579 5809 ſuivre
2641 5675 2703 5809 le

575 5801 796 5938 corps
855 5801 901 5938 en
983 5801 1029 5938 le
1087 5801 1541 5938 penchant,
1611 5801 1926 5938 portant
1995 5801 2042 5938 en
2123 5801 2345 5938 avant
2403 5801 2461 5938 le
2531 5801 2694 5938 bras

581 5925 867 6068 gauche
932 5925 1113 6068 pour
1165 5925 1347 6068 ſaiſir
1412 5925 1477 6068 de
1529 5925 1568 6068 la
1659 5925 1801 6068 main
1866 5925 2139 6068 l’eſpee
2217 5925 2269 6068 de
2320 5925 2372 6068 ſa
2424 5925 2697 6068 partie,

578 6057 637 6195 ou
708 6057 862 6195 bien
933 6057 980 6195 la
1052 6057 1265 6195 parer
1348 6057 1431 6195 s’il
1502 6057 1668 6195 tire.
1786 6057 2367 6195 ALEXANDRE
2426 6057 2711 6195 s’aper-

590 6182 856 6314 çevant
925 6182 983 6314 du
1087 6182 1595 6314 mouvement
1665 6182 1723 6314 de
1780 6182 1815 6314 ſa
1884 6182 2161 6314 partie,
2254 6182 2531 6314 marche
2624 6182 2681 6314 du

571 6308 751 6434 pied
823 6308 1016 6434 droit
1076 6308 1124 6434 en
1208 6308 1424 6434 avant
1484 6308 1641 6434 vers
1689 6308 1797 6434 ſon
1893 6308 2086 6434 coſté
2158 6308 2374 6434 droit,
2458 6308 2519 6434 de
2567 6308 2711 6434 ſor-

575 6436 637 6570 te
712 6436 836 6570 que
898 6436 935 6570 ſa
997 6436 1270 6570 pointe
1332 6436 1530 6570 vient
1579 6436 2013 6570 reſpondre
2063 6436 2174 6570 ſur
2236 6436 2274 6570 la
2336 6436 2534 6570 ligne
2658 6436 2695 6570 N.

601 6554 651 6689 P.
763 6554 776 6689 &
851 6554 1138 6689 pource
1212 6554 1337 6689 que
1400 6554 1462 6689 le
1525 6554 1749 6689 corps
1824 6554 1887 6689 de
1961 6554 1999 6689 ſa
2074 6554 2311 6689 partie
2398 6554 2473 6689 eſt
2523 6554 2698 6689 hors

605 6674 668 6807 de
717 6674 817 6807 ſon
891 6674 1115 6807 poids
1239 6674 1239 6807 &
1301 6674 1350 6807 en
1425 6674 1462 6807 ſa
1537 6674 1860 6807 cheute,
1909 6674 1922 6807 à
1984 6674 2170 6807 ceſte
2232 6674 2629 6807 occaſion,
2679 6674 2716 6807 il

583 6801 702 6951 fait
768 6801 992 6951 paſſer
1044 6801 1137 6951 ſon
1229 6801 1440 6951 eſpee
1506 6801 1519 6951 à
1571 6801 1782 6951 l’aide
1874 6801 1914 6951 du
1993 6801 2322 6951 poignet
2375 6801 2494 6951 par
2573 6801 2717 6951 deſ-

579 6928 690 7083 ſus
739 6928 776 7083 ſa
837 6928 1058 7083 teſte.
1206 6928 1636 7083 ZACHARIE
1697 6928 1746 7083 au
1857 6928 2115 7083 meſme
2164 6928 2446 7083 temps,
2508 6928 2704 7083 plan-

2849 368 2914 496 te
2979 368 3031 496 le
3096 368 3278 496 pied
3329 368 3628 496 gauche
3706 368 3939 496 eſlevé
4030 368 4147 496 par
4225 368 4368 496 delà
4432 368 4484 496 le
4601 368 4977 496 Diametre

2848 495 2950 620 ſur
3001 495 3040 620 la
3104 495 3309 620 ligne
3412 495 3450 620 L.
3553 495 3604 620 M.
3707 495 3860 620 mais
3937 495 4566 620 ALEXANDRE
4655 495 4976 620 deſmar-

2858 623 3077 753 chant
3126 623 3199 753 un
3272 623 3394 753 pas
3455 623 3492 753 en
3565 623 3846 753 arriere
3919 623 3968 753 du
4041 623 4224 753 pied
4285 623 4614 753 gauche,
4675 623 4724 753 en
4797 623 4980 753 pen-

2861 752 3080 880 chant
3144 752 3196 880 le
3273 752 3492 880 corps
3557 752 3660 880 ſur
3724 752 4034 880 iceluy,
4098 752 4137 880 il
4188 752 4459 880 frappe
4549 752 4678 880 d’un
4781 752 4975 880 coup

2868 878 3410 1002 d’eſtramaçon
3511 878 3549 1002 ſa
3599 878 3838 1002 partie
3914 878 3977 1002 au
4078 878 4406 1002 derriere
4494 878 4557 1002 de
4620 878 4658 1002 la
4746 878 4986 1002 teſte;

2854 1004 3160 1132 comme
3209 1004 3307 1132 les
3356 1004 3650 1132 figures
3724 1004 4300 1132 demonſtrent.

2927 1132 3106 1261 Pour
3169 1132 3221 1261 ce
3297 1132 3425 1261 que
3514 1132 3872 1261 ZAcharie
3923 1132 4076 1261 s’eſt
4127 1132 4331 1261 haſté
4395 1132 4753 1261 d’entrer,
4791 1132 4983 1261 pour

2841 1257 3057 1391 parer
3134 1257 3184 1391 de
3235 1257 3273 1391 la
3362 1257 3515 1391 main
3604 1257 3896 1391 gauche
3935 1257 4214 1391 l’eſpee
4303 1257 4367 1391 de
4418 1257 4520 1391 ſon
4659 1257 4990 1391 Contrai-

2838 1386 2932 1517 re,
3026 1386 3483 1517 ALExandre
3554 1386 3565 1517 à
3636 1386 3683 1517 eu
3765 1386 3894 1517 bon
3999 1386 4152 1517 moy
4210 1386 4257 1517 en
4339 1386 4797 1517 d’executer
4844 1386 4949 1517 ſon

2863 1515 3051 1645 coup
3119 1515 3186 1645 cy
3267 1515 3495 1645 deſſus
3576 1515 3939 1645 deſclaré.

3353 3089 3353 3210 E
3467 3089 3707 3210 Cercle
3770 3089 4124 3210 procede
4213 3089 4276 3210 de
4327 3089 4782 3210 l’operation
4896 3089 4946 3210 du

3351 3215 3593 3304 Cercle
3702 3215 3738 3304 N.
3799 3215 3835 3304 2.
3919 3215 3968 3304 Ou
4064 3215 4621 3304 ALEXANDRE
4681 3215 4681 3304 à
4778 3215 4874 3304 mis
4923 3215 4971 3304 ſa

3314 3339 3585 3459 pointe
3671 3339 3942 3459 devant
4004 3339 4053 3459 la
4139 3339 4361 3459 garde
4435 3339 4496 3459 de
4558 3339 4607 3459 ſa
4681 3339 4977 3459 partie;

3372 3463 3372 3581 &
3469 3463 3917 3581 ZACHARIE
3990 3463 4220 3581 eſtant
4269 3463 4524 3581 planté
4584 3463 4899 3581 comme
4948 3463 4984 3581 il

2853 3590 2941 3712 eſt
3028 3590 3340 3712 deſclaré
3402 3590 3664 3712 audi
3764 3590 4063 3712 Cercle,
4113 3590 4400 3712 tourne
4462 3590 4587 3712 icy
4649 3590 4699 3712 le
4786 3590 4973 3712 coſté

2850 3721 3147 3837 gauche
3218 3721 3253 3837 en
3337 3721 3598 3837 avant,
3693 3721 3693 3837 &
3752 3721 4013 3837 faiſant
4073 3721 4132 3837 un
4203 3721 4334 3837 peu
4405 3721 4572 3837 plus
4619 3721 4975 3837 pencher

2840 3843 2888 3963 le
2984 3843 3224 3963 corps,
3272 3843 3308 3963 il
3356 3843 3656 3963 avance
3692 3843 3752 3963 le
3800 3843 3968 3963 bras
4040 3843 4208 3963 avec
4292 3843 4544 3963 deſſein
4665 3843 4725 3963 de
4797 3843 4977 3963 ſaiſir

2831 3973 3104 4089 l’eſpee
3175 3973 3235 4089 de
3294 3973 3389 4089 ſon
3496 3973 3936 4089 Contraire.
4066 3973 4613 4089 ALEXANDRE
4672 3973 4732 4089 au
4839 3973 4981 4089 meſ-

2867 4097 2953 4216 me
3026 4097 3331 4216 temps,
3404 4097 3709 4216 entrant
3807 4097 3856 4216 du
3954 4097 4125 4216 pied
4210 4097 4405 4216 droit
4491 4097 4686 4216 (qui
4759 4097 4979 4216 eſtoit

2843 4225 3103 4343 planté
3177 4225 3276 4343 ſur
3337 4225 3374 4343 la
3486 4225 4165 4343 Circonference)
4264 4225 4523 4343 faiſant
4597 4225 4844 4343 ſuivre
4918 4225 4980 4343 le

2856 4348 3108 4468 corps;
3158 4348 3360 4468 paſſe
3410 4348 3423 4468 à
3473 4348 3688 4468 l’aide
3763 4348 3814 4468 du
3889 4348 4217 4468 poignet
4267 4348 4393 4468 par
4444 4348 4582 4468 une
4696 4348 4998 4468 Circon-

2842 4474 3153 4593 ference
3203 4474 3315 4593 ſon
3414 4474 3614 4593 eſpee
3676 4474 3788 4593 par
3863 4474 4099 4593 deſſus
4149 4474 4199 4593 la
4249 4474 4485 4593 teſte;
4547 4474 4709 4593 puis
4771 4474 4983 4593 plan-

2842 4601 3002 4721 tant
3051 4601 3100 4721 le
3149 4601 3333 4721 pied
3395 4601 3628 4721 eſlevé
3677 4601 3788 4721 ſur
3825 4601 3886 4721 le
3997 4601 4316 4721 Quadrat
4366 4601 4439 4721 un
4513 4601 4636 4721 peu
4734 4601 4980 4721 oultre

2841 4727 2879 4844 la
2929 4727 3167 4844 lettre
3267 4727 3304 4844 O,
3367 4727 3367 4844 à
3442 4727 3630 4844 coſté
3718 4727 3768 4844 du
3893 4727 4256 4844 Diametre
4318 4727 4982 4844 perpendiculai-

2842 4850 2930 4972 re,
2980 4850 3018 4972 il
3055 4850 3293 4972 bleſſe
3343 4850 3381 4972 ſa
3443 4850 3682 4972 partie
3757 4850 3894 4972 d’un
3970 4850 4158 4972 coup
4245 4850 4796 4972 d’eſtramaçon
4884 4850 4884 4972 à
4934 4850 4984 4972 la

2842 4980 3082 5100 teſte;
3167 4980 3467 5100 comme
3528 4980 3624 5100 les
3684 4980 3973 5100 figures
4033 4980 4538 5100 enſeignent.

2976 5106 3013 5226 Il
3063 5106 3211 5226 faut
3272 5106 3494 5226 noter
3556 5106 3691 5226 que
3753 5106 4049 5226 pource
4123 5106 4246 5226 que
4345 5106 4702 5226 ZAacharie
4752 5106 4764 5226 à
4826 5106 4998 5226 por-

2841 5232 2902 5353 té
2962 5232 3011 5353 en
3083 5232 3314 5353 avant
3362 5232 3411 5353 le
3471 5232 3677 5353 coſté
3786 5232 3786 5353 &
3835 5232 3883 5353 le
3932 5232 4101 5353 bras
4174 5232 4465 5353 gauche
4537 5232 4731 5353 pour
4804 5232 4986 5353 ſaiſir

2842 5359 3110 5478 l’eſpee
3199 5359 3263 5478 de
3314 5359 3352 5478 ſa
3416 5359 3683 5478 partie,
3747 5359 3874 5478 que
3925 5359 4027 5478 ſon
4129 5359 4320 5478 coſté
4397 5359 4613 5478 droit,
4677 5359 4728 5478 le
4779 5359 4983 5478 bras,

2906 5488 2906 5609 &
2956 5488 3229 5609 l’eſpee
3278 5488 3439 5609 ſont
3489 5488 3823 5609 recules;
3873 5488 4047 5609 voilà
4108 5488 4592 5609 pourquoy,
4654 5488 4716 5609 AL
4778 5488 4988 5609 Exan-

2863 5611 2968 5733 dre
3026 5611 3026 5733 à
3096 5611 3212 5733 peu
3305 5611 3480 5733 avec
3550 5611 4062 5733 aſſeurance,
4155 5611 4539 5733 executer
4597 5611 4702 5733 ſon
4795 5611 4981 5733 coup

2855 5739 3426 5863 d’eſtramaçon
3512 5739 3562 5863 en
3636 5739 3823 5863 ceſte
3885 5739 4244 5863 Inſtance
4306 5739 4393 5863 s’y
4443 5739 4790 5863 proche.

3532 2123 3852 2299 Cercle
4058 2123 4332 2299 N.5.

1269 3869 1572 4045 Cercle
1788 3869 2069 4045 N.4.

2877 6592 3127 6711 Lacharie
3199 6592 3390 6711 voyant
3450 6592 3640 6711 l’eſpee
3700 6592 3736 6711 de
3784 6592 3819 6711 ſa
3867 6592 4046 6711 partie
4106 6592 4297 6711 devant
4332 6592 4380 6711 ſa
4440 6592 4631 6711 garde,
4690 6592 4929 6711 (comme
4977 6592 5012 6711 il

2965 6722 3023 6838 eſt
3081 6722 3162 6838 dict
3208 6722 3255 6838 au
3324 6722 3475 6838 Cercle
3533 6722 3800 6838 2.)entre
3858 6722 3893 6838 du
3951 6722 4067 6838 pied
4113 6722 4241 6838 droit
4276 6722 4357 6838 ſur
4392 6722 4427 6838 le
4508 6722 4798 6838 Diametre,
4845 6722 4995 6838 apres

2973 6848 3110 6965 avoir
3156 6848 3328 6965 attiré
3373 6848 3408 6965 le
3476 6848 3717 6965 gauche,
3785 6848 3957 6965 tirant
4002 6848 4037 6965 en
4105 6848 4266 6965 droite
4300 6848 4437 6965 ligne
4506 6848 4551 6965 au
4632 6848 4803 6965 viſage
4860 6848 4895 6965 de
4952 6848 4998 6965 ſa

2965 6975 3231 7094 partie.
3386 6975 3685 7094 Alexandre
3751 6975 3951 7094 avance
3995 6975 4084 7094 lors
4128 6975 4161 7094 le
4228 6975 4339 7094 pied
4416 6975 4571 7094 droit,
4715 6975 4715 7094 &
4782 6975 5003 7094 rencona

4848 7127 4997 7190 trant

2871 2375 3118 2498 Zacharie
3164 2375 3352 2498 voyant
3399 2375 3575 2498 l’eſpee
3633 2375 3669 2498 de
3715 2375 3751 2498 ſa
3798 2375 3962 2498 partie
4020 2375 4208 2498 devant
4243 2375 4290 2498 ſa
4349 2375 4501 2498 main,
4548 2375 4735 2498 tourne
4782 2375 4806 2498 le
4853 2375 4970 2498 coſté

2974 2506 3159 2624 gauche
3205 2506 3240 2624 en
3298 2506 3494 2624 avant,
3587 2506 3587 2624 &
3633 2506 3829 2624 faiſant
3887 2506 3991 2624 plus
4037 2506 4257 2624 pencher
4303 2506 4326 2624 le
4384 2506 4557 2624 corps,
4626 2506 4649 2624 il
4707 2506 4903 2624 avance
4950 2506 4973 2624 le

2964 2630 3078 2751 bras
3116 2630 3242 2751 pour
3280 2630 3318 2751 la
3356 2630 3520 2751 ſaiſir.
3659 2630 3950 2751 Alexandre
3988 2630 4026 2751 la
4089 2630 4241 2751 deſſus
4279 2630 4406 2751 paſſe
4469 2630 4532 2751 ſon
4583 2630 4709 2751 eſpee
4760 2630 4798 2751 en
4874 2630 4975 2751 Cir-

2961 2758 3267 2877 conference
3318 2758 3407 2877 par
3484 2758 3637 2877 deſſus
3688 2758 3726 2877 ſa
3790 2758 3943 2877 teſte,
4083 2758 4083 2877 &
4134 2758 4274 2877 bleſſe
4338 2758 4376 2877 ſa
4427 2758 4605 2877 partie
4682 2758 4784 2877 d’un
4860 2758 4975 2877 coup

2975 2882 3382 2993 d’eſtramaçon.

3598 6347 3913 6518 Cercle
4138 6347 4408 6518 N.6.
