5520 7640
757 346 901 483 trant
960 346 996 483 de
1032 346 1104 483 ſon
1152 346 1247 483 fort
1283 346 1319 483 le
1379 346 1522 483 foible
1594 346 1630 483 de
1677 346 1725 483 ſa
1773 346 1964 483 partie,
2012 346 2048 483 en
2131 346 2406 483 graduant
2454 346 2514 483 les
2562 346 2741 483 lames,

752 469 786 599 il
810 469 844 599 le
891 469 1030 599 perce
1076 469 1076 599 à
1134 469 1355 599 travers
1390 469 1425 599 la
1483 469 1680 599 teſte.

1122 663 1134 796 E
1237 663 1482 796 Cercle
1546 663 1675 796 tire
1739 663 1842 796 ſon
1945 663 2228 796 origine
2305 663 2370 796 de
2408 663 2730 796 l’opera-

1092 792 1225 896 tion
1309 792 1370 896 du
1478 792 1720 896 Cercle
1829 792 1865 896 N.
1925 792 1961 896 2.
2022 792 2070 896 où
2191 792 2734 896 ALEXANDRE

1088 913 1100 1048 à
1182 913 1277 1048 mis
1336 913 1372 1048 la
1431 913 1704 1048 pointe
1763 913 1834 1048 de
1893 913 1929 1048 ſa
1976 913 2166 1048 lame
2225 913 2628 1048 audevant
2675 913 2722 1048 la

1102 1042 1315 1174 garde
1402 1042 1464 1174 de
1539 1042 1577 1174 ſa
1664 1042 1964 1174 partie,
2051 1042 2164 1174 icy
2276 1042 2725 1174 ZACHARIE

626 1160 858 1298 ayant
919 1160 1126 1298 attiré
1175 1160 1224 1298 le
1285 1160 1456 1298 pied
1529 1160 1858 1298 gauche,
1943 1160 2138 1298 entre
2224 1160 2285 1298 du
2382 1160 2565 1298 droit
2614 1160 2724 1298 ſur

627 1290 675 1420 le
795 1290 1154 1420 Diametre
1213 1290 1285 1420 un
1357 1290 1477 1420 peu
1560 1290 1800 1420 oultre
1847 1290 1883 1420 la
1943 1290 2170 1420 lettre
2254 1290 2302 1420 V,
2350 1290 2577 1420 tirant
2649 1290 2697 1420 en

628 1413 836 1545 ligne
909 1413 1140 1545 droite
1201 1413 1250 1545 au
1335 1413 1554 1545 corps
1627 1413 1688 1545 de
1737 1413 1774 1545 ſa
1834 1413 2102 1545 partie.
2188 1413 2724 1545 ALEXANDRE

633 1536 691 1668 au
784 1536 1040 1668 meſme
1098 1536 1388 1668 temps,
1435 1536 1713 1668 avance
1783 1536 1829 1668 le
1888 1536 2062 1668 pied
2143 1536 2352 1668 droit,
2491 1536 2491 1668 &
2561 1536 2724 1668 ren-

650 1661 1002 1792 contrant
1087 1661 1135 1792 du
1220 1661 1366 1792 fort
1475 1661 1523 1792 de
1584 1661 1681 1792 ſon
1766 1661 1972 1792 eſpee
2020 1661 2081 1792 le
2129 1661 2359 1792 foible
2432 1661 2493 1792 de
2565 1661 2723 1792 celle

648 1783 710 1920 de
771 1783 808 1920 ſa
870 1783 1142 1920 partie,
1179 1783 1216 1920 il
1277 1783 1549 1920 gradue
1598 1783 1697 1920 les
1747 1783 2006 1920 lames,
2067 1783 2117 1920 de
2203 1783 2512 1920 maniere
2574 1783 2734 1920 qu’il

629 1908 790 2042 faut
852 1908 989 2042 que
1026 1908 1076 2042 la
1126 1908 1324 2042 lame
1387 1908 1449 2042 de
1498 1908 1536 2042 ſa
1598 1908 1834 2042 partie
1909 1908 2145 2042 quitte
2194 1908 2232 2042 ſa
2281 1908 2517 2042 ligne,
2580 1908 2729 2042 lors

627 2031 909 2160 l’ayant
970 2031 1191 2160 bleſſé
1264 2031 1460 2160 d’une
1534 2031 1890 2160 eſtocade
1951 2031 1963 2160 à
2037 2031 2319 2160 travers
2380 2031 2417 2160 la
2503 2031 2723 2160 teſte,

656 2154 718 2289 de
780 2154 942 2289 telle
1016 2154 1227 2289 force
1314 2154 1438 2289 que
1500 2154 1537 2289 ſa
1636 2154 1847 2289 garde
1922 2154 2269 2289 parvient
2319 2154 2641 2289 juſques
2703 2154 2716 2289 à

628 2279 930 2408 l’autre,
968 2279 1006 2408 il
1044 2279 1308 2408 plante
1346 2279 1396 2408 le
1459 2279 1635 2408 pied
1698 2279 1874 2408 droit
1950 2279 2114 2408 deſia
2176 2279 2340 2408 levé
2403 2279 2403 2408 à
2478 2279 2516 2408 la
2592 2279 2718 2408 let-

632 2403 728 2529 tre
847 2403 895 2529 M,
942 2403 1241 2529 laiſſant
1288 2403 1527 2529 ſuivre
1587 2403 1646 2529 le
1706 2403 2040 2529 gauche;
2159 2403 2446 2529 comme
2541 2403 2720 2529 mon-

628 2518 858 2647 ſtrent
910 2518 1012 2647 les
1051 2518 1384 2647 figures.

2985 371 3118 481 rence
3159 371 3200 481 en
3251 371 3568 481 s’avançant
3609 371 3917 481 l’entement
3968 371 4009 481 pu
4121 371 4428 481 preſentant
4480 371 4510 481 en
4562 371 4725 481 avant
4756 371 4787 481 le
4828 371 4951 481 coſté

3008 490 3155 608 droit,
3200 490 3223 608 il
3256 490 3403 608 croiſe
3471 490 3493 608 de
3550 490 3583 608 ſa
3640 490 3809 608 pinte
3843 490 3888 608 la
3933 490 4046 608 lame
4102 490 4136 608 de
4181 490 4215 608 ſa
4271 490 4530 608 partie.

1331 6514 1641 6695 Cercle
1840 6514 2128 6695 N8.

1348 3203 1659 3394 Cercle
1949 3203 2127 3394 .7.

662 3482 911 3609 Lacharie
956 3482 990 3609 ſe
1047 3482 1114 3609 met
1194 3482 1420 3609 derechef
1476 3482 1510 3609 en
1578 3482 1770 3609 poſture
1838 3482 1861 3609 le
1906 3482 2042 3609 corps
2099 3482 2291 3609 panché
2325 3482 2370 3609 en
2427 3482 2619 3609 avant,
2687 3482 2709 3609 le

751 3606 886 3743 haut
943 3606 976 3743 du
1033 3606 1146 3743 bras
1202 3606 1416 3743 juſques
1461 3606 1507 3743 au
1574 3606 1721 3743 coude
1777 3606 1924 3743 joint
1980 3606 2014 3743 au
2070 3606 2240 3743 coſté,
2307 3606 2488 3743 tenant
2533 3606 2555 3743 le
2600 3606 2725 3743 reſte

752 3729 863 3863 avec
907 3729 1095 3863 l’eſpee
1140 3729 1184 3863 un
1239 3729 1317 3863 peu
1361 3729 1394 3863 en
1450 3729 1605 3863 haut,
1649 3729 1682 3863 il
1715 3729 1915 3863 attend
1948 3729 2070 3863 ainſi
2125 3729 2159 3863 ſa
2203 3729 2402 3863 partie.
2502 3729 2723 3863 Alexan-

764 3857 831 3995 dre
887 3857 1022 3995 porte
1089 3857 1122 3995 ſa
1189 3857 1312 3995 lame
1368 3857 1447 3995 qui
1480 3857 1536 3995 eſt
1581 3857 1614 3995 en
1659 3857 1782 3995 haut
1838 3857 1872 3995 en
1939 3857 1984 3995 Ci
2028 3857 2330 3995 conference
2397 3857 2576 3995 devant
2632 3857 2722 3995 ſoy,

746 3981 931 4111 tenant
978 3981 1012 4111 la
1059 3981 1221 4111 pointe
1302 3981 1498 4111 d’icelle
1545 3981 1649 4111 vers
1695 3981 1718 4111 le
1764 3981 1880 4111 bas,
1950 3981 2054 4111 puis
2088 3981 2123 4111 la
2181 3981 2331 4111 baiſſe
2389 3981 2493 4111 tout
2551 3981 2551 4111 à
2609 3981 2725 4111 fait,

743 4098 778 4219 ſe
837 4098 1048 4219 dreſſant
1095 4098 1741 4219 perpendiculairement.

1116 4300 1128 4446 A
1212 4300 1525 4446 CHARIE
1573 4300 1802 4446 ayant
1886 4300 1982 4446 mis
2031 4300 2079 4446 le
2139 4300 2307 4446 pied
2368 4300 2657 4446 gauche
2705 4300 2717 4446 à

1091 4432 1160 4565 un
1230 4432 1346 4565 pas
1427 4432 1486 4565 de
1544 4432 1590 4565 la
1683 4432 2333 4565 Circonference,
2392 4432 2450 4565 le
2531 4432 2717 4565 droit

1093 4556 1105 4698 à
1153 4556 1190 4698 la
1250 4556 1468 4698 lettre
1564 4556 1613 4698 X,
1661 4556 1915 4698 faiſant
1963 4556 2313 4698 pencher
2374 4556 2422 4698 le
2507 4556 2712 4698 corps

1103 4677 1382 4812 deſſus,
1420 4677 1787 4812 joignant
1837 4677 1888 4812 le
1939 4677 2103 4812 bras
2166 4677 2343 4812 droit
2394 4677 2710 4812 juſques

624 4795 683 4935 au
778 4795 1015 4935 coude
1086 4795 1145 4935 au
1228 4795 1406 4935 long
1477 4795 1536 4935 du
1631 4795 1856 4935 coſté,
1928 4795 2188 4935 tenant
2259 4795 2307 4935 le
2378 4795 2556 4935 reſte
2651 4795 2698 4935 du

621 4915 848 5056 bras,
896 4915 943 5056 la
1027 4915 1218 5056 main,
1349 4915 1349 5056 &
1397 4915 1671 5056 l’eſpee
1731 4915 1790 5056 un
1862 4915 1981 5056 peu
2065 4915 2208 5056 vers
2267 4915 2327 5056 le
2387 4915 2601 5056 haut,
2661 4915 2709 5056 le

616 5047 787 5168 bras
844 5047 1140 5168 gauche
1185 5047 1242 5168 au
1333 5047 1606 5168 devant
1663 5047 1720 5168 du
1799 5047 2038 5168 corps,
2072 5047 2118 5168 la
2197 5047 2345 5168 main
2425 5047 2470 5168 en
2539 5047 2709 5168 haut

618 5171 629 5292 à
677 5171 712 5292 la
771 5171 1114 5292 hauteur
1173 5171 1220 5292 du
1303 5171 1575 5292 viſage;
1634 5171 1681 5292 en
1764 5171 1953 5292 ceſte
2012 5171 2320 5292 poſture
2355 5171 2391 5292 il
2438 5171 2710 5292 attend

619 5295 654 5428 ſa
713 5295 983 5428 partie.
1054 5295 1594 5428 ALEXANDRE
1676 5295 1982 5428 mettant
2029 5295 2076 5428 le
2134 5295 2299 5428 pied
2369 5295 2557 5428 droit
2604 5295 2710 5428 par

650 5415 774 5542 delà
848 5415 898 5542 le
1009 5415 1381 5542 Diametre
1430 5415 1727 5542 proche
1789 5415 1839 5542 du
1913 5415 2124 5542 point
2186 5415 2248 5542 du
2371 5415 2718 5542 Quadrat,

636 5532 941 5673 entrant
1001 5532 1050 5673 du
1123 5532 1293 5673 pied
1366 5532 1683 5673 gauche,
1731 5532 1768 5673 il
1816 5532 2035 5673 porte
2084 5532 2121 5673 ſa
2169 5532 2364 5673 lame
2449 5532 2558 5673 qui
2631 5532 2717 5673 eſt

631 5657 678 5798 en
760 5657 936 5798 haut
1007 5657 1054 5798 en
1171 5657 1770 5798 Circonference
1841 5657 1888 5798 au
1982 5657 2252 5798 devant
2322 5657 2393 5798 de
2452 5657 2616 5798 ſoy,
2663 5657 2710 5798 la

620 5779 893 5925 pointe
988 5779 1249 5925 devers
1308 5779 1356 5925 le
1427 5779 1617 5925 bas,
1771 5779 1771 5925 &
1843 5779 2187 5925 plantant
2246 5779 2365 5925 par
2460 5779 2721 5925 meſme

648 5902 895 6047 moyen
981 5902 1031 6047 le
1105 5902 1278 6047 pied
1352 5902 1636 6047 gauche
1722 5902 1944 6047 eſlevé
2018 5902 2117 6047 ſur
2179 5902 2228 6047 le
2352 5902 2722 6047 Diametre

637 6026 834 6164 entre
883 6026 982 6164 les
1031 6026 1302 6164 lettres
1400 6026 1400 6164 E
1511 6026 1560 6164 C,
1597 6026 1634 6164 il
1683 6026 1904 6164 baiſſe
1954 6026 1990 6164 ſa
2052 6026 2310 6164 pointe
2396 6026 2446 6164 du
2507 6026 2704 6164 tout,

646 6149 958 6288 dreſſant
1030 6149 1078 6288 le
1162 6149 1365 6288 corps
1425 6149 2168 6288 perpendiculaire;
2240 6149 2540 6288 comme
2612 6149 2707 6288 les

621 6273 913 6398 figures
1010 6273 1460 6398 monſtrent.

656 6780 955 6910 Alexandre
1001 6780 1312 6910 continuant
1358 6780 1450 6910 leve
1496 6780 1531 6910 ſa
1588 6780 1761 6910 pointe
1796 6780 1957 6910 baſſe,
2049 6780 2049 6910 &
2095 6780 2130 6910 la
2210 6780 2326 6910 mene
2372 6780 2406 6910 en
2475 6780 2729 6910 Circonfe-

3359 676 3892 792 LEXANDRE
3971 676 4424 792 continuant
4470 676 4923 792 l’operation

3339 794 3400 918 du
3545 794 3776 918 Cercle
3849 794 4285 918 precedent
4419 794 4455 918 N.
4528 794 4576 918 7.
4661 794 4831 918 leve
4904 794 4940 918 ſa

3324 921 3623 1031 pointe,
3669 921 3715 1031 la
3808 921 4084 1031 menant
4153 921 4199 1031 en
4314 921 4947 1031 Circonference,

3323 1044 3767 1166 s’avançant
3856 1044 4311 1166 l’entement
4400 1044 4588 1166 pour
4710 1044 4954 1166 mieux

2862 1169 3197 1296 pouvoir
3243 1169 3717 1296 rencontrer
3752 1169 4202 1296 l’operation
4283 1169 4352 1296 de
4398 1169 4433 1296 ſa
4491 1169 4757 1296 partie;
4791 1169 4953 1296 puis

2861 1290 3175 1412 portant
3233 1290 3280 1412 en
3361 1290 3582 1412 avant
3629 1290 3676 1412 le
3734 1290 3897 1412 bras
4013 1290 4013 1412 &
4071 1290 4339 1412 l’eſpee
4409 1290 4572 1412 avec
4630 1290 4677 1412 le
4758 1290 4944 1412 coſté

2890 1410 3097 1538 droit,
3158 1410 3195 1538 il
3256 1410 3537 1538 tourne
3598 1410 3646 1538 le
3720 1410 4037 1538 poignet
4110 1410 4171 1538 de
4220 1410 4415 1538 ſorte
4501 1410 4659 1538 qu’il
4720 1410 4940 1538 croiſe

2893 1516 2944 1656 de
2995 1516 3033 1656 ſa
3096 1516 3362 1656 pointe
3413 1516 3679 1656 l’eſpee
3755 1516 3818 1656 de
3869 1516 3970 1656 ſon
4072 1516 4490 1656 Contraire;
4528 1516 4680 1656 lors
4744 1516 4946 1656 planl

2863 1660 3020 1778 tant
3080 1660 3140 1778 le
3213 1660 3382 1778 pied
3466 1660 3647 1778 droit
3731 1660 3948 1778 eſlevé
4009 1660 4105 1778 ſur
4178 1660 4226 1778 la
4334 1660 4938 1778 Circonference

2882 1768 3081 1905 entre
3131 1768 3231 1905 les
3281 1768 3555 1905 lettres
3654 1768 3654 1905 F
3779 1768 3779 1905 &
3891 1768 3928 1905 X,
4003 1768 4028 1905 il
4090 1768 4215 1905 fait
4264 1768 4501 1905 ſuivre
4538 1768 4588 1905 le
4650 1768 4949 1905 gauche

2877 1910 2923 2027 en
3005 1910 3192 2027 rond
3263 1910 3426 2027 hors
3531 1910 3578 2027 du
3707 1910 3999 2027 Cercle,
4069 1910 4455 2027 penchant
4525 1910 4584 2027 un
4677 1910 4794 2027 peu
4876 1910 4935 2027 le

2862 2032 2912 2150 le
2986 2032 3197 2150 corps
3259 2032 3494 2150 deſſus
3543 2032 3593 2150 le
3667 2032 3828 2150 pied
3915 2032 4125 2150 droit,
4175 2032 4212 2150 il
4262 2032 4311 2150 ſe
4398 2032 4509 2150 met
4571 2032 4856 2150 comme
4905 2032 4943 2150 il

2881 2157 2957 2275 eſt
3007 2157 3460 2275 repreſenté
3511 2157 3624 2275 par
3674 2157 3775 2275 les
3826 2157 4140 2275 figures.

3614 2339 3920 2527 Cercle
4248 2339 4401 2527 .9.

2879 2588 3053 2702 Pource
3097 2588 3184 2702 que
3261 2588 3511 2702 Zacharie
3555 2588 3588 2702 ne
3631 2588 3893 2702 travaille
3937 2588 4068 2702 point
4155 2588 4439 2702 Alexandre
4493 2588 4755 2702 pourſuit,
4788 2588 4908 2702 avan

2982 2708 3102 2825 çant
3138 2708 3174 2825 le
3210 2708 3330 2825 pied
3390 2708 3510 2825 droit
3594 2708 3594 2825 &
3654 2708 3678 2825 le
3715 2708 3859 2825 corps
3895 2708 4147 2825 enſemble
4291 2708 4423 2825 bleſſe
4483 2708 4520 2825 ſa
4556 2708 4736 2825 partie
4796 2708 4832 2825 au
4892 2708 4952 2825 vi-

2976 2833 3113 2956 ſage;
3159 2833 3273 2956 puis
3307 2833 3330 2956 le
3376 2833 3513 2956 perce
3570 2833 3707 2956 d’une
3753 2833 3981 2956 eſtocade
4038 2833 4038 2956 à
4084 2833 4301 2956 travers
4347 2833 4381 2956 la
4427 2833 4632 2956 teſte.

3333 3022 3454 3140 Ecy
3527 3022 3600 3140 eſt
3648 3022 3697 3140 la
3745 3022 3927 3140 ſuite
3999 3022 4060 3140 de
4120 3022 4157 3140 la
4217 3022 4714 3140 precedente
4786 3022 4956 3140 ope-

3313 3148 3527 3261 ration
3622 3148 3669 3261 du
3776 3148 4025 3261 Cercle
4132 3148 4168 3261 N.
4227 3148 4263 3261 8.
4334 3148 4382 3261 où
4453 3148 4750 3261 pource
4821 3148 4940 3261 que

3352 3273 3814 3383 ZACHARIE
3907 3273 3988 3383 ne
4057 3273 4403 3383 travaille
4473 3273 4750 3383 point,
4888 3273 4946 3383 A-

3315 3394 3855 3512 LEXANDRE
3913 3394 3959 3512 le
4016 3394 4396 3512 pourſuit,
4453 3394 4776 3512 avançan
4879 3394 4925 3512 le

2866 3512 3029 3634 pied
3091 3512 3278 3634 droit
3391 3512 3391 3634 &
3440 3512 3503 3634 le
3565 3512 3777 3634 corps
3840 3512 4264 3634 enſemble,
4364 3512 4364 3634 &
4414 3512 4651 3634 bleſſe
4689 3512 4738 3634 ſa
4788 3512 4951 3634 par-

2859 3640 2944 3761 tie
3016 3640 3065 3761 au
3173 3640 3403 3761 viſage
3476 3640 3524 3761 en
3609 3640 3802 3761 ligne
3911 3640 4141 3761 droite
4226 3640 4395 3761 puis
4468 3640 4818 3761 plantant
4879 3640 4939 3761 le

2862 3763 3034 3880 pied
3120 3763 3304 3880 droit
3378 3763 3599 3880 eſievé
3660 3763 3955 3880 proche
4017 3763 4078 3880 de
4139 3763 4188 3880 la
4250 3763 4483 3880 lettre
4569 3763 4618 3880 S,
4680 3763 4938 3880 faiſant

2856 3885 3197 4002 pencher
3267 3885 3314 4002 le
3396 3885 3607 4002 corps
3701 3885 3936 4002 deſſus
4018 3885 4077 4002 de
4147 3885 4370 4002 toute
4441 3885 4488 4002 ſa
4558 3885 4816 4002 force,
4887 3885 4934 4002 le

2867 4011 3154 4128 gauche
3226 4011 3274 4128 le
3334 4011 3669 4128 ſuivant,
3741 4011 3765 4128 il
3836 4011 4064 4128 perce
4136 4011 4327 4128 d’une
4411 4011 4758 4128 eſtocade
4818 4011 4913 4128 ſon

2893 4134 3277 4250 Contraire
3347 4134 3347 4250 à
3417 4134 3697 4250 travers
3755 4134 3802 4250 la
3883 4134 4116 4250 teſte;
4233 4134 4524 4250 comme
4582 4134 4617 4250 il
4676 4134 4932 4250 appert

2865 4260 2978 4375 par
3028 4260 3117 4375 les
3180 4260 3495 4375 figures.

3546 4822 3850 4997 Cercle
4089 4822 4394 4997 N.10.

2891 5042 3131 5165 Zacharie
3191 5042 3372 5165 voyant
3420 5042 3504 5165 que
3540 5042 3576 5165 ſa
3624 5042 3793 5165 partie
3853 5042 4069 5165 dreſſant
4118 5042 4142 5165 le
4178 5042 4322 5165 corps
4370 5042 4430 5165 ſur
4478 5042 4514 5165 le
4551 5042 4659 5165 pied
4731 5042 4935 5165 gauche,

2967 5172 3066 5284 leve
3110 5172 3132 5284 le
3197 5172 3340 5284 droit,
3449 5172 3449 5284 &
3504 5172 3570 5284 luy
3613 5172 3701 5284 tire
3745 5172 3778 5284 en
3822 5172 4008 5284 courbe
4063 5172 4139 5284 une
4205 5172 4435 5284 eſtocade
4479 5172 4490 5284 à
4534 5172 4566 5284 la
4632 5172 4928 5284 poitrine.

3008 5295 3292 5408 Alexandre
3345 5295 3377 5408 le
3429 5295 3819 5408 remarquant,
3861 5295 4135 5408 rencontre
4198 5295 4229 5408 de
4271 5295 4313 5408 ſa
4356 5295 4524 5408 pointe
4566 5295 4598 5408 le
4640 5295 4735 5408 fort
4798 5295 4829 5408 de
4871 5295 4924 5408 ſon

2995 5418 3288 5535 Contraire,
3335 5418 3440 5535 puis
3475 5418 3709 5535 continue
3756 5418 3756 5535 à
3826 5418 4142 5535 deſgraduer
4236 5418 4236 5535 &
4294 5418 4564 5535 aſſujettir
4610 5418 4669 5535 ſon
4716 5418 4868 5535 eſpee.

3348 5562 3675 5711 ECercle
3736 5562 3869 5711 tire
3918 5562 4015 5711 ſon
4100 5562 4391 5711 origine
4464 5562 4513 5711 du
4610 5562 4950 5711 commẽ-

3322 5715 3628 5835 cement
3699 5715 3757 5835 de
3804 5715 4263 5835 l’operation
4346 5715 4722 5835 duCercle
4828 5715 4946 5835 N.8.

3353 5839 3785 5958 ZACHARIE
3855 5839 4402 5958 S’aperçevant
4472 5839 4601 5958 que
4671 5839 4706 5958 ſa
4799 5839 4950 5958 par-

3309 5960 3393 6075 tie
3502 5960 3538 6075 en
3647 5960 3960 6075 dreſſant
4032 5960 4093 6075 le
4165 5960 4382 6075 corps
4455 5960 4551 6075 ſur
4636 5960 4684 6075 le
4768 5960 4937 6075 pied

2874 6075 3156 6185 gauche
3201 6075 3359 6185 leve
3404 6075 3461 6185 le
3529 6075 3743 6185 droit,
3800 6075 3924 6185 tire
3980 6075 4025 6185 en
4104 6075 4398 6185 courbe
4443 6075 4590 6185 une
4658 6075 4940 6185 eſtoca-

2875 6195 2932 6321 de
3024 6195 3070 6321 en
3173 6195 3460 6321 dedans
3529 6195 3689 6321 vers
3747 6195 3781 6321 ſa
3873 6195 4263 6321 poitrine.
4389 6195 4951 6321 ALEXANDRE

2883 6319 3097 6444 dreſſé
3145 6319 3252 6444 ſur
3288 6319 3348 6444 le
3395 6319 3574 6444 pied
3634 6319 3920 6444 gauche
3967 6319 4480 6444 remarquant
4563 6319 4730 6444 cela,
4790 6319 4945 6444 ren-

2868 6450 3133 6568 contre
3202 6450 3260 6568 au
3375 6450 3629 6568 meſme
3698 6450 3940 6568 temps
4010 6450 4079 6568 de
4125 6450 4160 6568 ſa
4217 6450 4494 6568 pointe
4540 6450 4598 6568 le
4656 6450 4794 6568 fort
4875 6450 4944 6568 de

2860 6568 3121 6692 l’eſpee
3208 6568 3270 6692 de
3332 6568 3382 6692 ſa
3456 6568 3742 6692 partie,
3891 6568 3891 6692 &
3966 6568 4314 6692 plantant
4376 6568 4438 6692 le
4513 6568 4687 6692 pied
4774 6568 4947 6692 droit

2856 6693 3227 6818 (eſlevant
3274 6693 3334 6818 au
3442 6693 3692 6818 meſme
3740 6693 3991 6818 temps
4039 6693 4087 6818 le
4146 6693 4815 6818 gauche)proche
4875 6693 4935 6818 du

2858 6814 3034 6946 pied
3110 6814 3464 6946 gauche,
3565 6814 3615 6946 en
3729 6814 4196 6946 continuant
4259 6814 4272 6946 à
4360 6814 4827 6946 deſgraduer
4953 6814 4966 6946 &

4795 6944 4960 7036 aſſu-
