5520 7640
635 313 1016 441 aſſujettir
1080 313 1359 441 l’eſpee
1435 313 1486 441 de
1550 313 1651 441 ſon
1753 313 2185 441 Contraire;
2249 313 2287 441 il
2350 313 2630 441 avance
2693 313 2744 441 le

649 435 819 575 pied
884 435 1184 575 gauche
1236 435 1249 575 à
1315 435 1354 575 la
1406 435 1641 575 lettre
1746 435 1759 575 Q
1928 435 2216 575 comme
2294 435 2385 575 les
2451 435 2738 575 figures

667 572 1104 663 monſtrent.

1340 686 1659 901 Cercle
1886 686 2159 901 N.11.

671 898 960 1030 Alexandre
1005 898 1049 1030 au
1094 898 1183 1030 lieu
1250 898 1561 1030 d’executer
1606 898 1673 1030 ſon
1728 898 1951 1030 eſtocade
2007 898 2040 1030 en
2096 898 2307 1030 rigueur
2374 898 2441 1030 met
2485 898 2530 1030 ſa
2575 898 2742 1030 pointe

769 1025 947 1148 devant
992 1025 1026 1148 la
1059 1025 1283 1148 poitrine
1350 1025 1372 1148 de
1417 1025 1450 1148 ſa
1506 1025 1774 1148 partie.

1130 1164 1130 1298 E
1252 1164 1498 1298 Cercle
1596 1164 1952 1298 contient
2026 1164 2075 1298 la
2161 1164 2566 1298 pourſuite
2664 1164 2713 1298 du

1127 1291 1371 1421 Cercle
1420 1291 1993 1421 precedentN.
2030 1291 2140 1421 10.
2201 1291 2750 1421 ALEXANDRE

1089 1413 1394 1548 s’eſtant
1488 1413 1594 1548 mis
1664 1413 1969 1548 comme
2051 1413 2356 1548 deſſus,
2450 1413 2508 1548 au
2591 1413 2720 1548 lieu

1097 1538 1557 1672 d’executer
1617 1538 1714 1672 ſon
1811 1538 2173 1672 eſtocade
2246 1538 2282 1672 en
2367 1538 2730 1672 rigueur,

649 1660 957 1798 mettant
1017 1660 1052 1798 ſa
1123 1660 1384 1798 pointe
1455 1660 1727 1798 devant
1787 1660 1834 1798 la
1905 1660 2249 1798 poitrine
2332 1660 2391 1798 de
2462 1660 2509 1798 ſa
2581 1660 2746 1798 par-

626 1787 744 1925 tie,
792 1787 1087 1925 avance
1146 1787 1430 1925 encore
1489 1787 1548 1925 un
1631 1787 1820 1925 petit
1868 1787 1986 1925 pas
2045 1787 2104 1925 du
2175 1787 2352 1925 pied
2411 1787 2731 1925 gauche,

614 1913 664 2045 le
738 1913 1098 2045 plantant
1159 1913 1407 2045 oultre
1457 1913 1494 2045 la
1568 1913 1804 2045 lettre
1927 1913 1989 2045 Q;
2101 1913 2398 2045 comme
2485 1913 2609 2045 cela
2683 1913 2733 2045 ſe

620 2037 776 2159 voit
824 2037 955 2159 aux
1015 2037 1338 2159 figures.

1298 2571 1604 2735 Cercle
1822 2571 2150 2735 N.12.

632 2794 811 2911 Comme
901 2794 1192 2911 Alexandre
1236 2794 1371 2911 penſe
1415 2794 1628 2911 planter
1673 2794 1695 2911 le
1740 2794 1863 2911 pied
1908 2794 2064 2911 droit,
2143 2794 2400 2911 Zacharie
2456 2794 2646 2911 marche
2691 2794 2725 2911 en

742 2917 929 3035 dedans
987 2917 1022 3035 du
1069 2917 1185 3035 pied
1255 2917 1418 3035 droit,
1488 2917 1733 3035 bauſſant
1780 2917 1803 3035 le
1850 2917 1955 3035 bras
2048 2917 2048 3035 &
2106 2917 2316 3035 l’eſpee,
2375 2917 2631 3035 tournant
2689 2917 2736 3035 ſa

724 3041 947 3159 branche
994 3041 1311 3159 exterieure
1370 3041 1405 3159 en
1464 3041 1617 3159 haut,
1676 3041 1781 3159 puis
1828 3041 1993 3159 eſſaye
2063 3041 2204 3159 d’une
2251 3041 2427 3159 courbe
2486 3041 2498 3159 à
2545 3041 2721 3159 bleſſer

714 3158 760 3311 ſa
806 3158 981 3311 partie
1027 3158 1062 3311 en
1132 3158 1306 3311 debors
1352 3158 1434 3311 par
1492 3158 1643 3311 deſſus
1677 3158 1701 3311 le
1759 3158 1898 3311 bras.
2038 3158 2328 3311 Alexandre
2386 3158 2630 3311 fermant
2688 3158 2723 3311 la

1596 3416 1837 3638 Oſtre
1938 3416 2340 3638 diſciple
2441 3416 2663 3638 aura
2743 3416 2985 3638 aſſez
3065 3416 3528 3638 entendu
3649 3416 3850 3638 qu’il
3931 3416 4031 3638 ny
4112 3416 4112 3638 à
4192 3416 4494 3638 point
4595 3416 4675 3638 de
4756 3416 5018 3638 vove

1487 3631 1656 3775 plus
1740 3631 2190 3775 commode
2261 3631 2345 3775 ny
2430 3631 2500 3775 de
2584 3631 2908 3775 moyens
2950 3631 3119 3775 plus
3161 3631 3443 3775 aſſures
3527 3631 3977 3775 d’attaquer
4076 3631 4090 3775 &
4160 3631 4414 3775 vincre
4470 3631 4568 3775 ſon
4653 3631 5005 3775 ennemy

1483 3761 1635 3910 lors
1705 3761 1885 3910 qu’il
1940 3761 1996 3910 ſe
2065 3761 2425 3910 preſente
2494 3761 2550 3910 es
2619 3761 2993 3910 poſtures
3063 3761 3492 3910 deſclarées
3562 3761 3617 3910 en
3714 3761 3769 3910 ce
3866 3761 4227 3910 Tableau,
4296 3761 4421 3910 que
4504 3761 4559 3910 de
4615 3761 4809 3910 tenir
4850 3761 5003 3910 l’eſ-

1491 3904 1614 4051 pee
1682 3904 2214 4051 adcendente
2296 3904 2350 4051 de
2391 3904 2432 4051 la
2528 3904 2760 4051 droite
2801 3904 3006 4051 ligne
3060 3904 3060 4051 à
3156 3904 3415 4051 droite.
3538 3904 3633 4051 Car
3688 3904 4015 4051 j’eſtime
4097 3904 4247 4051 qu’il
4302 3904 4466 4051 aura
4548 3904 4725 4051 aſſez
4793 3904 4998 4051 com-

1495 4046 1660 4191 pris,
1743 4046 1908 4191 qu’il
1963 4046 2046 4191 ne
2115 4046 2280 4191 faut
2349 4046 2459 4191 pas
2514 4046 2679 4191 ſans
2748 4046 3037 4191 grande
3106 4046 3573 4191 precaution
3670 4046 4055 4191 aprocher
4124 4046 4551 4191 l’Inſtance
4633 4046 4826 4191 pour
4895 4046 4991 4191 of-

1493 4184 1761 4329 fencer
1817 4184 2240 4329 l’ennemi,
2311 4184 2339 4329 ſi
2409 4184 2677 4329 d’icelle
2734 4184 2762 4329 il
2818 4184 3002 4329 peut
3072 4184 3453 4329 offencer.
3552 4184 3735 4329 Voilà
3791 4184 4242 4329 pourquoy
4285 4184 4327 4329 il
4398 4184 4623 4329 ſuivra
4694 4184 4750 4329 ce
4835 4184 4990 4329 qu’il

608 4318 775 4471 aura
858 4318 1094 4471 cognu
1219 4318 1219 4471 &
1289 4318 1664 4471 eſprouvé
1733 4318 1900 4471 eſtre
1969 4318 2025 4471 le
2094 4318 2261 4471 plus
2303 4318 2497 4471 ſeur,
2567 4318 3081 4471 garantiſſant
3136 4318 3539 4471 touſiours
3609 4318 3678 4471 de
3747 4318 3789 4471 ſa
3859 4318 4178 4471 pointe,
4220 4318 4261 4471 le
4317 4318 4442 4471 lieu
4539 4318 4650 4471 qui
4706 4318 4762 4471 le
4831 4318 4998 4471 plus

601 4460 1193 4611 aparemment
1269 4460 1458 4611 peut
1533 4460 1710 4611 eſtre
1785 4460 2087 4611 touché
2213 4460 2213 4611 &
2289 4460 2402 4611 qui
2465 4460 2516 4611 ſe
2616 4460 2805 4611 meut
2868 4460 2919 4611 le
3019 4460 3271 4611 moins,
3359 4460 3851 4611 conduiſant
3913 4460 3951 4611 le
4027 4460 4216 4611 reſte
4279 4460 4455 4611 avec
4518 4460 4669 4611 une
4719 4460 4971 4611 aion

646 4601 1037 4759 moderée,
1158 4601 1158 4759 &
1225 4601 1373 4759 une
1441 4601 1845 4759 attention
1939 4601 2397 4759 neceſſaire,
2491 4601 2545 4759 de
2612 4601 2801 4759 peur
2882 4601 3016 4759 que
3097 4601 3447 4759 quelque
3515 4601 4121 4759 changement,
4201 4601 4255 4759 ou
4363 4601 4700 4759 quelque
4794 4601 4982 4759 coup

622 4745 788 4888 viſte
898 4745 898 4888 &
967 4745 1105 4888 tiré
1160 4745 1160 4888 à
1215 4745 1739 4888 l’improviſte
1808 4745 1891 4888 ne
1946 4745 2001 4888 le
2070 4745 2429 4888 trouble.

3043 335 3199 468 droite
3233 335 3367 468 ligne
3423 335 3457 468 du
3524 335 3624 468 fort
3703 335 3736 468 de
3781 335 3837 468 ſon
3893 335 4050 468 eſpee,
4139 335 4206 468 mis
4251 335 4352 468 aux
4419 335 4665 468 moindres
4710 335 4944 468 nombres
5000 335 5034 468 de

3036 463 3150 598 celle
3200 463 3238 598 de
3275 463 3313 598 ſa
3364 463 3565 598 partie,
3603 463 3640 598 il
3678 463 3716 598 la
3779 463 3980 598 gradue
4018 463 4056 598 en
4119 463 4257 598 ſorte
4307 463 4433 598 qu’il
4483 463 4509 598 le
4546 463 4685 598 bleſſe
4735 463 5024 598 auviſage,

3040 590 3143 709 puis
3189 590 3212 709 le
3269 590 3406 709 perce
3452 590 3464 709 à
3509 590 3727 709 travers
3761 590 3796 709 la
3853 590 4059 709 teſte.

3404 745 3543 882 Eſte
3619 745 4025 882 operation
4101 745 4240 882 tire
4303 745 4468 882 auſſi
4531 745 4632 882 ſon
4734 745 5025 882 origine

3391 875 3455 983 de
3518 875 3695 983 celle
3758 875 3809 983 du
3923 875 4163 983 Cercle
4264 875 4302 983 N.
4366 875 4404 983 8.
4467 875 4530 983 ou
4631 875 5023 983 ALEXAN-

3392 997 3533 1129 DRE
3598 997 3815 1129 penſe
3867 997 4174 1129 planter
4238 997 4290 1129 le
4367 997 4546 1129 pied
4610 997 4828 1129 droit.
4956 997 5008 1129 En

3390 1123 3438 1228 ce
3570 1123 3809 1228 Cercle
3929 1123 4096 1228 ZAC
4180 1123 4479 1228 HARIE
4575 1123 4862 1228 marche
4946 1123 4993 1228 du

2912 1243 3076 1374 pied
3152 1243 3329 1374 droit
3392 1243 3430 1374 en
3519 1243 3847 1374 dedans,
3885 1243 4239 1374 hauſſant
4289 1243 4340 1374 le
4390 1243 4554 1374 bras
4668 1243 4668 1374 &
4718 1243 5022 1374 l’eſpee,

2899 1367 3281 1505 tournant
3327 1367 3374 1505 la
3443 1367 3663 1505 garde
3720 1367 3767 1505 en
3848 1367 4044 1505 ſorte
4114 1367 4241 1505 que
4299 1367 4333 1505 la
4403 1367 4750 1505 branche
4819 1367 5027 1505 exte-

2898 1495 3149 1623 rieure
3209 1495 3413 1623 vient
3472 1495 3520 1623 en
3592 1495 3807 1623 haut;
3867 1495 4034 1623 puis
4082 1495 4441 1623 plantant
4489 1495 4537 1623 le
4596 1495 4764 1623 pied
4836 1495 5015 1623 droit

2900 1615 3001 1747 ſur
3064 1615 3114 1747 le
3240 1615 3617 1747 Diametre
3693 1615 3693 1747 à
3768 1615 3806 1747 la
3881 1615 4108 1747 lettre
4209 1615 4246 1747 V,
4309 1615 4347 1747 il
4422 1615 4661 1747 eſſaye
4724 1615 4900 1747 avec
4963 1615 5001 1747 la

2913 1741 3236 1875 courbe,
3323 1741 3385 1875 de
3459 1741 3733 1875 bleſſer
3795 1741 3832 1875 ſa
3907 1741 4155 1875 partie
4229 1741 4279 1875 en
4379 1741 4652 1875 dehors
4701 1741 4813 1875 par
4888 1741 5024 1875 deſ-

2894 1863 3002 1998 ſus
3062 1863 3122 1998 le
3182 1863 3350 1998 bras
3458 1863 3458 1998 &
3518 1863 3818 1998 l’eſpee.
3950 1863 4502 1998 ALEXANDRE
4574 1863 4634 1998 au
4754 1863 5006 1998 meſme

2895 1991 3161 2122 temps
3209 1991 3548 2122 fermant
3620 1991 3669 2122 la
3753 1991 3995 2122 droite
4056 1991 4261 2122 ligne
4358 1991 4418 2122 du
4527 1991 4672 2122 fort
4757 1991 4817 2122 de
4890 1991 4987 2122 ſon

2902 2115 3144 2246 eſpee,
3224 2115 3386 2246 qu’il
3466 2115 3582 2246 met
3628 2115 3766 2246 aux
3858 2115 4239 2246 moindres
4296 2115 4677 2246 nombres
4746 2115 4804 2246 de
4884 2115 5011 2246 cel-

2894 2238 2945 2379 le
3009 2238 3073 2379 de
3124 2238 3163 2379 ſa
3227 2238 3496 2379 partie;
3534 2238 3572 2379 il
3624 2238 3662 2379 la
3726 2238 4008 2379 gradue
4072 2238 4123 2379 en
4187 2238 4380 2379 ſorte
4456 2238 4623 2379 qu’il
4674 2238 4725 2379 le
4777 2238 5007 2379 bleſſe

2890 2368 2950 2497 au
3047 2368 3325 2497 viſage;
3398 2368 3555 2497 puis
3616 2368 3967 2497 plantant
4015 2368 4063 2497 le
4112 2368 4293 2497 pied
4354 2368 4535 2497 droit
4620 2368 4898 2497 devant
4958 2368 4995 2497 la

2891 2488 3087 2616 ligne
3217 2488 3217 2616 M
3334 2488 3387 2616 G,
3439 2488 3713 2616 faiſant
3765 2488 4118 2616 pencher
4157 2488 4209 2616 le
4287 2488 4496 2616 corps
4561 2488 4835 2616 deſſus,
4887 2488 5018 2616 ſui-

2899 2616 3057 2745 vant
3106 2616 3179 2745 un
3251 2616 3373 2745 peu
3458 2616 3506 2745 du
3603 2616 3883 2745 gauche
3943 2616 3943 2745 à
4028 2616 4247 2745 coſté,
4295 2616 4332 2745 il
4380 2616 4599 2745 perce
4660 2616 4696 2745 ſa
4757 2616 4999 2745 partie

2886 2737 2897 2869 à
2966 2737 3275 2869 travers
3332 2737 3378 2869 la
3446 2737 3698 2869 teſte;
3801 2737 4110 2869 comme
4190 2737 4248 2869 on
4351 2737 4499 2869 voit
4579 2737 4694 2869 par
4751 2737 4854 2869 les
4934 2737 5003 2869 fi-

2909 2891 3146 2977 gures.
