5520 7640
1149 1449 2548 1600 DECLARATION
2785 1449 3041 1600 DES
3297 1449 4479 1600 OPERATIONS

1943 1639 2042 1721 DV
2225 1639 2763 1721 TABLEAV
2961 1639 3668 1721 TRENTIEME.

3574 6169 3882 6353 Cercle
4101 6169 4365 6353 N.2.

1290 4007 1608 4174 Cercle
1863 4007 2096 4174 N.1.

2876 4051 3120 4167 Cercle
3254 4051 3302 4167 N.
3375 4051 3424 4167 7.
3546 4051 3826 4167 marche
3912 4051 3960 4167 du
4046 4051 4216 4167 pied
4301 4051 4484 4167 droit
4582 4051 4630 4167 en
4703 4051 4923 4167 hauſ-

2833 4178 2975 4291 ſant
3035 4178 3070 4291 ſa
3130 4178 3438 4291 pointe,
3545 4178 3545 4291 &
3640 4178 3925 4291 menant
3996 4178 4043 4291 le
4103 4178 4281 4291 pied
4352 4178 4921 4291 en-Circonfe-

2834 4300 3054 4413 rence
3124 4300 3240 4413 par
3321 4300 3390 4413 de
3448 4300 3494 4413 la
3564 4300 3610 4413 le
3726 4300 4166 4413 Diametre;
4247 4300 4282 4413 il
4351 4300 4571 4413 croiſe
4664 4300 4722 4413 de
4792 4300 4884 4413 ſon

2844 4421 3054 4537 eſpee
3101 4421 3147 4537 la
3194 4421 3392 4537 lame
3462 4421 3520 4537 de
3566 4421 3671 4537 ſon
3788 4421 4218 4537 Contraire:
4265 4421 4416 4537 lors
4463 4421 4812 4537 plantant
4859 4421 4917 4537 le

2833 4547 3008 4659 pied
3071 4547 3296 4659 eſlevé
3346 4547 3446 4659 ſur
3483 4547 3533 4659 la
3596 4547 3796 4659 ligne
3908 4547 3921 4659 G
4033 4547 4108 4659 M,
4208 4547 4471 4659 faiſant
4533 4547 4783 4659 ſuivre
4858 4547 4908 4659 le

2840 4667 3121 4784 gauche
3202 4667 3238 4784 en
3319 4667 3495 4784 rond
3577 4667 3846 4784 denant
3881 4667 3928 4784 la
3986 4667 4209 4784 lettre
4314 4667 4372 4784 D,
4419 4667 4454 4784 il
4489 4667 4794 4784 penche
4852 4667 4911 4784 le

2840 4792 3052 4906 corps
3186 4792 3197 4906 &
3264 4792 3309 4906 la
3387 4792 3734 4906 poitrine
3846 4792 4394 4906 moderement
4494 4792 4539 4906 en
4651 4792 4919 4906 avant;

2840 4912 3140 5027 comme
3198 4912 3302 5027 les
3371 4912 3660 5027 figures
3729 4912 4179 5027 monſtrent.

2896 5036 2942 5154 Il
2976 5036 3138 5154 faut
3207 5036 3795 5154 qu’ALExandre
3841 5036 4290 5154 remarque,
4336 5036 4532 5154 qu’en
4601 5036 4913 5154 portant

2829 5160 2877 5277 le
2925 5160 3105 5277 pied
3164 5160 3344 5277 droit
3416 5160 3463 5277 en
3535 5160 3775 5277 avant,
3810 5160 3846 5277 il
3882 5160 3942 5277 le
3990 5160 4145 5277 face
4205 5160 4229 5277 ſi
4277 5160 4708 5277 l’entemẽt,
4756 5160 4911 5277 qu’il

2829 5284 3178 5400 retienne
3259 5284 3655 5400 touſiours
3701 5284 3748 5400 le
3829 5284 4039 5400 corps
4097 5284 4295 5400 autãt
4364 5284 4516 5400 qu’il
4574 5284 4655 5400 eſt
4702 5284 4923 5400 poſſi-

2830 5404 2938 5521 ble
3010 5404 3058 5521 en
3118 5404 3226 5521 ſon
3298 5404 3550 5521 poids;
3586 5404 3705 5521 afin
3789 5404 4041 5521 d’eſtre
4125 5404 4353 5521 mieux
4401 5404 4496 5521 ſur
4544 5404 4592 5521 ſa
4664 5404 4904 5521 garde,

2829 5529 3014 5645 ponr
3061 5529 3421 5645 prevenir
3479 5529 3886 5645 l’eſtocade
3955 5529 4083 5645 que
4130 5529 4176 5645 ſa
4246 5529 4478 5645 partie
4548 5529 4908 5645 pourroit

2831 5653 3006 5770 tirer
3112 5653 3217 5770 ſur
3322 5653 3509 5770 luy,
3661 5653 3673 5770 &
3755 5653 3790 5770 la
3872 5653 4339 5770 rencontrer
4409 5653 4561 5770 plus
4667 5653 4912 5770 facile-

2856 5774 3073 5900 ment,
3157 5774 3458 5900 mettant
3506 5774 3567 5900 le
3615 5774 3783 5900 pied
3856 5774 4036 5900 droit
4121 5774 4350 5900 eſlevé
4482 5774 4482 5900 &
4566 5774 4615 5900 le
4699 5774 4916 5900 corps

2836 5902 2891 5988 ou
2958 5902 2991 5988 il
3058 5902 3446 5988 convient.

2866 6464 3110 6595 Zacharie
3157 6464 3319 6595 rompt
3354 6464 3401 6595 ſa
3459 6464 3668 6595 meſure,
3714 6464 3947 6595 retirant
3993 6464 4016 6595 le
4063 6464 4202 6595 corps
4237 6464 4318 6595 ſur
4353 6464 4376 6595 le
4423 6464 4539 6595 pied
4585 6464 4620 6595 de
4678 6464 4922 6595 derriere.

2990 6602 3283 6719 Alexandre
3330 6602 3554 6719 pourſuit
3601 6602 3706 6719 ſans
3753 6602 3977 6719 changer
4024 6602 4047 6719 le
4094 6602 4200 6719 bras
4235 6602 4270 6719 ni
4306 6602 4505 6719 l’eſpee,
4553 6602 4929 6719 deſmarchant

2973 6727 3007 6852 du
3052 6727 3166 6852 pied
3211 6727 3404 6852 gaube
3450 6727 3541 6852 par
3597 6727 3813 6852 derriere
3847 6727 3881 6852 le
3938 6727 4052 6852 droit
4097 6727 4268 6852 planté
4313 6727 4404 6852 par
4461 6727 4495 6852 de
4540 6727 4574 6852 la
4608 6727 4642 6852 le
4722 6727 4926 6852 Diame-

4805 6872 4917 6943 tre,

1551 1846 1626 2069 Es
1720 1846 2264 2069 preceptes
2395 1846 2470 2069 de
2563 1846 2657 2069 ce
2788 1846 3201 2069 Tableau
3332 1846 3444 2069 ne
3538 1846 3875 2069 ſeront
3969 1846 4119 2069 pas
4250 1846 4400 2069 mal
4456 1846 4456 2069 à
4550 1846 4944 2069 propos

1481 2069 1937 2219 conjoins
1989 2069 2159 2219 avec
2224 2069 2407 2219 ceux
2472 2069 2524 2219 du
2603 2069 3098 2219 precedent;
3176 2069 3268 2219 car
3333 2069 3385 2219 ce
3437 2069 3659 2219 ſeroit
3724 2069 3907 2219 peut
3998 2069 4063 2219 de
4142 2069 4403 2219 choſe,
4468 2069 4729 2219 d’avoir
4807 2069 4911 2219 en-

1466 2210 1719 2357 ſeigné
1770 2210 1808 2357 la
1897 2210 2213 2357 maniere
2289 2210 2720 2357 d’attaquer
2783 2210 2885 2357 ſon
2961 2210 3379 2357 ennemy,
3430 2210 3468 2357 ſi
3518 2210 3632 2357 par
3721 2210 3987 2357 meſme
4076 2210 4316 2357 moyen
4418 2210 4481 2357 on
4570 2210 4671 2357 n’y
4760 2210 4925 2357 con-

1468 2350 1819 2494 joignoit
1860 2350 1900 2494 la
1968 2350 2171 2494 façon
2265 2350 2468 2494 pour
2535 2350 2576 2494 ſe
2684 2350 3089 2494 maintenir
3157 2350 3670 2494 l’advantage
3751 2350 3954 2494 qu’on
4035 2350 4197 2494 s’eſt
4265 2350 4522 2494 acquis
4589 2350 4697 2494 ſur
4765 2350 4927 2494 luy.

1522 2488 1693 2631 C’eſt
1772 2488 1824 2631 ce
1916 2488 2048 2631 que
2114 2488 2311 2631 nous
2377 2488 2890 2631 pretendons
2955 2488 3139 2631 vous
3231 2488 3600 2631 monſtrer
3679 2488 3784 2631 par
3863 2488 3928 2631 ce
4047 2488 4428 2631 Tableau;
4520 2488 4915 2631 enſemble

1471 2630 1893 2767 comment
1968 2630 2018 2767 on
2092 2630 2278 2767 peut
2340 2630 2800 2767 pourſuivre
2850 2630 3309 2767 ſeurement
3384 2630 3446 2767 un
3533 2630 3881 2767 ennemy
3967 2630 4079 2767 qui
4129 2630 4179 2767 ſe
4241 2630 4651 2767 retireroit
4738 2630 4924 2767 quel-

612 2761 730 2904 que
783 2761 954 2904 pas,
1007 2761 1178 2904 avec
1217 2761 1257 2904 la
1362 2761 1678 2904 maniere
1771 2761 1823 2904 de
1902 2761 2613 2904 commodement
2679 2761 3127 2904 deſcouvrir
3166 2761 3259 2904 les
3338 2761 3640 2904 deſſeins
3719 2761 3891 2904 qu’il
3956 2761 4180 2904 cache
4233 2761 4457 2904 ſoubs
4510 2761 4549 2904 ſa
4615 2761 4839 2904 fuite;
4918 2761 4931 2904 &

582 2897 1075 3042 finalement
1138 2897 1555 3042 comment
1618 2897 1681 3042 on
1744 2897 1845 3042 les
1896 2897 2073 3042 peut
2123 2897 2477 3042 prevenir
2591 2897 2591 3042 &
2654 2897 2920 3042 eſuiter
2970 2897 3096 3042 s’ils
3134 2897 3311 3042 ſont
3374 2897 4069 3042 encommences,
4183 2897 4183 3042 &
4234 2897 4272 3042 ſi
4310 2897 4347 3042 la
4423 2897 4802 3042 neceſſité
4866 2897 4916 3042 le

594 3037 989 3183 requiert,
1029 3037 1081 3183 le
1147 3037 1397 3183 vincre
1450 3037 1555 3183 ſur
1621 3037 1806 3183 ceſte
1858 3037 2135 3183 feinte.
2280 3037 2332 3183 On
2411 3037 2490 3183 ne
2556 3037 3175 3183 s’eſmerveillera
3267 3037 3451 3183 donc
3504 3037 3622 3183 pas
3662 3037 3701 3183 ſi
3754 3037 3965 3183 celuy
4044 3037 4149 3183 qui
4189 3037 4491 3183 ſemble
4557 3037 4623 3183 au
4715 3037 4926 3183 com-

628 3175 995 3321 mencens
1060 3175 1309 3321 devoir
1361 3175 1780 3321 emporter
1820 3175 1859 3321 la
1924 3175 2239 3321 vitoire,
2291 3175 2383 3321 eſt
2435 3175 2487 3321 en
2566 3175 2632 3321 fin
2723 3175 2972 3321 vincu,
3037 3175 3195 3321 plus
3234 3175 3325 3321 les
3391 3175 3653 3321 choſes
3692 3175 3862 3321 ſont
3954 3175 4334 3321 difficiles,
4451 3175 4465 3321 &
4530 3175 4687 3321 plus
4766 3175 4923 3321 elles

603 3314 913 3462 veulent
981 3314 1157 3462 eſtre
1224 3314 1684 3462 enſeignees
1724 3314 1724 3462 à
1792 3314 2116 3462 plomb,
2211 3314 2225 3462 &
2279 3314 2738 3462 expliquees
2779 3314 2846 3462 au
2914 3314 3144 3462 long,
3211 3314 3306 3462 car
3360 3314 3387 3462 ſi
3455 3314 3509 3462 on
3590 3314 3657 3462 ne
3725 3314 4090 3462 cognoiſt
4157 3314 4806 3462 premierement
4874 3314 4914 3462 la

586 3452 850 3599 forme
929 3452 1061 3599 que
1127 3452 1575 3599 l’Ennemy
1628 3452 1931 3599 tiendra
1997 3452 2050 3599 en
2116 3452 2590 3599 attaquant,
2617 3452 2656 3599 il
2696 3452 2827 3599 ſera
2893 3452 3368 3599 impoſſible
3460 3452 3711 3599 d’eſlire
3763 3452 3816 3599 le
3922 3452 4159 3599 moyen
4238 3452 4660 3599 neceſſaire
4726 3452 4910 3599 pour

586 3591 637 3738 le
687 3591 951 3738 ſuiter,
1001 3591 1189 3738 voila
1252 3591 1692 3738 pourquoy
1767 3591 1830 3738 on
1930 3591 2232 3738 receura
2320 3591 2495 3738 cecy
2571 3591 2621 3738 en
2721 3591 2985 3738 bonne
3061 3591 3262 3738 part,
3387 3591 3387 3738 &
3462 3591 3802 3738 premier
3890 3591 4015 3738 que
4065 3591 4266 3738 nous
4304 3591 4744 3738 reprendre
4819 3591 4882 3738 on

586 3727 926 3874 prendra
978 3727 1017 3874 la
1083 3727 1331 3874 pleine
1422 3727 1475 3874 de
1540 3727 1684 3874 voir
1749 3727 2063 3874 comme
2102 3727 2154 3874 le
2207 3727 2376 3874 tout
2442 3727 2651 3874 plaira
2729 3727 2769 3874 en
2860 3727 3043 3874 gros.

606 4279 857 4416 Zacharie
901 4279 933 4416 ſe
1010 4279 1086 4416 met
1152 4279 1185 4416 en
1261 4279 1458 4416 poſture
1512 4279 1545 4416 la
1610 4279 1785 4416 partie
1829 4279 1993 4416 bhaute
2058 4279 2091 4416 du
2156 4279 2298 4416 corps
2353 4279 2571 4416 penchée
2637 4279 2670 4416 en

704 4402 883 4537 avant,
916 4402 1095 4537 fenant
1139 4402 1173 4537 le
1218 4402 1340 4537 haut
1396 4402 1430 4537 du
1474 4402 1586 4537 bras
1641 4402 1764 4537 droit
1820 4402 1853 4537 du
1898 4402 2010 4537 long
2065 4402 2099 4537 du
2143 4402 2289 4537 coſté,
2311 4402 2344 4537 le
2389 4402 2512 4537 reſte
2556 4402 2668 4537 avec

692 4529 888 4655 l’eſpee
932 4529 965 4655 en
1019 4529 1227 4655 avant,
1281 4529 1314 4655 la
1369 4529 1532 4655 pointe
1598 4529 1620 4655 de
1663 4529 1707 4655 ſa
1751 4529 1871 4655 lame
1925 4529 1969 4655 un
2012 4529 2100 4655 peu
2165 4529 2198 4655 en
2263 4529 2416 4655 baut,
2460 4529 2493 4655 la
2558 4529 2656 4655 main

704 4650 903 4780 gauche
947 4650 1124 4780 eſlevée
1179 4650 1224 4780 au
1290 4650 1467 4780 devant
1522 4650 1555 4780 du
1611 4650 1810 4780 viſage.
1898 4650 1931 4780 Al
1998 4650 2186 4780 xandre
2241 4650 2451 4780 s’eſtant
2518 4650 2573 4780 mis
2628 4650 2661 4780 en

704 4776 959 4922 premiere
1006 4776 1226 4922 Inſtance
1273 4776 1423 4922 croiſe
1482 4776 1516 4922 de
1574 4776 1632 4922 ſon
1690 4776 1818 4922 eſpee
1864 4776 1980 4922 celle
2038 4776 2062 4922 de
2120 4776 2154 4922 ſa
2201 4776 2398 4922 partie.

1057 4993 1450 5122 ACHARIE
1521 4993 1831 5122 s’eſtant
1902 4993 2010 5122 mis
2069 4993 2117 5122 en
2188 4993 2557 5122 poſture,
2617 4993 2676 5122 le

1030 5118 1200 5248 pied
1297 5118 1466 5248 droit
1539 5118 1636 5248 ſur
1697 5118 1745 5248 la
1866 5118 2472 5248 Circonference
2545 5118 2545 5248 à
2618 5118 2654 5248 la

1029 5240 1248 5370 lettre
1346 5240 1382 5370 X,
1406 5240 1467 5370 le
1528 5240 1808 5370 gauche
1869 5240 1930 5370 un
2015 5240 2234 5370 grand
2295 5240 2404 5370 pas
2465 5240 2684 5370 arrie-

1033 5364 1093 5492 re
1165 5364 1333 5492 hors
1392 5364 1452 5492 du
1560 5364 1799 5492 Cercle
1847 5364 2338 5492 reſpondant
2386 5364 2446 5492 au
2553 5364 2685 5492 Dia-

619 5487 896 5623 metre,
989 5487 1208 5623 ayant
1254 5487 1300 5623 la
1358 5487 1589 5623 partie
1659 5487 1890 5623 haute
1971 5487 2017 5623 du
2109 5487 2329 5623 corps
2375 5487 2444 5623 un
2537 5487 2652 5623 peu

580 5611 946 5750 penchée
1003 5611 1049 5750 en
1129 5611 1370 5750 avant,
1427 5611 1690 5750 tenant
1747 5611 1793 5750 le
1862 5611 2034 5750 bras
2102 5611 2274 5750 droit
2343 5611 2663 5750 juſques

580 5734 639 5872 au
733 5734 968 5872 coude
1038 5734 1097 5872 du
1155 5734 1343 5872 long
1402 5734 1460 5872 de
1507 5734 1613 5872 ſon
1695 5734 1907 5872 coſté,
1953 5734 2259 5872 portant
2329 5734 2376 5872 en
2446 5734 2669 5872 avant

580 5858 628 5993 le
687 5858 878 5993 reſte
937 5858 997 5993 du
1069 5858 1223 5993 bras
1283 5858 1450 5993 avec
1497 5858 1771 5993 l’eſpee
1819 5858 1855 5993 la
1914 5858 2176 5993 pointe
2236 5858 2296 5993 un
2367 5858 2486 5993 peu
2593 5858 2677 5993 eſ-

587 5981 804 6118 levée
876 5981 925 6118 en
1009 5981 1226 6118 haut,
1274 5981 1323 6118 le
1383 5981 1540 6118 bras
1600 5981 1890 6118 gauche
1962 5981 2191 6118 eſtant
2239 5981 2251 6118 à
2312 5981 2505 6118 coſté
2601 5981 2637 6118 du

599 6107 812 6244 corps
859 6107 1178 6244 juſques
1237 6107 1284 6244 au
1367 6107 1650 6244 coude,
1686 6107 1733 6244 la
1816 6107 1957 6244 main
2040 6107 2323 6244 eſlevée
2371 6107 2560 6244 pour
2619 6107 2654 6244 la

614 6229 930 6366 defence
991 6229 1040 6366 du
1125 6229 1392 6366 viſage,
1441 6229 1465 6366 il
1514 6229 1782 6366 attend
1867 6229 1916 6366 en
2013 6229 2195 6366 ceſte
2256 6229 2560 6366 poſture
2621 6229 2658 6366 ſa

595 6355 870 6493 partie.
1019 6355 1568 6493 ALEXANDRE
1648 6355 1957 6493 s’eſtant
2038 6355 2667 6493 premierement

616 6477 726 6615 mis
788 6477 837 6615 en
911 6477 1293 6615 premiere
1367 6477 1773 6615 Inſtance,
1822 6477 1871 6615 le
1945 6477 2118 6615 pied
2192 6477 2475 6615 gauche
2549 6477 2561 6615 à
2623 6477 2672 6615 la

590 6603 818 6738 lettre
914 6603 950 6738 C,
998 6603 1034 6738 la
1094 6603 1358 6738 pointe
1430 6603 1490 6738 de
1538 6603 1634 6738 ſon
1718 6603 1922 6738 eſpee
1982 6603 2030 6738 en
2113 6603 2269 6738 bas,
2329 6603 2377 6738 en
2437 6603 2485 6738 la
2569 6603 2689 6738 ma-

597 6727 803 6852 niere
868 6727 1216 6852 declarée
1267 6727 1319 6852 au
1448 6727 1744 6852 Tableau
1822 6727 2260 6852 precedent
2389 6727 2389 6852 X
2492 6727 2685 6852 XIX.
