5520 7640
610 396 712 531 tre,
757 396 1017 531 penchant
1073 396 1107 531 le
1152 396 1299 531 corps
1344 396 1525 531 deſſus,
1581 396 1897 531 deourant
1931 396 2214 531 ſuperieur
2293 396 2326 531 de
2372 396 2496 531 lame
2575 396 2609 531 de

616 545 652 662 ſa
712 545 976 662 partie.

1004 679 1121 808 Ecy
1185 679 1263 808 eſt
1302 679 1341 808 la
1405 679 1820 808 pourſuite
1884 679 1936 808 du
2053 679 2286 808 Cercle
2363 679 2622 808 prece-

979 807 1194 929 dent.
1325 807 1873 929 ALEXANDRE
1957 807 2184 929 ayant
2279 807 2410 929 pris
2470 807 2625 929 l’in-

963 928 1219 1049 ſtance
1293 928 1354 1049 de
1403 928 1439 1049 ſi
1476 928 1684 1049 pres,
1769 928 2063 1049 comme
2136 928 2173 1049 il
2234 928 2234 1049 a
2319 928 2454 1049 eſté
2527 928 2613 1049 dit

973 1053 1034 1179 cy
1108 1053 1380 1179 deſſus,
1491 1053 1491 1179 Z
1553 1053 1960 1179 ACHARIE
2034 1053 2293 1179 rompt
2355 1053 2405 1179 ſa
2503 1053 2627 1179 me-

494 1181 688 1303 ſure,
736 1181 784 1303 en
857 1181 1172 1303 retirant
1220 1181 1268 1303 le
1341 1181 1559 1303 corps
1607 1181 1716 1303 ſur
1764 1181 1813 1303 le
1873 1181 2055 1303 pied
2127 1181 2188 1303 de
2248 1181 2623 1303 derriere;

533 1306 545 1430 A
605 1306 1061 1430 LEXANDRE
1134 1306 1494 1430 pourſuit
1542 1306 1698 1430 ſans
1759 1306 2239 1430 changemẽt
2311 1306 2360 1430 du
2456 1306 2612 1430 bras

495 1428 597 1559 n’y
673 1428 1016 1559 d’eſpee,
1093 1428 1640 1559 deſmarchant
1729 1428 1780 1559 du
1869 1428 2034 1559 pied
2136 1428 2428 1559 gauche
2504 1428 2619 1559 par

514 1554 845 1680 derriere
894 1554 943 1680 le
1016 1554 1224 1680 droit,
1261 1554 1432 1680 puis
1493 1554 1542 1680 en
1616 1554 2215 1680 pourſuyvant,
2240 1554 2276 1680 il
2313 1554 2374 1680 le
2423 1554 2631 1680 plan-

493 1676 558 1805 te
623 1676 934 1805 pardelà
986 1676 1038 1805 le
1142 1676 1518 1805 Diametre
1595 1676 1699 1805 ſur
1738 1676 1777 1805 la
1842 1676 2036 1805 ligne
2114 1676 2166 1805 du
2296 1676 2620 1805 Quadrat

513 1802 913 1929 exterieur
1000 1802 1000 1929 P
1088 1802 1138 1929 T,
1188 1802 1600 1929 penchant
1650 1802 1700 1929 le
1763 1802 1988 1929 corps
2050 1802 2313 1929 deſſus,
2388 1802 2438 1929 en
2525 1802 2625 1929 de-

535 1927 881 2056 mourant
953 1927 1407 2056 cependant
1455 1927 1861 2056 ſuperieur
1956 1927 2016 2056 de
2075 1927 2123 2056 la
2171 1927 2362 2056 lame
2446 1927 2517 2056 de
2577 1927 2625 2056 ſa

493 2058 777 2183 partie;
836 2058 1131 2183 comme
1201 2058 1260 2183 on
1331 2058 1520 2183 peut
1579 2058 1721 2183 voir
1780 2058 1909 2183 aux
1968 2058 2287 2183 figures.

2794 377 3061 511 deſſus,
3149 377 3162 511 &
3213 377 3276 511 au
3352 377 3606 511 temps
3670 377 3796 511 que
3847 377 3949 511 ſon
4063 377 4456 511 Contraire
4507 377 4773 511 plante
4824 377 4875 511 le

2770 506 2948 634 pied
3012 506 3355 634 gauche,
3393 506 3431 634 il
3482 506 3533 634 le
3583 506 3812 634 bleſſe
3876 506 4054 634 avec
4092 506 4143 634 la
4206 506 4498 634 courbe
4587 506 4638 634 du
4702 506 4880 634 long

2803 633 2865 758 de
2902 633 3258 758 l’eſpaule
3331 633 3565 758 droite
3626 633 3872 758 oultre
3921 633 3958 758 ſa
4007 633 4203 758 lame
4265 633 4265 758 a
4314 633 4363 758 la
4424 633 4793 758 poitrine.

2928 759 3122 888 Ceſte
3195 759 3438 888 figure
3510 759 3644 888 ſert
3716 759 3910 888 pour
4020 759 4250 888 mieux
4335 759 4626 888 donner
4686 759 4698 888 à
4783 759 4880 888 en-

2764 886 3045 984 tendre
3094 886 3534 984 l’intention
3619 886 3693 984 de
3791 886 4182 984 Zacharie.

3496 1109 3811 1272 Cercle
4014 1109 4284 1272 N.5.

2789 1335 3042 1457 Zacharie
3086 1335 3295 1457 penſant
3339 1335 3603 1457 executer
3647 1335 3669 1457 le
3713 1335 3823 1457 coup
3878 1335 4186 1457 preeedent,
4263 1335 4571 1457 Alexandre
4615 1335 4879 1457 rencontre

2893 1461 2930 1583 de
2967 1461 3029 1583 ſon
3091 1461 3190 1583 fort
3252 1461 3276 1583 le
3326 1461 3474 1583 foible
3536 1461 3561 1583 de
3598 1461 3635 1583 ſa
3685 1461 3907 1583 partie,
3994 1461 3994 1583 &
4080 1461 4353 1583 graduant
4414 1461 4476 1583 les
4538 1461 4748 1583 lames,
4798 1461 4835 1583 il
4860 1461 4885 1583 le

2876 1591 3019 1707 perce
3062 1591 3073 1707 à
3128 1591 3347 1707 travers
3391 1591 3424 1707 la
3467 1591 3676 1707 teſte.

1169 2272 1475 2442 Cercle
1845 2272 1976 2442 N3.

536 2493 781 2621 Zacharie
842 2493 879 2621 ſe
941 2493 1076 2621 dreſſe
1125 2493 1198 2621 ſur
1235 2493 1260 2621 le
1309 2493 1419 2621 pied
1480 2493 1714 2621 gauche,
1763 2493 1910 2621 reſolu
1971 2493 2204 2621 deporter
2253 2493 2339 2621 une
2401 2493 2634 2621 eſtocade

633 2617 633 2744 à
679 2617 725 2744 ſa
772 2617 968 2744 partie.
1107 2617 1397 2744 Alexandre
1443 2617 1477 2744 en
1535 2617 1813 2744 avançant
1848 2617 1882 2744 le
1929 2617 2068 2744 bleſſe
2137 2617 2172 2744 au
2253 2617 2472 2744 viſage,
2542 2617 2646 2744 puis

624 2748 647 2868 le
703 2748 848 2868 perce
893 2748 904 2868 à
949 2748 1173 2868 travers
1217 2748 1251 2868 la
1296 2748 1508 2868 teſte.

1014 2904 1014 3027 E
1138 2904 1387 3027 Cercle
1449 2904 1561 3027 icy
1648 2904 2008 3027 contient
2083 2904 2132 3027 la
2219 2904 2630 3027 pourſuite

998 3030 1108 3125 des
1194 3030 1427 3125 Cercle
1537 3030 1574 3125 N.
1610 3030 1647 3125 1.
1782 3030 1782 3125 &
1843 3030 1867 3125 2.
1990 3030 2479 3125 ZACHARIE
2541 3030 2639 3125 re-

971 3149 1104 3276 ſolu
1189 3149 1249 3276 de
1310 3149 1576 3276 porter
1624 3149 1769 3276 une
1842 3149 2192 3276 eſtocade
2277 3149 2289 3276 à
2362 3149 2410 3276 ſa
2483 3149 2640 3276 par-

970 3275 1132 3402 tie,
1213 3275 1686 3402 commence
1756 3275 1767 3402 à
1848 3275 2229 3402 redreſſer
2287 3275 2345 3402 le
2426 3275 2634 3402 corps

506 3402 816 3532 penché
865 3402 977 3532 ſur
1026 3402 1076 3532 le
1138 3402 1299 3532 pied
1374 3402 1696 3532 gauche,
1746 3402 2106 3532 (comme
2155 3402 2180 3532 il
2242 3402 2329 3532 eſt
2403 3402 2651 3532 decla-

511 3528 560 3655 re
621 3528 670 3655 au
792 3528 1036 3655 Cercle
1146 3528 1317 3655 N.2.)
1366 3528 1427 3655 ce
1501 3528 1635 3655 que
1684 3528 2148 3655 remarquãt
2246 3528 2649 3655 ALEXAN-

528 3654 654 3779 DRE
729 3654 755 3779 il
805 3654 968 3779 leve
1018 3654 1069 3779 le
1119 3654 1295 3779 pied
1358 3654 1634 3779 droi,
1734 3654 1747 3779 &
1810 3654 2212 3779 avançant
2287 3654 2526 3779 prend
2589 3654 2651 3779 le

512 3779 1238 3901 commencement
1351 3779 1408 3901 du
1544 3779 2065 3901 mouvement
2167 3779 2325 3901 qu’il
2416 3779 2563 3901 faut
2631 3779 2631 3901 à

552 3899 1100 4027 ZACHARIE
1162 3899 1349 4027 pour
1398 3899 1461 4027 ſe
1523 3899 1859 4027 dreſſer,
1921 3899 1983 4027 le
2058 3899 2381 4027 bleſſant
2469 3899 2531 4027 de
2593 3899 2630 4027 ſa

510 4026 790 4153 pointe
851 4026 912 4153 au
1010 4026 1303 4153 viſage;
1376 4026 1547 4153 puis
1620 4026 1974 4153 plantant
2035 4026 2096 4153 le
2169 4026 2352 4153 pied
2413 4026 2645 4153 eſlevé

516 4152 693 4278 hors
757 4152 807 4278 du
921 4152 1162 4278 Cercle
1225 4152 1466 4278 oultre
1530 4152 1568 4278 la
1618 4152 1821 4278 ligne
2036 4152 2087 4278 T,
2138 4152 2543 4278 penchant
2594 4152 2657 4278 le

528 4273 746 4403 corps
861 4273 861 4403 &
913 4273 1182 4403 faiſant
1246 4273 1489 4403 ſuivre
1527 4273 1591 4403 le
1655 4273 2001 4403 gauche,
2052 4273 2091 4403 il
2155 4273 2347 4403 paſſe
2398 4273 2501 4403 ſon
2616 4273 2654 4403 e-

513 4401 839 4524 ſtocade
888 4401 900 4524 à
960 4401 1274 4524 travers
1310 4401 1359 4524 la
1419 4401 1613 4524 teſte
1685 4401 1745 4524 de
1794 4401 1830 4524 ſa
1902 4401 2205 4524 partie;
2277 4401 2579 4524 comme
2628 4401 2664 4524 il

519 4537 738 4656 apert
786 4537 920 4656 aux
969 4537 1297 4656 figures.

1288 5184 1586 5357 Cercle
1800 5184 2056 5357 N.4.

546 5435 733 5550 Comme
820 5435 1117 5550 Alexandre
1171 5435 1270 5550 leve
1325 5435 1347 5550 le
1413 5435 1522 5550 pied
1588 5435 1786 5550 gauche
1841 5435 1961 5550 pour
2016 5435 2049 5550 le
2104 5435 2290 5550 porter
2356 5435 2575 5550 derriere
2619 5435 2652 5550 le

666 5558 807 5672 droit,
894 5558 1155 5672 Zacharie
1199 5558 1351 5672 retire
1394 5558 1427 5672 le
1470 5558 1612 5672 corps
1645 5558 1688 5672 en
1742 5558 1982 5672 arriere,
2058 5558 2275 5672 portant
2341 5558 2362 5672 le
2428 5558 2536 5672 bras

653 5682 832 5804 l’eſpee
880 5682 916 5804 en
976 5682 1155 5804 haut,
1250 5682 1250 5804 &
1298 5682 1322 5804 le
1370 5682 1513 5804 bleſſe
1573 5682 1716 5804 d’une
1764 5682 1931 5804 courbe
1978 5682 2146 5804 oultre
2193 5682 2229 5804 ſa
2277 5682 2408 5804 lame
2468 5682 2504 5804 du
2552 5682 2659 5804 long

670 5815 705 5934 de
740 5815 994 5934 l’eſpaule
1052 5815 1052 5934 a
1098 5815 1133 5934 la
1179 5815 1492 5934 poitrine.

1029 5973 1197 6099 Eluy
1262 5973 1326 6099 cy
1404 5973 1649 6099 prend
1714 5973 1817 6099 ſon
1921 5973 2205 6099 origine
2296 5973 2360 6099 de
2438 5973 2671 6099 l’ope-

998 6098 1233 6193 ration
1315 6098 1374 6193 du
1480 6098 1679 6193 Cerc.
1785 6098 1832 6193 N.
1879 6098 1914 6193 2,
1973 6098 2020 6193 Ou
2126 6098 2654 6193 ALEXANDRE

1002 6224 1002 6347 à
1065 6224 1229 6347 levé
1280 6224 1330 6347 le
1393 6224 1570 6347 pied
1646 6224 1937 6347 gauche
2012 6224 2202 6347 pour
2278 6224 2328 6347 le
2404 6224 2657 6347 porter

1031 6353 1358 6444 derriere
1440 6353 1498 6444 le
1580 6353 1802 6444 droit.
1942 6353 1954 6444 Z
2012 6353 2409 6444 ACHARIE
2491 6353 2655 6444 reti-

545 6477 696 6599 rant
754 6477 859 6599 icy
906 6477 964 6599 le
1022 6477 1243 6599 corps
1290 6477 1360 6599 un
1430 6477 1558 6599 peu
1639 6477 1686 6599 en
1756 6477 2070 6599 arriere,
2117 6477 2338 6599 porte
2384 6477 2443 6599 le
2489 6477 2652 6599 bras

609 6600 621 6712 &
668 6600 938 6712 l’eſpee
997 6600 1044 6712 en
1114 6600 1325 6712 haut,
1361 6600 1748 6712 tournant
1795 6600 1854 6712 le
1901 6600 2148 6712 coude
2218 6600 2265 6712 en
2359 6600 2665 6712 dehors,

560 6719 608 6847 en
680 6719 871 6847 ſorte
943 6719 1074 6847 que
1110 6719 1158 6847 la
1218 6719 1564 6847 branche
1648 6719 2102 6847 exterieure
2174 6719 2245 6847 de
2305 6719 2353 6847 la
2448 6719 2664 6847 garde

558 6840 759 6974 vient
830 6840 878 6974 en
949 6840 1163 6974 haut,
1210 6840 1483 6974 tenant
1530 6840 1578 6974 le
1637 6840 1803 6974 bras
1934 6840 1934 6974 &
2005 6840 2278 6974 l’eſpee
2361 6840 2657 6974 comme

3258 1780 3270 1901 A
3353 1780 3673 1901 CHARIE
3744 1780 4005 1901 pẽſant
4088 1780 4455 1901 executer
4515 1780 4609 1901 ſon
4692 1780 4882 1901 coup

3259 1905 3707 2023 mentionné
3766 1905 3825 2023 au
3931 1905 4167 2023 Cercle
4226 1905 4662 2023 precedent
4768 1905 4804 2023 N.
4851 1905 4886 2023 4.

3239 2026 3378 2155 lors
3441 2026 3604 2155 qu’il
3654 2026 3881 2155 retire
3931 2026 3981 2155 le
4057 2026 4271 2155 corps
4321 2026 4421 2155 ſur
4472 2026 4522 2155 le
4585 2026 4748 2155 pied
4824 2026 4887 2155 de

3260 2158 3635 2276 derriere,
3683 2158 3865 2276 pour
3937 2158 4215 2276 bleſſer
4288 2158 4336 2276 ſa
4409 2158 4650 2276 partie
4723 2158 4892 2276 avec

2768 2282 2804 2402 la
2900 2282 3188 2402 courbe
3272 2282 3512 2402 oultre
3644 2282 3644 2402 &
3704 2282 3824 2402 par
3908 2282 4148 2402 deſſus
4208 2282 4256 2402 ſa
4328 2282 4556 2402 lame.
4712 2282 4712 2402 A
4796 2282 4892 2402 LE-

2795 2407 3120 2527 XANDRE
3204 2407 3457 2527 plante
3529 2407 4155 2527 promptement
4227 2407 4275 2527 le
4347 2407 4528 2527 pied
4600 2407 4901 2527 gauche

2820 2529 2929 2650 qui
2990 2529 3207 2650 eſtoit
3280 2529 3691 2650 derriere,)
3800 2529 3800 2650 &
3860 2529 4163 2650 entrant
4235 2529 4283 2650 du
4380 2529 4598 2650 droit,
4658 2529 4888 2650 avant

2782 2656 2923 2776 que
3028 2656 3181 2776 ZAC
3263 2656 3521 2776 HARIE
3579 2656 3708 2776 aye
3779 2656 3837 2776 le
3920 2656 4178 2776 temps
4248 2656 4436 2776 pour
4506 2656 4893 2776 redreſſer

2765 2785 2810 2897 le
2877 2785 3090 2897 corps
3157 2785 3314 2897 qu’il
3359 2785 3561 2897 avoit
3617 2785 3841 2897 retiré
3908 2785 3953 2897 en
4020 2785 4333 2897 arriere,
4367 2785 4401 2897 il
4457 2785 4893 2897 rencontre

2796 2904 2846 3022 de
2907 2904 3043 3022 fort
3118 2904 3180 3022 de
3241 2904 3278 3022 ſa
3328 2904 3513 3022 lame
3575 2904 3625 3022 le
3674 2904 3922 3022 foible
3996 2904 4058 3022 de
4132 2904 4305 3022 celle
4379 2904 4429 3022 de
4491 2904 4540 3022 ſa
4614 2904 4886 3022 partie;

2772 3031 2940 3148 puis
3012 3031 3396 3148 graduant
3444 3031 3540 3148 les
3588 3031 3888 3148 lames,
3936 3031 4296 3148 plantant
4368 3031 4416 3148 le
4464 3031 4644 3148 pied
4716 3031 4896 3148 droit

2793 3157 3019 3274 eſlevé
3069 3157 3169 3274 ſur
3219 3157 3270 3274 la
3320 3157 3521 3274 ligne
3596 3157 3646 3274 du
3797 3157 4111 3274 Quadrat
4173 3157 4688 3274 circonſcript
4738 3157 4914 3274 pro-

2790 3282 2912 3398 che
2985 3282 3046 3398 de
3094 3282 3143 3398 la
3192 3282 3424 3398 lettre
3546 3282 3594 3398 V,
3692 3282 3704 3398 &
3765 3282 4180 3398 eſtendant
4228 3282 4289 3398 le
4338 3282 4558 3398 bras;
4594 3282 4631 3398 il
4679 3282 4899 3398 perce

2786 3406 2996 3506 d’une
3054 3406 3427 3506 eſtocade
3474 3406 3579 3506 ſon
3683 3406 4068 3506 Contraire
4138 3406 4138 3506 à
4208 3406 4499 3506 travers
4557 3406 4592 3506 la
4674 3406 4895 3506 teſte.

2991 3530 3159 3650 Lors
3243 3530 3844 3650 qu’ALExandre
3928 3530 4012 3650 eſt
4073 3530 4301 3650 venut
4373 3530 4421 3650 en
4505 3530 4902 3650 l’inſtance

2796 3658 3326 3776 convenable,
3437 3658 3437 3776 &
3499 3658 3708 3776 apres
3770 3658 3931 3776 qu’il
3980 3658 3980 3776 à
4042 3658 4214 3776 fai
4276 3658 4412 3776 que
4473 3658 4510 3776 ſa
4572 3658 4806 3776 partie
4880 3658 4893 3776 à

2783 3783 3009 3899 retiré
3081 3783 3128 3899 le
3212 3783 3426 3899 corps
3497 3783 3664 3899 ſans
3724 3783 4045 3899 remuer
4105 3783 4200 3899 les
4283 3783 4545 3899 pieds,
4593 3783 4628 3899 il
4700 3783 4902 3899 doibt

2771 3909 3347 4026 (pourſuivant
3395 3909 3503 4026 ſon
3575 3909 4368 4026 avantage)prendre
4428 3909 4572 4026 bien
4656 3909 4909 4026 garde,

2797 4030 2957 4148 qu’il
3007 4030 3081 4148 ne
3143 4030 3476 4148 redreſſe
3526 4030 3625 4148 ſon
3711 4030 3921 4148 corps
3996 4030 4107 4148 qui
4156 4030 4243 4148 eſt
4305 4030 4478 4148 deſia
4527 4030 4762 4148 foible
4898 4030 4898 4148 &

2785 4156 2960 4242 hors
3030 4156 3088 4242 de
3146 4156 3193 4242 ſa
3251 4156 3496 4242 force.

3554 4731 3862 4897 Cercle
4104 4731 4346 4897 N.6.

2828 4955 3118 5088 Alexandre
3179 4955 3530 5088 pourſuivant
3578 4955 3614 5088 ſa
3663 4955 3832 5088 partie
3880 4955 3917 5088 en
3965 4955 4183 5088 inſtance
4231 4955 4352 5088 qu’il
4412 4955 4436 5088 le
4497 4955 4618 5088 peut
4690 4955 4908 5088 bleſſer,

2941 5088 3196 5202 Zacharie
3239 5088 3271 5202 ſe
3313 5088 3473 5202 retire
3515 5088 3685 5202 encore
3728 5088 3770 5202 un
3823 5088 3898 5202 pas
3940 5088 3983 5202 en
4036 5088 4259 5202 arriere.
4355 5088 4641 5202 Alexandre
4695 5088 4737 5202 au
4811 5088 4907 5202 meſ-

2933 5213 2977 5332 me
3022 5213 3188 5332 temps
3221 5213 3254 5332 le
3299 5213 3531 5332 pourſuit
3587 5213 3686 5332 d’un
3742 5213 3819 5332 pas
3863 5213 3897 5332 en
3952 5213 4140 5332 avant,
4185 5213 4218 5332 de
4251 5213 4384 5332 ſorte
4428 5213 4517 5332 que
4561 5213 4594 5332 ſa
4639 5213 4816 5332 partie
4871 5213 4905 5332 ſe

2908 5335 3172 5453 trouvant
3216 5335 3249 5453 en
3303 5335 3457 5453 peril,
3501 5335 3655 5453 eſſaye
3720 5335 3720 5453 d
3764 5335 3940 5453 eviter
3973 5335 4017 5453 ſa
4060 5335 4214 5453 lame;
4269 5335 4379 5453 mais
4434 5335 4752 5453 neanmoins
4807 5335 4840 5453 il
4872 5335 4905 5453 la

2908 5466 3190 5572 rencontre
3251 5466 3281 5572 de
3322 5466 3352 5572 la
3402 5466 3645 5572 ſienne.

3297 5601 3416 5720 Ecy
3496 5601 3576 5720 eſt
3656 5601 3696 5720 la
3762 5601 3949 5720 ſuite
4042 5601 4108 5720 de
4215 5601 4468 5720 Cercle
4588 5601 4707 5720 N.1.
4814 5601 4827 5720 &
4880 5601 4920 5720 2.

3263 5725 3322 5852 ou
3464 5725 4021 5852 ALEXANDRE
4104 5725 4459 5852 pourſuit
4554 5725 4589 5852 ſa
4672 5725 4909 5852 partie

3262 5853 3439 5976 avec
3498 5853 3909 5976 avantage,
4004 5853 4392 5976 &inſtance
4463 5853 4510 5976 en
4568 5853 4921 5976 laquelle

3254 5973 3292 6089 il
3356 5973 3406 6089 le
3482 5973 3660 6089 peut
3736 5973 4065 6089 bleſſer.
4230 5973 4788 6089 ZACHARIE
4864 5973 4914 6089 ſe

2817 6101 3100 6227 voyant
3162 6101 3187 6227 ſi
3261 6101 3396 6227 fort
3470 6101 3915 6227 pourſuyvi
3976 6101 4087 6227 par
4137 6101 4186 6227 ſa
4248 6101 4544 6227 partie,
4593 6101 4643 6227 ſe
4692 6101 4914 6227 retire

2809 6229 3085 6354 encore
3140 6229 3206 6354 un
3283 6229 3394 6354 pas
3460 6229 3515 6354 en
3582 6229 3891 6354 arriere.
3968 6229 4520 6354 ALEXANDRE
4597 6229 4652 6354 au
4763 6229 4917 6354 meſ-

2827 6350 2911 6473 me
2971 6350 3223 6473 temps
3259 6350 3319 6473 le
3367 6350 3727 6473 pourſuit
3775 6350 3943 6473 auſſi
4016 6350 4148 6473 d’un
4244 6350 4364 6473 pas
4424 6350 4472 6473 en
4544 6350 4796 6473 avant,
4844 6350 4916 6473 de

2805 6478 2996 6603 ſorte
3068 6478 3200 6603 que
3259 6478 3307 6603 ſa
3355 6478 3594 6603 partie
3666 6478 3785 6603 par
3857 6478 4048 6603 ceſte
4108 6478 4526 6603 pourſuite
4586 6478 4645 6603 ſe
4717 6478 4932 6603 trou-

2816 6603 2986 6727 vant
3047 6603 3084 6727 en
3156 6603 3375 6727 peril,
3411 6603 3654 6727 eſſaye
3739 6603 3800 6727 de
3861 6603 4189 6727 delivrer
4237 6603 4286 6727 ſa
4359 6603 4541 6727 lame
4614 6603 4674 6727 de
4747 6603 4917 6727 celle

2827 6731 2884 6853 de
2940 6731 2986 6853 ſa
3042 6731 3303 6853 partie;
3349 6731 3813 6853 neanmoins
3881 6731 3893 6853 A
3961 6731 4448 6853 LEXANDRE
4482 6731 4528 6853 la
4585 6731 4925 6853 rencon-

2810 6850 2908 6985 tre
2957 6850 3140 6985 avec
3189 6850 3226 6985 la
3287 6850 3593 6985 ſienne;
3666 6850 3960 6985 comme
4021 6850 4119 6985 les
4168 6850 4462 6985 figures
4535 6850 4939 6985 mõſtrent.

4806 6995 4938 7083 Cer-
