5520 7640
1379 5100 1679 5265 Cercle
1915 5100 2173 5265 N.9.

3651 373 3945 580 Cerle
4172 373 4466 580 N.10.

3083 581 3372 710 Alexandre
3416 581 3661 710 redouble
3694 581 3739 710 en
3783 581 3816 710 ce
3883 581 4039 710 Cercle
4072 581 4139 710 ſon
4194 581 4306 710 coup
4361 581 4784 710 d’eſtramaçon.

3297 700 3497 851 NEcy
3551 700 3631 851 eſt
3685 700 3725 851 la
3778 700 4179 851 pourſuite
4273 700 4326 851 du
4460 700 4687 851 Cercle
4807 700 4847 851 N.
4928 700 4981 851 9.

3378 844 3916 969 ALEXANDRE
3978 844 4154 969 eſtãt
4204 844 4504 969 penché
4541 844 4654 969 ſur
4692 844 4742 969 le
4804 844 4967 969 pied

3351 971 3574 1076 droit,
3610 971 3657 1076 ſe
3716 971 4092 1076 tournant
4139 971 4233 1076 ſur
4280 971 4327 1076 le
4409 971 4691 1076 meſme,
4821 971 4833 1076 &
4880 971 4974 1076 at-

3337 1096 3557 1215 tirant
3627 1096 3674 1215 le
3755 1096 4046 1215 gauche
4115 1096 4173 1215 le
4255 1096 4545 1215 voltant
4638 1096 4836 1215 entre
4917 1096 4952 1215 ſa

2888 1218 3119 1340 partie
3229 1218 3241 1340 &
3290 1218 3460 1340 ſoy,
3534 1218 3570 1340 il
3631 1218 3850 1340 porte
3911 1218 4021 1340 ſon
4106 1218 4313 1340 eſpee
4411 1218 4521 1340 (en
4594 1218 4862 1340 levant
4898 1218 4959 1340 le

2880 1340 3052 1460 pied
3113 1340 3444 1460 gauche)
3493 1340 3592 1460 ſur
3641 1340 3739 1460 ſon
3825 1340 4119 1460 eſpaule
4205 1340 4487 1460 droite;
4549 1340 4708 1460 puis
4794 1340 4966 1460 don-

2877 1466 3048 1583 nant
3106 1466 3380 1583 encore
3449 1466 3518 1583 un
3598 1466 3781 1583 coup
3873 1466 4456 1583 d’eſtramaçon,
4491 1466 4525 1583 il
4594 1466 4846 1583 plante
4903 1466 4960 1583 le

2878 1590 3052 1708 pied
3098 1590 3330 1708 eſlevé
3411 1590 3468 1708 un
3561 1590 3677 1708 peu
3769 1590 3815 1708 en
3896 1590 4186 1708 avant;
4267 1590 4556 1708 comme
4625 1590 4718 1708 les
4787 1590 4972 1708 figu-

2879 1715 2981 1832 res
3038 1715 3605 1832 repreſantent.

3633 2170 3930 2356 Cercle
4181 2170 4455 2356 N.

2922 2358 3209 2499 Alexandre
3259 2358 3409 2499 ayant
3459 2358 3496 2499 au
3571 2358 3721 2499 Cercle
3820 2358 3845 2499 N.
3895 2358 4207 2499 6aſſujetti
4244 2358 4419 2499 l’eſpee
4481 2358 4506 2499 de
4556 2358 4594 2499 ſa
4631 2358 4831 2499 partie,
4893 2358 4980 2499 Za-

2998 2508 3171 2623 charie
3217 2508 3251 2623 la
3297 2508 3516 2623 voulant
3574 2508 3804 2623 derechef
3861 2508 3930 2623 ſur
3976 2508 4195 2623 prendre
4241 2508 4356 2623 pour
4391 2508 4679 2623 leſſujetir,
4759 2508 4966 2623 Alexan-

3013 2629 3085 2748 dre
3121 2629 3479 2748 l’abandonne
3574 2629 3574 2748 &
3622 2629 3765 2748 porte
3801 2629 3837 2748 la
3884 2629 4040 2748 ſienne
4087 2629 4123 2748 de
4183 2629 4398 2748 deſſoubs
4445 2629 4481 2748 en
4541 2629 4720 2748 deſſus,
4756 2629 4827 2748 luy
4875 2629 4982 2748 don-

2994 2752 3113 2868 nant
3167 2752 3210 2868 un
3253 2752 3362 2868 coup
3426 2752 3805 2868 d’eſtramaçon
3859 2752 3870 2868 à
3924 2752 3957 2868 la
4000 2752 4206 2868 teſte.

3369 2893 3381 3010 E
3506 2893 3744 3010 Cercle
3819 2893 3881 3010 cy
3944 2893 4069 3010 tire
4119 2893 4219 3010 ſon
4294 2893 4581 3010 origine
4656 2893 4706 3010 du
4831 2893 4969 3010 Cer-

3353 3017 3438 3136 cle
3560 3017 3596 3136 N.
3681 3017 3718 3136 6.
3791 3017 3840 3136 où
3962 3017 3974 3136 A
4035 3017 4498 3136 LEXANDRE
4558 3017 4558 3136 à
4644 3017 4973 3136 aſſujetti

3336 3141 3600 3253 l’eſpee
3720 3141 3780 3253 de
3864 3141 3900 3253 ſa
3996 3141 4296 3253 partie,
4392 3141 4440 3253 en
4548 3141 4608 3253 ce
4728 3141 4968 3253 Cercle

3381 3264 3816 3355 ZACHARIE
3873 3264 3919 3355 la
4011 3264 4320 3355 voulant
4423 3264 4777 3355 derechef
4869 3264 4960 3355 ſur

2877 3380 3213 3504 prandre
3259 3380 3444 3504 avec
3490 3380 3756 3504 force,
3802 3380 3837 3504 il
3894 3380 4091 3504 entre
4160 3380 4218 3504 du
4287 3380 4461 3504 pied
4519 3380 4704 3504 droit
4785 3380 4969 3504 pour

2876 3499 3291 3611 l’aſſujetir:
3359 3499 3516 3611 mais
3595 3499 4145 3611 ALEXANDRE
4202 3499 4505 3611 entrant
4561 3499 4617 3611 au
4718 3499 4966 3611 meſme

2878 3628 3137 3745 temps
3219 3628 3266 3745 du
3360 3628 3536 3745 pied
3630 3628 3924 3745 gauche
4030 3628 4606 3745 abandonnant
4665 3628 4712 3745 la
4782 3628 4970 3745 lame

2914 3751 3341 3864 Contraire,
3424 3751 3435 3864 &
3483 3751 3743 3864 portãt
3791 3751 3826 3864 la
3886 3751 4134 3864 ſienne
4205 3751 4265 3864 de
4336 3751 4644 3864 deſſous
4703 3751 4750 3864 en
4833 3751 4975 3864 deſ-

2880 3873 2989 4000 ſus
3074 3873 3232 4000 celle
3329 3873 3390 4000 de
3439 3873 3487 4000 ſa
3560 3873 3888 4000 partie,
3973 3873 4313 4000 laquelle
4386 3873 4495 4000 par
4568 3873 4628 4000 ce
4713 3873 4956 4000 moyen

2874 3996 3059 4120 tõbe
3129 3996 3175 4120 en
3245 3996 3406 4120 bas;
3441 3996 3464 4120 il
3511 3996 3626 4120 luy
3707 3996 3950 4120 donne
4008 3996 4066 4120 un
4158 3996 4332 4120 coup
4413 3996 4957 4120 d’eſtramaçon

2877 4117 2889 4243 à
2937 4117 2973 4243 la
3034 4117 3214 4243 teſte
3287 4117 3335 4243 en
3407 4117 3817 4243 penchant
3878 4117 3938 4243 le
4010 4117 4288 4243 corps;
4384 4117 4541 4243 puis
4601 4117 4866 4243 plante
4927 4117 4975 4243 le

2874 4242 3046 4359 pied
3126 4242 3413 4359 gauche
3481 4242 3699 4359 eſlevé
3757 4242 3825 4359 un
3883 4242 3997 4359 pas
4066 4242 4112 4359 en
4181 4242 4433 4359 avaut,
4502 4242 4800 4359 comme
4869 4242 4972 4359 les

2874 4366 3158 4480 figures
3253 4366 3691 4480 monſtrent.

3584 4519 3885 4687 Cercle
4101 4519 4424 4687 N.12.

2895 4723 3068 4847 Pource
3114 4723 3195 4847 qne
3276 4723 3518 4847 Zacharie
3564 4723 3587 4847 ſe
3634 4723 3818 4847 tourne
3864 4723 3968 4847 vers
4014 4723 4049 4847 ſa
4095 4723 4303 4847 partie,
4395 4723 4695 4847 Alexandre
4729 4723 4891 4847 ſaiſiſt
4937 4723 4972 4847 de

2992 4845 3025 4970 la
3091 4845 3201 4970 main
3257 4845 3444 4970 gauche
3500 4845 3533 4970 la
3588 4845 3742 4970 garde
3798 4845 3831 4970 de
3875 4845 3930 4970 ſon
4007 4845 4272 4970 Contraire
4372 4845 4372 4970 &
4427 4845 4559 4970 tient
4593 4845 4637 4970 ſa
4703 4845 4869 4970 pointe
4924 4845 4957 4970 en

3006 4967 3118 5089 bas,
3168 4967 3318 5089 eſtant
3368 4967 3406 5089 en
3443 4967 3481 5089 ſa
3530 4967 3793 5089 puiſſance
3855 4967 3880 5089 de
3930 4967 3955 5089 le
3993 4967 4192 5089 bleſſer.

3370 5115 3485 5237 Ecy
3549 5115 3639 5237 eſt
3677 5115 3729 5237 la
3780 5115 3959 5237 ſuite
4036 5115 4100 5237 de
4138 5115 4586 5237 l’operation
4676 5115 4727 5237 du
4842 5115 4983 5237 Cer-

3349 5243 3440 5354 cle
3485 5243 3929 5354 precedent
4054 5243 4088 5354 N.
4122 5243 4202 5354 11.
4270 5243 4315 5354 Ou
4429 5243 4452 5354 A
4509 5243 4963 5354 LEXANDRE

3339 5365 3551 5485 apres
3598 5365 3798 5485 avoir
3857 5365 4080 5485 bleſſé
4128 5365 4175 5485 ſa
4245 5365 4480 5485 partie
4563 5365 4692 5485 d’un
4786 5365 4963 5485 coup

3360 5486 3953 5608 d’eſtramaçon,
3998 5486 4204 5608 entre
4261 5486 4534 5608 encore
4603 5486 4671 5608 un
4751 5486 4967 5608 grand

2887 5612 3003 5728 pas
3061 5612 3236 5728 avec
3282 5612 3329 5728 le
3387 5612 3550 5728 pied
3620 5612 3806 5728 droit
3876 5612 3980 5728 qui
4038 5612 4248 5728 eſtoit
4318 5612 4364 5728 en
4434 5612 4737 5728 arriere,
4771 5612 4981 5728 tour-

2885 5733 3056 5853 nant
3102 5733 3159 5853 le
3228 5733 3434 5853 corps
3480 5733 3949 5853 l’entement
3994 5733 4097 5853 ſur
4154 5733 4475 5853 iceluy,
4566 5733 4841 5853 tenant
4909 5733 4967 5853 le

2897 5856 3190 5976 gauche
3237 5856 3436 5976 preſt
3483 5856 3670 5976 pour
3717 5856 3975 5976 porter
4022 5856 4163 5976 une
4221 5856 4608 5976 eſtocade:
4702 5856 4702 5976 &
4749 5856 4971 5976 pour-

2900 5983 2960 6100 ce
3032 5983 3152 6100 que
3199 5983 3247 6100 ſa
3307 5983 3534 6100 partie
3594 5983 3642 6100 ſe
3690 5983 3965 6100 tourne
4025 5983 4181 6100 vers
4228 5983 4372 6100 luy,
4468 5983 4468 6100 &
4540 5983 4695 6100 qu’il
4743 5983 4970 6100 porte

2891 6101 2938 6219 le
2997 6101 3151 6219 bras
3270 6101 3270 6219 &
3317 6101 3590 6219 l’eſpee
3649 6101 3696 6219 en
3779 6101 4052 6219 avant;
4170 6101 4810 6219 ALEXANDRE
4869 6101 4988 6219 ſai-

2887 6224 3091 6341 ſiſant
3163 6224 3223 6341 de
3283 6224 3319 6341 ſa
3403 6224 3547 6341 main
3643 6224 3919 6341 gauche
3967 6224 4015 6341 la
4088 6224 4292 6341 garde
4352 6224 4424 6341 de
4472 6224 4568 6341 ſon
4652 6224 4988 6341 contrai-

2886 6348 2982 6465 re,
3018 6348 3270 6465 plante
3318 6348 3378 6465 le
3426 6348 3593 6465 pied
3665 6348 4013 6465 gauche,
4157 6348 4169 6465 &
4264 6348 4576 6465 mettant
4648 6348 4744 6465 ſon
4816 6348 4971 6465 bras

2901 6470 2962 6590 du
3024 6470 3208 6590 long
3282 6470 3331 6590 du
3417 6470 3601 6590 coſté
3674 6470 3883 6590 droit,
3920 6470 3956 6590 il
4018 6470 4202 6590 tient
4263 6470 4300 6590 la
4361 6470 4631 6590 pointe
4730 6470 4791 6590 de
4852 6470 4950 6590 ſon

2898 6593 3099 6711 eſpee
3170 6593 3217 6711 en
3288 6593 3442 6711 bas;
3501 6593 3725 6711 eſtant
3808 6593 3855 6711 en
3938 6593 3985 6711 ſa
4056 6593 4445 6711 puiſſance
4528 6593 4977 6711 d’executer

2885 6716 2981 6839 ſon
3065 6716 3425 6839 eſtocade
3473 6716 3533 6839 au
3617 6716 3809 6839 coſté
3893 6716 4061 6839 droit
4133 6716 4194 6839 de
4254 6716 4302 6839 ſa
4350 6716 4614 6839 partie;
4674 6716 4974 6839 comme

2880 6843 2905 6961 il
2955 6843 3004 6961 ſe
3078 6843 3215 6961 voit
3276 6843 3413 6961 aux
3475 6843 3796 6961 figures.

675 5341 925 5460 Zacharie
970 5341 1152 5460 voyant
1197 5341 1231 5460 la
1277 5341 1447 5460 pointe
1515 5341 1549 5460 de
1583 5341 1629 5460 ſa
1663 5341 1844 5460 partie
1901 5341 2083 5460 devant
2117 5341 2185 5460 ſes
2230 5341 2401 5460 yeux,
2457 5341 2491 5460 il
2525 5341 2559 5460 la
2628 5341 2741 5460 pare

765 5464 797 5580 en
849 5464 974 5580 haut
1027 5464 1058 5580 de
1100 5464 1236 5580 force
1299 5464 1529 5580 moderée,
1612 5464 1905 5580 Alexandre
1957 5464 2177 5580 entrant
2240 5464 2282 5580 un
2355 5464 2470 5580 plein
2533 5464 2627 5580 pas
2710 5464 2742 5580 du

766 5586 883 5709 pied
929 5586 1081 5709 droit,
1116 5586 1186 5709 luy
1256 5586 1395 5709 donne
1430 5586 1477 5709 un
1524 5586 1640 5709 coup
1722 5586 2094 5709 d’eſtramaçon
2141 5586 2211 5709 ſur
2257 5586 2339 5709 l’os
2420 5586 2455 5709 de
2490 5586 2525 5709 la
2584 5586 2747 5709 jambe

778 5719 954 5801 droite.

1160 5846 1160 5973 E
1309 5846 1544 5973 Cercle
1668 5846 2015 5973 procede
2127 5846 2177 5973 du
2313 5846 2747 5973 precedent

1186 5972 1211 6092 N.
1274 5972 1312 6092 8.
1400 5972 1852 6092 ZACHARIE
1927 5972 2204 6092 voyant
2254 5972 2292 6092 la
2355 5972 2619 6092 pointe
2694 5972 2757 6092 de

1117 6096 1213 6214 ſon
1334 6096 1707 6214 Contraire
1792 6096 2069 6214 devant
2129 6096 2225 6214 ſes
2298 6096 2539 6214 yeux,
2599 6096 2635 6214 il
2695 6096 2744 6214 la

1122 6216 1285 6339 pare
1366 6216 1424 6339 de
1494 6216 1703 6339 force
1808 6216 2145 6339 moderée
2226 6216 2273 6339 en
2366 6216 2587 6339 haut;
2645 6216 2749 6339 ſur

663 6343 864 6466 quoy
982 6343 1537 6466 ALEXANDRE
1631 6343 1927 6466 entrant
2009 6343 2080 6466 un
2175 6343 2352 6466 plein
2458 6343 2576 6466 pas
2671 6343 2730 6466 du

645 6462 820 6588 pied
895 6462 1107 6588 droit,
1157 6462 1419 6588 faiſant
1494 6462 1732 6588 ſuivre
1794 6462 1844 6588 le
1931 6462 2144 6588 corps
2194 6462 2206 6588 à
2294 6462 2481 6588 coſté
2568 6462 2631 6588 de
2693 6462 2743 6588 ſa

651 6589 947 6719 partie,
1033 6589 1070 6719 il
1132 6589 1255 6719 luy
1329 6589 1563 6719 donne
1612 6589 1674 6719 un
1760 6589 1945 6719 coup
2018 6589 2560 6719 d’eſtramaçon
2647 6589 2745 6719 ſur

638 6715 760 6835 l’os
832 6715 893 6835 de
942 6715 978 6835 la
1026 6715 1293 6835 jambe
1366 6715 1633 6835 droite;
1682 6715 1973 6835 comme
2021 6715 2058 6835 il
2094 6715 2301 6835 apert
2361 6715 2470 6835 par
2519 6715 2616 6835 les
2677 6715 2737 6835 fi-

665 6873 896 6963 gures.

4931 6962 4991 7076 Ce

1361 365 1665 540 Cercle
1969 365 2143 540 .7.

674 568 919 694 Zacharie
975 568 1120 694 uſant
1176 568 1209 694 de
1254 568 1388 694 force
1444 568 1756 694 moderée;
1868 568 2158 694 Alexandre
2202 568 2347 694 porte
2392 568 2425 694 en
2481 568 2637 694 avant
2704 568 2727 694 le

762 708 876 822 pied
922 708 1105 822 gauche
1151 708 1402 822 quieſtoit
1459 708 1722 822 derriere,
1756 708 1791 822 ſe
1859 708 2065 822 mettant
2111 708 2145 822 en
2191 708 2385 822 l’angle
2431 708 2637 822 ouvert.

1141 846 1141 962 E
1250 846 1494 962 Cercle
1567 846 1908 962 contient
1956 846 1993 962 la
2066 846 2248 962 ſuite
2334 846 2382 962 du
2480 846 2747 962 prece-

1127 971 1283 1066 dent
1391 971 1427 1066 N.
1499 971 1535 1066 6.
1631 971 1631 1066 Z
1703 971 2074 1066 ACHARIE
2146 971 2350 1066 uſant
2421 971 2481 1066 de
2529 971 2733 1066 force

1125 1094 1519 1212 moderée;
1577 1094 1600 1212 A
1658 1094 2387 1212 LEXANDREentre
2456 1094 2502 1212 du
2572 1094 2745 1212 pied

1124 1218 1403 1339 gauche
1475 1218 1584 1339 qui
1645 1218 1851 1339 eſtoit
1923 1218 2287 1339 derriere,
2311 1218 2372 1339 le
2420 1218 2735 1339 portant

652 1341 697 1463 en
776 1341 992 1463 avant
1060 1341 1423 1463 joignant
1503 1341 1934 1463 egalement
2002 1341 2059 1463 le
2138 1341 2354 1463 corps
2422 1341 2479 1463 au
2569 1341 2728 1463 bras

655 1462 878 1583 droit:
940 1462 1101 1583 puis
1150 1462 1448 1583 plantãt
1497 1462 1547 1583 le
1596 1462 1757 1583 pied
1819 1462 2092 1583 eſlevé;
2141 1462 2166 1583 il
2240 1462 2364 1583 met
2414 1462 2463 1583 le
2525 1462 2735 1583 corps

657 1589 707 1708 en
771 1589 1076 1708 l’angle.

787 1690 823 1828 Il
884 1690 1043 1828 faut
1091 1690 1311 1828 noter
1384 1690 1566 1828 qu’en
1640 1690 1895 1828 faiſant
1944 1690 2310 1828 l’entree,
2383 1690 2419 1828 il
2480 1690 2566 1828 eſt
2614 1690 2736 1828 be-

644 1836 773 1953 ſoin
855 1836 926 1953 de
984 1836 1313 1953 prendre
1371 1836 1524 1953 bien
1618 1836 1829 1953 garde
1888 1836 1935 1953 au
2029 1836 2498 1953 ſentiment,
2603 1836 2721 1953 afin

654 1960 709 2074 de
787 1960 1178 2074 travailler
1245 1960 1859 2074 promptement
1925 1960 2026 2074 ſur
2082 1960 2137 2074 le
2227 1960 2729 2074 mouvement

643 2080 715 2200 de
763 2080 1291 2200 l’adverſaire,
1351 2080 1399 2200 en
1459 2080 1579 2200 luy
1651 2080 1987 2200 coupant
2047 2080 2214 2200 auſſi
2262 2080 2406 2200 toſt
2466 2080 2562 2200 ſon
2634 2080 2730 2200 in-

648 2210 985 2293 tention.

1351 2344 1657 2536 Cercle
1789 2344 2139 2536 o&8.

667 2574 966 2692 Alexandre
1001 2574 1185 2692 tenant
1243 2574 1484 2692 aſſujetti
1519 2574 1554 2692 la
1600 2574 1726 2692 lame
1784 2574 1807 2692 de
1853 2574 1888 2692 ſa
1934 2574 2152 2692 partie,
2233 2574 2475 2692 Zacharie
2521 2574 2556 2692 la
2625 2574 2728 2692 ſur-

753 2701 896 2814 prent
962 2701 984 2814 de
1029 2701 1161 2814 force
1216 2701 1304 2814 d’un
1360 2701 1470 2814 bras
1514 2701 1713 2814 eſtandu
1768 2701 1801 2814 en
1845 2701 2022 2814 haut,
2077 2701 2110 2814 de
2165 2701 2297 2814 ſorte
2341 2701 2430 2814 que
2474 2701 2507 2814 la
2573 2701 2728 2814 ſienne

752 2825 890 2940 vient
948 2825 1097 2940 deſſus
1132 2825 1166 2940 la
1212 2825 1327 2940 teſte
1396 2825 1419 2940 de
1465 2825 1500 2940 ſa
1546 2825 1753 2940 partie.
1879 2825 2167 2940 Alexandre
2247 2825 2328 2940 met
2374 2825 2408 2940 ſa
2477 2825 2638 2940 pointe
2684 2825 2719 2940 en

755 2951 949 3062 courle,
1029 2951 1040 3062 &
1086 2951 1120 3062 la
1177 2951 1416 3062 preſante
1462 2951 1553 3062 aux
1610 2951 1736 3062 yeux
1804 2951 1838 3062 de
1884 2951 1918 3062 ſa
1975 2951 2169 3062 partie.

1119 3082 1245 3199 Ecy
1295 3082 1621 3199 reſourd
1683 3082 1733 3199 du
1809 3082 2247 3199 precedent
2347 3082 2573 3199 Cercle
2698 3082 2736 3199 N.

1105 3200 1137 3307 7.
1201 3200 1255 3307 ou
1362 3200 1706 3307 ALEXAN
1770 3200 1910 3307 DRE
1974 3200 2178 3307 entre
2221 3200 2489 3307 tenant
2554 3200 2736 3307 aſſu-

1086 3326 1261 3440 jetti
1296 3326 1342 3440 la
1401 3326 1587 3440 lame
1657 3326 1715 3440 de
1774 3326 1809 3440 ſa
1867 3326 2135 3440 partie:
2205 3326 2357 3440 mais
2450 3326 2730 3440 ZAcHA-

1104 3451 1198 3565 RIE
1256 3451 1303 3565 la
1361 3451 1466 3565 ſur
1513 3451 1746 3565 prand
1816 3451 2178 3565 derechef
2248 3451 2423 3565 avec
2481 3451 2726 3565 force,

636 3573 671 3691 la
730 3573 1050 3691 portant
1109 3573 1239 3691 d’un
1322 3573 1488 3691 bras
1594 3573 1606 3691 &
1665 3573 1867 3691 eſpee
1950 3573 2316 3691 eſtandus
2387 3573 2435 3691 en
2530 3573 2743 3691 haut,

661 3695 721 3813 de
768 3695 957 3813 ſorte
1028 3695 1158 3813 que
1206 3695 1253 3813 la
1312 3695 1573 3813 ſienne
1632 3695 1833 3813 vient
1904 3695 2141 3813 deſſus
2188 3695 2224 3813 la
2295 3695 2484 3813 teſte
2555 3695 2626 3813 de
2685 3695 2733 3813 ſa

637 3820 927 3936 partie.
1078 3820 1625 3936 ALEXANDRE
1694 3820 2020 3936 prenant
2113 3820 2264 3936 bien
2380 3820 2590 3936 garde
2659 3820 2717 3936 au

632 3943 1135 4057 ſentiment,
1224 3943 1503 4057 tourne
1570 3943 1626 4057 au
1749 3943 1994 4057 meſme
2084 3943 2340 4057 temps
2419 3943 2553 4057 que
2620 3943 2720 4057 ſon

670 4066 1055 4180 Contraire
1113 4066 1277 4180 leve
1323 4066 1417 4180 les
1487 4066 1744 4180 eſpees
1790 4066 1825 4180 ſa
1884 4066 2152 4180 pointe
2199 4066 2549 4180 (portant
2631 4066 2736 4180 en-

635 4190 925 4306 ſemble
971 4190 1018 4306 le
1087 4190 1273 4306 coſté
1343 4190 1621 4306 gauche
1679 4190 1749 4306 un
1818 4190 1934 4306 peu
2016 4190 2062 4306 en
2143 4190 2341 4306 avãt)
2399 4190 2445 4306 en
2526 4190 2735 4306 cour-

633 4312 755 4409 be,
811 4312 1077 4409 tenant
1122 4312 1155 4409 la
1244 4312 1388 4409 main
1533 4312 1533 4409 &
1599 4312 1644 4409 la
1722 4312 2066 4409 branche
2144 4312 2599 4409 exterieure
2666 4312 2721 4409 en

638 4434 823 4547 haut
881 4434 1032 4547 vers
1102 4434 1136 4547 la
1206 4434 1380 4547 veüe
1450 4434 1519 4547 de
1577 4434 1682 4547 ſon
1821 4434 2250 4547 Contraire;
2320 4434 2482 4547 puis
2552 4434 2749 4547 plan-

638 4554 791 4672 tant
839 4554 886 4672 le
945 4554 1111 4672 pied
1182 4554 1371 4672 droit
1430 4554 1655 4672 eſlevé
1714 4554 1773 4672 un
1856 4554 1974 4672 peu
2057 4554 2092 4672 en
2175 4554 2388 4672 avant
2447 4554 2447 4672 à
2518 4554 2743 4672 coſté,

637 4680 673 4797 il
767 4680 884 4797 met
955 4680 990 4797 ſa
1072 4680 1342 4797 pointe
1425 4680 1695 4797 devant
1766 4680 1860 4797 les
1942 4680 2142 4797 yeux
2224 4680 2283 4797 de
2353 4680 2400 4797 ſa
2471 4680 2741 4797 partie,

636 4803 854 4920 uſant
922 4803 980 4920 de
1049 4803 1496 4920 courtoiſie;
1553 4803 1840 4920 comme
1908 4803 1966 4920 on
2046 4803 2218 4920 peut
2275 4803 2424 4920 voir
2482 4803 2596 4920 par
2642 4803 2734 4920 les

644 4934 970 5070 figures.
