5520 7640
1532 288 1532 481 E
1729 288 2163 481 Tableau
2341 288 2597 481 vous
2735 288 2755 481 à
2952 288 3386 481 monſtré
3544 288 3761 481 aſſes
3919 288 4708 481 exaement,
4885 288 4945 481 en

1467 502 1702 651 quelle
1772 502 1994 651 façon
2105 502 2160 651 on
2271 502 2451 651 peut
2562 502 2978 651 maintenir
3061 502 3575 651 l’advantage
3658 502 3783 651 que
3852 502 3963 651 l’on
4060 502 4212 651 s’eſt
4268 502 4407 651 une
4476 502 4615 651 fois
4684 502 4947 651 acquis

1439 641 1550 790 ſur
1633 641 2091 790 l’ennemy,
2147 641 2271 790 luy
2327 641 2715 790 ſujettant
2771 641 3104 790 l’eſpee,
3173 641 3492 790 comme
3548 641 3728 790 auſſi
3770 641 3812 790 la
3909 641 4228 790 maniere
4325 641 4381 790 de
4464 641 4519 790 le
4589 641 4838 790 vincre
4922 641 4963 790 ſi

1450 789 1504 935 on
1599 789 1844 935 veut,
1939 789 2061 935 que
2129 789 2169 935 ſi
2224 789 2414 935 ſelon
2509 789 2645 935 nos
2713 789 3147 935 preceptes
3215 789 3269 935 on
3364 789 3744 935 l’attaque
3826 789 4613 935 courageuſement,
4654 789 4695 935 il
4762 789 4871 935 n’y
4939 789 4939 935 à

1436 928 1648 1074 nulle
1728 928 2019 1074 doubte
2112 928 2431 1074 qu’avec
2510 928 2630 1074 peu
2749 928 2802 1074 de
2868 928 3147 1074 labeur
3226 928 3279 1074 on
3372 928 3452 1074 ne
3531 928 3797 1074 vienne
3876 928 3876 1074 a
3956 928 4155 1074 bout
4248 928 4314 1074 de
4380 928 4486 1074 ſon
4579 928 4964 1074 entrepri-

1433 1070 1539 1216 ſe,
1619 1070 1712 1216 car
1791 1070 1990 1216 nous
2057 1070 2375 1216 n’avons
2441 1070 2574 1216 rien
2680 1070 3052 1216 employé
3132 1070 3185 1216 en
3291 1070 3344 1216 ce
3450 1070 3769 1216 Tableau
3875 1070 4339 1216 d’incertin,
4472 1070 4485 1216 &
4565 1070 4697 1216 que
4764 1070 4963 1216 nous

572 1210 899 1371 n’ayons
999 1210 1369 1371 eſprouvé
1455 1210 1569 1371 par
1626 1210 1668 1371 la
1740 1210 2053 1371 raiſon,
2167 1210 2181 1371 &
2252 1210 2808 1371 experimenté
2879 1210 3007 1371 par
3064 1210 3107 1371 la
3178 1210 3648 1371 praique.
