5520 7640
4769 6795 4904 6895 Cer-

1576 1775 1823 1992 Iant
1911 1775 2334 1992 eſtime,
2440 1775 2704 1992 qu’on
2845 1775 3320 1992 pourroit
3426 1775 3690 1992 nous
3778 1775 4272 1992 apporter
4377 1775 4835 1992 beaucou

1524 1978 2058 2118 d’objeions
2109 1978 2122 2118 à
2198 1978 2452 2118 noſtre
2567 1978 2872 2118 maniere
2961 1978 3024 2118 de
3101 1978 3368 2118 croiſer
3419 1978 3686 2118 l’eſpee
3774 1978 3838 2118 cy
3927 1978 4194 2118 devant
4283 1978 4664 2118 declarée,
4741 1978 4931 2118 nous

1496 2116 1730 2259 avons
1782 2116 2054 2259 trouvé
2119 2116 2249 2259 bon
2352 2116 2482 2259 d’en
2560 2116 2793 2259 parler
2884 2116 3247 2259 derechef
3325 2116 3662 2259 quelque
3727 2116 3857 2259 peu
3961 2116 4000 2259 en
4103 2116 4168 2259 ce
4272 2116 4635 2259 Tableau,
4726 2116 4934 2259 com-

1538 2255 1605 2395 me
1685 2255 1872 2395 nous
1926 2255 2166 2395 avons
2206 2255 2380 2395 fai
2433 2255 2567 2395 aux
2674 2255 2954 2395 Cercles
3007 2255 3088 2395 12.
3181 2255 3181 2395 &
3234 2255 3315 2395 13.
3395 2255 3755 2395 d’iceluy:
3875 2255 3969 2395 Car
4049 2255 4236 2395 pour
4276 2255 4744 2395 l’operation
4837 2255 4944 2395 de-

1495 2391 1708 2534 ſcrite
1775 2391 1842 2534 au
1922 2391 1948 2534 1.
2055 2391 2068 2534 &
2135 2391 2161 2534 2.
2281 2391 2601 2534 Cercles,
2654 2391 2774 2534 elle
2828 2391 2908 2534 n’a
2961 2391 3228 2534 jamais
3281 2391 3774 2534 auparavant
3827 2391 3974 2534 eſté
4054 2391 4427 2534 deſclarée
4493 2391 4533 2534 en
4613 2391 4947 2534 ſembla-

1494 2528 1598 2671 ble
1715 2528 2027 2671 maniere
2105 2528 2157 2671 ou
2248 2528 2559 2671 pareille
2624 2528 3014 2671 occaſion.
3131 2528 3209 2671 Au
3325 2528 3637 2671 Tableau
3975 2528 3988 2671 V
4066 2528 4104 2671 ſ.
4169 2528 4234 2671 ou
4364 2528 4715 2671 Zacharie
4793 2528 4949 2671 pre-

618 2666 822 2810 ſente
886 2666 988 2810 ſon
1077 2666 1281 2810 eſpée
1357 2666 1701 2810 courbée
1752 2666 1752 2810 à
1854 2666 2325 2810 Alexandre,
2401 2666 2758 2810 combien
2860 2666 2987 2810 que
3051 2666 3242 2810 cette
3306 2666 3548 2810 aion
3637 2666 3777 2810 ſoit
3866 2666 4172 2810 donnée
4236 2666 4287 2810 en
4414 2666 4732 2810 maniere
4809 2666 4936 2810 d’o-

616 2802 1071 2945 bligation,
1135 2802 1667 2945 neantmoins
1732 2802 1849 2945 elle
1927 2802 2290 2945 pourroit
2368 2802 2550 2945 eſtre
2615 2802 3043 2945 appliquée
3121 2802 3173 2945 en
3251 2802 3653 2945 l’occaſion
3744 2802 4133 2945 preſente,
4198 2802 4237 2945 ſi
4289 2802 4341 2945 le
4419 2802 4938 2945 commence-

649 2939 838 3082 ment
965 2939 965 3082 &
1028 2939 1699 3082 l’atouchement
1775 2939 2230 3082 n’eſtoyent
2306 2939 2331 3082 ſi
2420 2939 3052 3082 diſſemblables,
3128 2939 3255 3082 que
3330 2939 3520 3082 nous
3609 2939 4102 3082 craindrions
4203 2939 4583 3082 d’aporter
4646 2939 4709 3082 au
4798 2939 4912 3082 lieu

636 3078 1394 3216 deſclairciſſement
1471 3078 1613 3216 une
1690 3078 2088 3216 confuſion
2178 3078 2178 3216 à
2255 3078 2512 3216 noſtre
2614 3078 2974 3216 diſciple;
3051 3078 3514 3216 ſeulement
3578 3078 3603 3216 il
3668 3078 3796 3216 ſera
3873 3078 4182 3216 adverti
4271 3078 4323 3216 de
4400 3078 4451 3216 ſe
4528 3078 4824 3216 couvrir
4888 3078 4926 3216 la

621 3208 790 3355 veuë
894 3208 1102 3355 d’une
1180 3208 1453 3355 contre
1531 3208 1856 3355 courbe,
1908 3208 1973 3355 ou
2051 3208 2441 3355 s’aſſeurer
2519 3208 2558 3355 en
2649 3208 3000 3355 fermant
3064 3208 3103 3355 la
3168 3208 3402 3355 ligne,
3467 3208 3662 3355 pour
3714 3208 4065 3355 pervenir
4117 3208 4559 3355 l’eſtocade
4637 3208 4754 3355 qui
4806 3208 4936 3355 luy

612 3345 981 3492 pourroit
1049 3345 1227 3492 eſtre
1282 3345 1460 3492 tirée
1514 3345 1637 3492 par
1706 3345 2061 3492 deſſoubs
2102 3345 2157 3492 le
2212 3345 2376 3492 bras
2417 3345 2417 3492 à
2472 3345 2513 3492 la
2567 3345 2909 3492 poitrine
2978 3345 3032 3492 ou
3114 3345 3169 3492 au
3251 3345 3484 3492 coſté:
3552 3345 3607 3492 de
3661 3345 3853 3492 ſorte
3921 3345 4085 3492 qu’il
4126 3345 4208 3492 n’a
4277 3345 4441 3492 plus
4482 3345 4605 3492 rien
4673 3345 4933 3492 àfaire,

606 3488 643 3627 ſi
692 3488 827 3627 non
913 3488 1036 3627 que
1098 3488 1295 3627 tenir
1356 3488 2106 3627 continuellement
2168 3488 2205 3627 ſa
2254 3488 2463 3627 lame
2524 3488 2586 3627 ou
2660 3488 2696 3627 ſa
2758 3488 3028 3627 pointe
3102 3488 3471 3627 attachée
3520 3488 3520 3627 à
3582 3488 3852 3627 l’eſpee
3926 3488 4357 3627 contraire;
4430 3488 4701 3627 tenant
4775 3488 4935 3627 tant

633 3624 789 3767 qu’il
828 3624 958 3767 luy
1010 3624 1140 3767 ſera
1205 3624 1530 3767 poſſible
1595 3624 1647 3767 ſa
1751 3624 1907 3767 main
1985 3624 2037 3767 au
2128 3624 2323 3767 coſté
2401 3624 2609 3767 droit,
2713 3624 3038 3767 mettant
3090 3624 3311 3767 toute
3363 3624 3467 3767 ſon
3558 3624 3974 3767 eſperance
4026 3624 4130 3767 ſur
4195 3624 4377 3767 cette
4455 3624 4949 3767 continuelle

618 3762 1023 3905 pourſuite
1137 3762 1150 3905 &
1188 3762 1441 3905 liaiſon
1529 3762 1592 3905 de
1656 3762 1694 3905 ſa
1757 3762 2035 3905 pointe
2086 3762 2086 3905 à
2149 3762 2415 3905 l’eſpee
2491 3762 2921 3905 contraire,
2971 3762 3161 3905 pour
3237 3762 3351 3905 par
3427 3762 3477 3905 ce
3578 3762 3831 3905 moyen
3933 3762 4236 3905 divertir
4312 3762 4477 3905 tout
4552 3762 4641 3905 ſes
4742 3762 4932 3905 mou-

621 3898 972 4039 vemens.
1079 3898 1160 4039 Au
1241 3898 1335 4039 12.
1457 3898 1699 4039 Cercle
1766 3898 1820 4039 de
1888 3898 1941 4039 ce
2036 3898 2400 4039 Tableau,
2507 3898 2858 4039 Zacharie
2911 3898 2952 4039 ſe
3019 3898 3383 4039 preſente
3423 3898 3477 4039 le
3545 3898 3720 4039 haut
3800 3898 3854 4039 du
3949 3898 4164 4039 corps
4218 3898 4285 4039 un
4353 3898 4474 4039 peu
4555 3898 4717 4039 plus
4770 3898 4946 4039 reti-

612 4037 707 4182 ré,
761 4037 1031 4182 l’eſpee
1152 4037 1166 4182 &
1220 4037 1504 4182 l’avant
1558 4037 1720 4182 bras
1801 4037 1855 4182 en
1950 4037 2179 4182 droite
2247 4037 2476 4182 ligne,
2531 4037 2693 4182 plus
2747 4037 2936 4182 haut
3003 4037 3166 4182 qu’il
3206 4037 3382 4182 n’eſt
3449 4037 3571 4182 pas
3652 4037 3976 4182 monſtre
4044 4037 4179 4182 aux
4260 4037 4638 4182 Tableaux
4719 4037 4827 4182 29.
4935 4037 4949 4182 &

618 4172 710 4317 30.
776 4172 1105 4317 leſquels
1171 4172 1725 4317 changemens
1791 4172 1989 4317 nous
2041 4172 2121 4317 ne
2173 4172 2753 4317 repreſentons
2806 4172 2925 4317 icy
2991 4172 2991 4317 à
3070 4172 3281 4317 autre
3360 4172 3478 4317 fin,
3544 4172 3676 4317 que
3729 4172 3914 4317 pour
4006 4172 4296 4317 donner
4362 4172 4375 4317 à
4454 4172 4942 4317 cognoiſtre,

637 4311 757 4458 que
823 4311 1183 4458 combien
1276 4311 1396 4458 que
1556 4311 1850 4458 acharie
1903 4311 2089 4458 ſelon
2169 4311 2583 4458 l’occaſion
2649 4311 2809 4458 face
2876 4311 3249 4458 quelques
3302 4311 3542 4458 petits
3595 4311 4169 4458 changemens,
4208 4311 4648 4458 toutesfois
4702 4311 4928 4458 l’ope-

604 4445 850 4592 ration
924 4445 1060 4592 n’en
1146 4445 1232 4592 eſt
1293 4445 1404 4592 pas
1466 4445 2007 4592 entierement
2069 4445 2377 4592 alterée:
2451 4445 2512 4592 de
2574 4445 2832 4592 façon,
2894 4445 3017 4592 que
3079 4445 3251 4592 ceux
3325 4445 3436 4592 qui
3472 4445 3768 4592 auront
3817 4445 3965 4592 bien
4051 4445 4445 4592 entendus
4482 4445 4580 4592 les
4630 4445 4925 4592 aions

611 4581 1169 4736 repreſentées
1234 4581 1493 4736 audits
1571 4581 1753 4736 deux
1856 4581 2284 4736 Tableaux,
2349 4581 2751 4736 pourront
2816 4581 2894 4736 s’y
2972 4581 3451 4736 comporter
3516 4581 3698 4736 ſelon
3776 4581 3931 4736 leur
3996 4581 4476 4736 jugement:
4567 4581 4657 4736 car
4735 4581 4930 4736 pour

611 4716 1053 4872 reſpondre
1107 4716 1107 4872 à
1187 4716 1362 4872 ceux
1429 4716 1549 4872 qui
1590 4716 1643 4872 ſe
1710 4716 2032 4872 ventent
2113 4716 2166 4872 de
2234 4716 2569 4872 toucher
2649 4716 3079 4872 Alexandre
3159 4716 3199 4872 en
3293 4716 3400 4872 ſon
3467 4716 3883 4872 approche
3937 4716 4044 4872 par
4125 4716 4473 4872 deſſoubs
4514 4716 4567 4872 le
4621 4716 4809 4872 bras,
4849 4716 4903 4872 au

625 4856 825 5007 coſté
905 4856 972 5007 ou
1039 4856 1039 5007 à
1092 4856 1132 5007 la
1199 4856 1587 5007 poitrine,
1640 4856 1680 5007 je
1787 4856 1854 5007 dis
1934 4856 2134 5007 qu’ils
2201 4856 2228 5007 ſi
2281 4856 2776 5007 trouveront
2829 4856 3136 5007 abuſés,
3190 4856 3297 5007 veu
3377 4856 3417 5007 la
3470 4856 3778 5007 longue
3858 4856 4192 5007 diſtance
4272 4856 4379 5007 qui
4446 4856 4539 5007 eſt
4593 4856 4646 5007 au
4726 4856 4940 5007 com-

648 4989 1161 5146 mencement
1253 4989 1306 5146 de
1372 4989 1898 5146 l’operation,
1990 4989 2003 5146 &
2082 4989 2266 5146 qu’en
2359 4989 2806 5146 aprochant
2872 4989 2911 5146 il
2964 4989 3319 5146 s’aſſeure
3372 4989 3543 5146 avec
3596 4989 3635 5146 ſa
3701 4989 3964 5146 pointe
4056 4989 4122 5146 de
4175 4989 4438 5146 l’eſpee
4517 4989 4938 5146 contraire;

609 5132 661 5282 ſe
725 5132 1009 5282 tenant
1074 5132 1487 5282 touſiours
1552 5132 1875 5282 preparé
1952 5132 2146 5282 pour
2197 5132 2249 5282 le
2314 5132 2843 5282 pourſuivre,
2934 5132 2998 5282 ou
3088 5132 3282 5282 pour
3347 5132 3385 5282 le
3450 5132 3928 5282 rencontrer
4005 5132 4199 5282 ſelon
4315 5132 4444 5282 que
4496 5132 4909 5282 l’occaſion

609 5269 728 5427 luy
807 5269 1297 5427 permettra:
1389 5269 1879 5427 finalement
1945 5269 2196 5427 quand
2249 5269 2276 5427 il
2329 5269 2448 5427 luy
2501 5269 2646 5427 ſera
2699 5269 2990 5427 permis
3056 5269 3122 5427 de
3189 5269 3480 5427 couvrir
3533 5269 3797 5427 l’eſpee
3863 5269 4247 5427 contraire
4313 5269 4842 5427 pleinement,
4895 5269 4935 5427 il

637 5407 783 5561 doit
836 5407 1009 5561 eſtre
1075 5407 1274 5561 preſt
1327 5407 1486 5561 avec
1565 5407 1632 5561 un
1725 5407 1910 5561 petit
1976 5407 2547 5561 penchement
2639 5407 2679 5561 du
2772 5407 3011 5561 corps,
3077 5407 3130 5561 de
3196 5407 3249 5561 ſe
3342 5407 3607 5561 mettre
3673 5407 3727 5561 au
3833 5407 4111 5561 dedans
4177 5407 4217 5561 ſa
4270 5407 4575 5561 pointe,
4681 5407 4681 5561 &
4747 5407 4800 5561 en
4867 5407 4920 5561 le

611 5544 942 5700 bleſſant
1011 5544 1066 5700 ſe
1121 5544 1342 5700 loger
1397 5544 1563 5700 pres
1632 5544 1701 5700 de
1756 5544 1936 5700 luy,
2032 5544 2295 5700 devant
2377 5544 2529 5700 qu’il
2598 5544 2833 5700 puiſſe
2902 5544 3164 5700 retirer
3233 5544 3275 5700 ſa
3330 5544 3564 5700 lame;
3620 5544 3675 5700 ſe
3730 5544 4034 5700 ſervant
4117 5544 4172 5700 de
4255 5544 4448 5700 cette
4503 5544 4903 5700 operation

623 5681 894 5843 quand
948 5681 1354 5843 l’occaſion
1436 5681 1558 5843 luy
1639 5681 2127 5843 concedera;
2167 5681 2357 5843 ſelon
2438 5681 2533 5843 les
2574 5681 3116 5843 Inſtruions
3184 5681 3536 5843 données
3590 5681 3644 5843 en
3725 5681 3780 5843 ce
3847 5681 4145 5843 preſent
4240 5681 4606 5843 Tableau:
4715 5681 4918 5843 com-

616 5822 768 5978 bien
870 5822 997 5978 que
1061 5822 1188 5978 l’on
1277 5822 1353 5978 ne
1429 5822 1467 5978 ſe
1543 5822 1734 5978 ſerve
1810 5822 2268 5978 ſeulement
2344 5822 2407 5978 de
2484 5822 2674 5978 cette
2738 5822 2992 5978 aion
3081 5822 3399 5978 comme
3475 5822 3538 5978 on
3627 5822 3678 5978 la
3780 5822 4098 5978 monſtre
4161 5822 4275 5978 icy
4339 5822 4352 5978 à
4403 5822 4453 5978 la
4530 5822 4911 5978 premiere

601 5958 1087 6124 approche,
1206 5958 1363 6124 mais
1429 5958 1600 6124 auſſi
1665 5958 1744 6124 s’il
1810 5958 2125 6124 advient
2217 5958 2349 6124 que
2401 5958 2454 6124 le
2585 5958 2979 6124 Contraire
3045 5958 3098 6124 en
3190 5958 3636 6124 travaillant
3715 5958 3755 6124 en
3860 5958 4083 6124 ouvre
4136 5958 4188 6124 le
4293 5958 4609 6124 moyen,
4701 5958 4924 6124 chan-

619 6094 846 6258 geant
913 6094 953 6258 la
1060 6094 1287 6258 deſſus
1380 6094 1434 6258 de
1501 6094 1821 6258 poſture
1901 6094 1955 6258 en
2048 6094 2276 6258 haut,
2369 6094 2476 6258 bas
2556 6094 2623 6258 ou
2703 6094 2703 6258 à
2797 6094 3024 6258 coſté,
3091 6094 3158 6258 ou
3238 6094 3745 6258 s’avançeant
3826 6094 4320 6258 droitement
4387 6094 4494 6258 ſur
4547 6094 4921 6258 l’Adver-

614 6233 934 6392 verſaire
987 6233 1174 6392 ſelon
1280 6233 1480 6392 qu’on
1560 6233 1827 6392 jugera
1920 6233 2454 6392 convenable;
2534 6233 2840 6392 ſuivant
2894 6233 2987 6392 les
3054 6233 3587 6392 inſtruions
3680 6233 3840 6392 tant
3934 6233 3987 6392 du
4080 6233 4520 6392 precedent
4614 6233 4747 6392 que
4840 6233 4894 6392 du

618 6369 922 6539 preſent
1005 6369 1323 6539 Tableau
1434 6369 1780 6539 donneés
1821 6369 1932 6539 ſur
1987 6369 2070 6539 les
2167 6369 2444 6539 Cercles
2541 6369 3080 6539 mentionnez.
3218 6369 3274 6539 On
3357 6369 3481 6539 ſera
3578 6369 3772 6539 donc
3841 6369 4187 6539 adverti,
4256 6369 4311 6539 de
4381 6369 4574 6539 tenir
4643 6369 4906 6539 l’eſpee

615 6510 790 6675 vive,
857 6510 978 6675 afin
1072 6510 1207 6675 que
1260 6510 1408 6675 ſans
1462 6510 1664 6675 force
1785 6510 1785 6675 &
1825 6510 2483 6675 incommodité,
2551 6510 2672 6675 elle
2725 6510 2954 6675 puiſſe
3008 6510 3236 6675 ſuivre
3290 6510 3545 6675 l’eſpee
3612 6510 4002 6675 contraire
4083 6510 4123 6675 en
4204 6510 4379 6675 tous
4419 6510 4513 6675 ſes
4580 6510 4916 6675 change-

629 6649 850 6819 mens,
899 6649 1095 6819 pour
1156 6649 1205 6819 le
1291 6649 1585 6819 divertir
1658 6649 1977 6819 comme
2026 6649 2222 6819 nous
2270 6649 2503 6819 avons
2577 6649 2687 6819 dit.

1201 1336 2559 1485 DECLARATION
2812 1336 3045 1485 DES
3297 1336 4481 1485 OPERATIONS

1761 1549 1860 1640 DV
2032 1549 2574 1640 TABLEAV
2759 1549 3216 1640 TRENTE
3401 1549 3858 1640 VNIEME,
