5520 7640
1349 322 1646 490 Cercle
1859 322 2092 490 N.1.

609 554 910 670 Zacharias
957 554 1165 670 s’eſtant
1235 554 1293 670 mis
1339 554 1374 670 en
1432 554 1618 670 poſture
1699 554 2000 670 Alexandre
2047 554 2371 670 s’aproche,
2487 554 2487 670 &
2557 554 2696 670 apres

704 680 838 799 avoir
882 680 1049 799 planté
1093 680 1115 799 le
1171 680 1282 799 pied
1338 680 1449 799 droit
1515 680 1693 799 devant
1749 680 1782 799 le
1882 680 2138 799 Quadrat,
2204 680 2393 799 avance
2438 680 2460 799 le
2515 680 2704 799 gauche

788 805 788 921 &
837 805 1019 921 l’eſpee
1068 805 1347 921 enſemble)
1384 805 1408 921 le
1469 805 1724 921 plantant
1773 805 1858 921 par
1907 805 2016 921 deçà
2065 805 2089 921 le
2174 805 2429 921 Diametre
2490 805 2709 921 deſſoubs

696 934 730 1015 la
775 934 923 1015 lettre
1003 934 1037 1015 C.

1323 3472 1651 3634 Cercle
1870 3472 2155 3634 N.2.

587 3700 880 3811 Alexandre
946 3700 1184 3811 pourſuit
1239 3700 1467 3811 portant
1521 3700 1554 3811 ſa
1619 3700 1749 3811 lame
1814 3700 1847 3811 en
1912 3700 2314 3811 Circonference
2368 3700 2401 3811 de
2444 3700 2596 3811 hault
2661 3700 2694 3811 en

672 3822 743 3941 bas
791 3822 827 3941 le
934 3822 970 3941 N.
1053 3822 1077 3941 4.
1125 3822 1244 3941 ſans
1292 3822 1435 3941 poids
1482 3822 1530 3941 au
1649 3822 1685 3941 N.
1744 3822 1792 3941 5.
1863 3822 1899 3941 de
1959 3822 2066 3941 celle
2126 3822 2161 3941 de
2209 3822 2245 3941 ſa
2292 3822 2495 3941 partie,
2531 3822 2638 3941 puis
2686 3822 2721 3941 il

673 3944 874 4078 eſveille
934 3944 969 4078 un
1028 3944 1099 4078 peu
1146 3944 1182 4078 le
1229 3944 1513 4078 ſentiment
1572 3944 1821 4078 hauſſant
1868 3944 1903 4078 la
1962 3944 2104 4078 deſſus
2164 3944 2223 4078 les
2282 3944 2400 4078 deux
2447 3944 2637 4078 lames.

1061 4138 1393 4257 ECercle
1452 4138 1809 4257 contient
1844 4138 1892 4257 la
1951 4138 2355 4257 pourſuite
2426 4138 2474 4257 du
2557 4138 2711 4257 pre-

1039 4264 1347 4380 cedent.
1418 4264 1441 4380 A
1501 4264 1963 4380 LEXANDRE
2022 4264 2378 4380 plantant
2425 4264 2472 4380 le
2532 4264 2709 4380 pied

1042 4386 1230 4508 droit
1305 4386 1417 4508 par
1504 4386 1667 4508 deçà
1742 4386 1791 4508 le
1904 4386 2291 4508 Diametre
2366 4386 2466 4508 ſur
2528 4386 2566 4508 la
2640 4386 2715 4508 li-

1051 4515 1161 4632 gne
1271 4515 1284 4632 D
1394 4515 1430 4632 F.
1504 4515 1822 4632 portant
1883 4515 2445 4632 pareillement
2519 4515 2556 4632 ſa
2629 4515 2715 4632 la-

593 4635 673 4735 me
765 4635 810 4735 en
936 4635 1554 4735 Circonference
1634 4635 1703 4735 de
1783 4635 1989 4735 hault
2058 4635 2104 4735 en
2195 4635 2367 4735 bas,
2470 4635 2596 4735 met
2664 4635 2710 4735 le

623 4757 659 4870 N.
719 4757 756 4870 4.
828 4757 1107 4870 d’icelle
1167 4757 1313 4870 ſans
1373 4757 1676 4870 aucune
1724 4757 1942 4870 force
1990 4757 2051 4870 au
2184 4757 2220 4870 N.
2293 4757 2329 4870 5.
2402 4757 2463 4870 de
2535 4757 2705 4870 celle

576 4885 648 5008 de
696 4885 732 5008 ſa
792 4885 1033 5008 partie
1105 4885 1154 5008 en
1226 4885 1466 5008 forme
1539 4885 2092 5008 d’obligation;
2165 4885 2321 5008 puis
2393 4885 2718 5008 portant

579 5007 628 5128 en
703 5007 926 5128 avant
975 5007 1025 5128 le
1087 5007 1247 5128 pied
1322 5007 1644 5128 gauche,
1743 5007 1755 5128 &
1830 5007 2151 5128 dreſſant
2201 5007 2251 5128 le
2325 5007 2535 5128 corps
2597 5007 2709 5128 ſur

566 5137 616 5259 le
691 5137 853 5259 pied
928 5137 1215 5259 planté,
1253 5137 1315 5259 lil
1377 5137 1665 5259 eſveille
1739 5137 1802 5259 un
1889 5137 2002 5259 peu
2089 5137 2139 5259 le
2226 5137 2701 5259 Sentiment,

564 5260 923 5377 hauſſant
983 5260 1091 5377 ſur
1163 5260 1294 5377 cela
1366 5260 1438 5377 un
1522 5260 1654 5377 peu
1737 5260 1833 5377 les
1917 5260 2108 5377 deux
2168 5260 2456 5377 lames;
2539 5260 2707 5377 ainſi

583 5387 747 5514 qu’il
811 5387 887 5514 eſt
963 5387 1394 5514 demonſtré
1445 5387 1559 5514 par
1610 5387 1711 5514 les
1775 5387 2092 5514 figures.

1308 5595 1613 5765 Cercle
1853 5595 2092 5765 N.3.

600 5825 899 5950 Alexandre
943 5825 1187 5950 pourſuit
1231 5825 1342 5950 plus
1386 5825 1563 5950 outre,
1641 5825 1641 5950 &
1696 5825 1851 5950 avant
1906 5825 1984 5950 que
2028 5825 2050 5950 le
2094 5825 2238 5950 corps
2283 5825 2438 5950 tombe
2493 5825 2604 5950 hors
2648 5825 2714 5950 ſon

689 5951 837 6077 poids
872 5951 906 6077 il
963 5951 1157 6077 marche
1214 5951 1431 6077 d’iceluy
1477 5951 1556 6077 par
1625 5951 1728 6077 deçà
1773 5951 1796 6077 le
1887 5951 2173 6077 Diametre,
2218 5951 2447 6077 eſlevant
2595 5951 2709 6077 por-

687 6079 801 6200 tant
843 6079 874 6200 le
937 6079 1051 6200 droit
1093 6079 1207 6200 plus
1249 6079 1416 6200 avant
1457 6079 1572 6200 ſans
1624 6079 1791 6200 grand
1853 6079 2166 6200 mouvement
2228 6079 2291 6200 des
2332 6079 2520 6200 lames.

1056 6269 1540 6390 LEXANDRE
1637 6269 2000 6390 pourſuit
2109 6269 2158 6390 le
2266 6269 2714 6390 precedent

1075 6393 1309 6514 Cercle
1425 6393 1464 6514 N.
1516 6393 1555 6514 2.
1633 6393 1685 6514 du
1763 6393 1931 6514 pied
1996 6393 2282 6514 gauche
2346 6393 2619 6514 eſlevé,
2723 6393 2723 6514 &

1029 6518 1257 6647 avant
1337 6518 1463 6647 que
1520 6518 1577 6647 le
1635 6518 1852 6647 corps
1909 6518 2183 6647 tombe
2240 6518 2412 6647 hors
2480 6518 2538 6647 de
2606 6518 2709 6647 ſon

1035 6646 1306 6770 poids,
1401 6646 1932 6770 augmentant
1991 6646 2062 6770 un
2145 6646 2263 6770 peu
2357 6646 2405 6770 le
2499 6646 2724 6770 Senti-

609 6774 855 6897 ment,
929 6774 966 6897 il
1052 6774 1347 6897 marche
1409 6774 1729 6897 d’iceluy
1790 6774 1901 6897 par
1963 6774 2123 6897 deçà
2184 6774 2234 6897 le
2357 6774 2726 6897 Diametre

1050 1130 1062 1252 A
1146 1130 1468 1252 CHARIE
1540 1130 1839 1252 s’eſtant
1934 1130 2042 1252 mis
2125 1130 2161 1252 en
2245 1130 2591 1252 poſture,
2651 1130 2699 1252 le

1023 1254 1200 1378 pied
1294 1254 1484 1378 droit
1554 1254 1732 1378 avec
1803 1254 1862 1378 le
1945 1254 2169 1378 genou
2287 1254 2500 1378 roide
2606 1254 2701 1378 de-

1031 1384 1194 1501 vant
1253 1384 1299 1501 la
1416 1384 2024 1501 Circonference
2094 1384 2258 1501 pres
2340 1384 2410 1501 de
2456 1384 2503 1501 la
2573 1384 2702 1501 let-

1030 1508 1131 1625 tre
1219 1508 1269 1625 X,
1307 1508 1357 1625 le
1432 1508 1721 1625 gauche
1784 1508 2060 1625 devant
2110 1508 2160 1625 le
2261 1508 2612 1625 Quadrat,
2650 1508 2700 1625 le

578 1631 814 1752 genou
888 1631 1149 1752 ployé,
1198 1631 1608 1752 penchant
1670 1631 1707 1752 la
1769 1631 2004 1752 partie
2066 1631 2252 1752 baſſe
2339 1631 2389 1752 du
2488 1631 2711 1752 corps

558 1755 604 1876 la
674 1755 916 1876 deſſus
997 1755 1043 1876 en
1136 1755 1447 1876 arriere,
1551 1755 1563 1876 &
1621 1755 1667 1876 la
1736 1755 1979 1876 partie
2025 1755 2256 1876 haute
2325 1755 2371 1876 en
2440 1755 2694 1876 avant,

561 1881 897 2000 ployant
960 1881 1022 2000 un
1097 1881 1209 2000 peu
1284 1881 1334 2000 le
1384 1881 1558 2000 bras
1608 1881 1608 2000 à
1658 1881 1708 2000 la
1758 1881 2182 2000 joinure,
2219 1881 2493 2000 l’eſpee
2606 1881 2606 2000 &
2656 1881 2693 2000 la

563 2003 760 2123 baſſe
834 2003 1068 2123 partie
1167 2003 1216 2123 du
1302 2003 1474 2123 bras
1548 2003 1598 2123 en
1708 2003 1942 2123 droite
2016 2003 2287 2123 ligne,
2373 2003 2595 2123 ayant
2657 2003 2706 2123 la

596 2124 741 2250 main
849 2124 1138 2250 gauche
1223 2124 1500 2250 devant
1621 2124 1633 2250 &
1705 2124 1862 2250 pres
1946 2124 2006 2250 de
2067 2124 2103 2250 la
2163 2124 2344 2250 teſte
2404 2124 2597 2250 pour
2657 2124 2706 2250 ſa

580 2254 970 2345 deffence.
1097 2254 1648 2345 ALEXANDRE
1729 2254 1924 2345 vient
1993 2254 2383 2345 travailler
2452 2254 2464 2345 à
2533 2254 2717 2345 l’en-

571 2382 836 2505 contre
920 2382 1233 2505 mettant
1281 2382 1329 2505 le
1389 2382 1558 2505 pied
1630 2382 1811 2505 droit
1883 2382 2160 2505 devant
2196 2382 2256 2505 le
2364 2382 2713 2505 Quadrat,

583 2507 975 2628 marchant
1058 2507 1105 2628 du
1212 2507 1508 2628 gauche
1579 2507 1686 2628 par
1769 2507 1935 2628 deçà
1994 2507 2053 2628 le
2160 2507 2539 2628 Diametre
2598 2507 2705 2628 ſur

560 2628 596 2725 la
704 2628 1317 2725 Circonference
1389 2628 1618 2725 ſoubs
1666 2628 1714 2725 la
1774 2628 2003 2725 lettre
2111 2628 2171 2725 C,
2267 2628 2592 2725 eſlevant
2652 2628 2712 2725 le

584 2752 802 2870 droit,
911 2752 911 2870 &
983 2752 1310 2870 dreſſant
1358 2752 1407 2870 le
1467 2752 1685 2870 corps
1733 2752 2701 2870 perpendiculairement

557 2881 665 2996 ſur
725 2881 773 2996 le
858 2881 1026 2996 pied
1098 2881 1411 2996 planté,
1496 2881 1532 2996 il
1628 2881 1748 2996 met
1821 2881 1917 2996 ſon
2013 2881 2230 2996 eſpee
2314 2881 2446 2996 d’un
2543 2881 2699 2996 bras

572 3001 862 3122 eſtendu
959 3001 995 3122 en
1068 3001 1273 3122 ligne
1346 3001 1588 3122 droite
1660 3001 1902 3122 deſſus
1962 3001 2132 3122 celle
2204 3001 2265 3122 de
2325 3001 2361 3122 ſa
2422 3001 2700 3122 partie,

576 3129 635 3250 de
683 3129 884 3250 ſorte
943 3129 1073 3250 que
1120 3129 1227 3250 les
1298 3129 1487 3250 deux
1534 3129 1771 3250 lames
1818 3129 1984 3250 font
2055 3129 2244 3250 deux
2303 3129 2551 3250 lignes
2598 3129 2705 3250 pa-

563 3253 896 3372 ralleles;
955 3253 1253 3372 comme
1300 3253 1407 3372 les
1467 3253 1752 3372 figures
1835 3253 2287 3372 monſtrent.

3598 3045 3913 3222 Cercle
4137 3045 4407 3222 N.5.

3603 5095 3921 5275 Cercle
4216 5095 4374 5275 N6.

3383 3592 3458 3723 Eſt
3521 3592 3572 3723 la
3648 3592 3837 3723 ſuite
3950 3592 3963 3723 &
4013 3592 4505 3723 l’execution
4606 3592 4669 3723 du
4758 3592 5035 3723 prece-

3340 3728 3558 3836 dent,
3650 3728 4213 3836 ALEXANDRE
4293 3728 4626 3836 eſlevant
4695 3728 4730 3836 la
4845 3728 4994 3836 main

3333 3853 3638 3975 gauche
3711 3853 3869 3975 plus
3955 3853 4138 3975 haut
4235 3853 4369 3975 que
4443 3853 4540 3975 les
4613 3853 4882 3975 lames,
5016 3853 5016 3975 &

3316 3980 3639 4098 portant
3708 3980 3755 4098 en
3824 3980 4055 4098 avant
4101 3980 4147 4098 le
4216 3980 4470 4098 corps,
4539 3980 5012 4098 deſgageant

2847 4098 3116 4221 l’eſpee
3180 4098 3514 4221 cõtraire
3552 4098 3591 4221 il
3629 4098 3848 4221 ſaiſiſt
3899 4098 3937 4221 la
4001 4098 4220 4221 garde
4297 4098 4643 4221 d’iceluy,
4682 4098 4720 4221 la
4784 4098 5015 4221 tirant

2841 4224 2853 4347 à
2924 4224 3044 4347 ſoy
3115 4224 3163 4347 en
3246 4224 3377 4347 bas
3437 4224 3496 4347 au
3580 4224 3770 4347 coſté
3842 4224 4163 4347 gauche,
4247 4224 4556 4347 mettant
4616 4224 4663 4347 la
4735 4224 5009 4347 pointe

2870 4349 2930 4470 de
2978 4349 3014 4470 ſa
3074 4349 3266 4470 lame
3326 4349 3422 4470 ſur
3470 4349 3518 4470 la
3578 4349 3926 4470 poitrine
3998 4349 4058 4470 de
4106 4349 4202 4470 ſon
4322 4349 4754 4470 Contraire;
4826 4349 5030 4470 com-

2875 4474 2964 4594 me
3014 4474 3052 4594 il
3103 4474 3191 4594 eſt
3280 4474 3596 4594 monſtré
3647 4474 3786 4594 aux
3836 4474 4165 4594 figures.

2867 259 2879 398 à
2930 259 2968 398 la
3031 259 3259 398 lettre
3360 259 3411 398 N;
3449 259 3600 398 lors
3664 259 3992 398 eſlevant
4043 259 4094 398 le
4169 259 4384 398 droit,
4435 259 4473 398 il
4524 259 4574 398 le
4625 259 4852 398 porte
4903 259 5017 398 ſur

2860 390 2907 535 le
2978 390 3425 535 Sentiment
3461 390 3625 535 plus
3684 390 3931 535 avant,
3967 390 4120 535 ſans
4190 390 4414 535 grand
4496 390 5014 535 mouvement

2877 519 2995 645 des
3031 519 3315 645 lames;
3374 519 3669 645 comme
3728 519 3764 645 il
3811 519 3858 645 ſe
3929 519 4071 645 voit
4118 519 4260 645 aux
4319 519 4650 645 figures.

3612 728 3915 906 Cercle
4132 728 4392 906 N.4.

2891 944 3194 1092 Alexandre
3230 944 3473 1092 pourſuit
3521 944 3691 1092 encore
3728 944 4007 1092 ſujettant
4055 944 4237 1092 l’eſpee
4298 944 4334 1092 de
4383 944 4431 1092 ſa
4480 944 4674 1092 partie;
4711 944 4820 1092 puis
4868 944 5026 1092 affer-

2997 1074 3080 1215 miſt
3128 1074 3199 1215 ſon
3270 1074 3377 1215 bras
3448 1074 3483 1215 au
3555 1074 3673 1215 coſté
3732 1074 3851 1215 pour
3887 1074 4147 1215 ſouſtenir
4207 1074 4230 1215 le
4302 1074 4444 1215 poids
4515 1074 4551 1215 de
4586 1074 4634 1215 la
4693 1074 4823 1215 lame
4883 1074 4906 1215 de
4954 1074 5013 1215 ſon

2996 1222 3358 1313 Contraire.

3307 1362 3461 1498 ’Eſt
3525 1362 3691 1498 auſſi
3730 1362 3768 1498 la
3832 1362 4243 1498 pourſuite
4319 1362 4384 1498 de
4448 1362 4486 1498 la
4563 1362 5024 1498 preceden-

3314 1492 3373 1625 te
3457 1492 3861 1625 operation
3980 1492 4230 1625 Cercle
4361 1492 4397 1625 N.
4480 1492 4527 1625 3.
4623 1492 5015 1625 ALEXAN-

3334 1615 3478 1750 DRE
3538 1615 3922 1750 ſujettant
3982 1615 4258 1750 l’eſpee
4330 1615 4619 1750 avance
4715 1615 4763 1750 du
4835 1615 5015 1750 pied

3334 1743 3516 1879 droit
3577 1743 3807 1879 eſlevé
3867 1743 4025 1879 plus
4109 1743 4158 1879 en
4255 1743 4594 1879 dedans,
4655 1743 4703 1879 le
4788 1743 5006 1879 corps

2846 1873 2894 1998 le
2955 1873 3294 1998 ſuivant,
3403 1873 3403 1998 &
3463 1873 3814 1998 plantant
3875 1873 3923 1998 le
4008 1873 4262 1998 meſme
4311 1873 4529 1998 pied,
4601 1873 4650 1998 en
4734 1873 5013 1998 faiſant

2863 1997 3188 2126 d’iceluy
3250 1997 3313 2126 un
3413 1997 3638 2126 grand
3713 1997 3826 2126 pas
3888 1997 4001 2126 par
4088 1997 4251 2126 deçà
4376 1997 4376 2126 &
4451 1997 4626 2126 hors
4701 1997 4751 2126 du
4876 1997 5026 2126 Cer-

2864 2126 2994 2250 cle,
3033 2126 3397 2250 hauſſant
3475 2126 3645 2250 auſſi
3697 2126 3840 2250 toſt
3879 2126 3931 2250 le
3996 2126 4165 2250 pied
4230 2126 4530 2250 gauche
4595 2126 4647 2250 le
4712 2126 5012 2250 voltant

2871 2250 3198 2371 derriere
3248 2250 3299 2371 le
3362 2250 3639 2371 planté,
3689 2250 3727 2371 il
3790 2250 4168 2371 affermiſt
4231 2250 4269 2371 la
4332 2250 4571 2371 partie
4634 2250 4861 2371 haute
4936 2250 4987 2371 du

2843 2377 3014 2485 bras
3063 2377 3075 2485 à
3124 2377 3221 2485 ſon
3307 2377 3502 2485 coſté
3575 2377 3794 2485 droit,
3868 2377 3977 2485 afin
4087 2377 4148 2485 de
4246 2377 4477 2485 mieux
4550 2377 5014 2485 ſoubſtenir

2843 2503 2879 2624 la
2951 2503 3154 2624 force
3225 2503 3297 2624 de
3356 2503 3392 2624 la
3464 2503 3667 2624 lame
3750 2503 4192 2624 contraire,
4288 2503 4646 2624 plantant
4717 2503 4765 2624 le
4837 2503 5016 2624 pied

2863 2628 3160 2751 gauche
3234 2628 3469 2751 eſlevé
3556 2628 3754 2751 quaſi
3841 2628 4187 2751 d’erriere
4249 2628 4299 2751 le
4398 2628 4620 2751 droit,
4707 2628 5016 2751 preſen-

2850 2758 3004 2879 tant
3075 2758 3122 2879 en
3193 2758 3418 2879 avant
3477 2758 3524 2879 le
3607 2758 3796 2879 coſté
3879 2758 4221 2879 gauche;
4304 2758 4611 2879 comme
4659 2758 4706 2879 la
4765 2758 5013 2879 figure

2864 2873 3263 2995 enſeigne.

2868 5330 3050 5472 Comme
3153 5330 3449 5472 Alexandre
3528 5330 3767 5472 attaque
3824 5330 3859 5472 la
3915 5330 4041 5472 lame
4120 5330 4154 5472 de
4211 5330 4257 5472 ſa
4325 5330 4496 5472 partie
4587 5330 4701 5472 pour
4769 5330 5020 5472 l’obliger

2972 5458 3150 5598 comme
3198 5458 3245 5598 au
3317 5458 3483 5598 Cercle
3578 5458 3602 5598 N.
3661 5458 3697 5598 2.
3768 5458 3804 5598 en
3852 5458 4149 5598 l’eſlevant
4220 5458 4482 5598 Zacharie
4517 5458 4577 5598 s’y
4636 5458 4838 5598 oppoſe,
4933 5458 4945 5598 &
4993 5458 5017 5598 le

2973 5582 3113 5726 bleſſe
3183 5582 3323 5726 d’une
3381 5582 3557 5726 courbe
3603 5582 3918 5726 embrocade
3965 5582 4000 5726 en
4047 5582 4082 5726 la
4129 5582 4304 5726 partie
4350 5582 4479 5726 baſſe
4537 5582 4572 5726 du
4631 5582 4794 5726 corps.

3339 5763 3352 5916 E
3442 5763 3686 5916 Cercle
3750 5763 3814 5916 cy
3866 5763 4007 5916 tire
4045 5763 4148 5916 ſon
4225 5763 4520 5916 origine
4585 5763 4649 5916 de
4700 5763 5021 5916 l’opera-

3314 5900 3458 6008 tion
3542 5900 3590 6008 du
3710 5900 3950 6008 Cercle
4058 5900 4106 6008 N.
4166 5900 4214 6008 2.
4286 5900 4334 6008 Ou
4454 5900 5030 6008 ALEXANDRE

3312 6024 3324 6164 à
3373 6024 3703 6164 attaqué
3764 6024 3801 6164 la
3850 6024 4046 6164 lame
4119 6024 4180 6164 de
4254 6024 4303 6164 ſa
4376 6024 4621 6164 partie
4694 6024 4829 6164 d’en
4902 6024 5025 6164 bas

3328 6151 3378 6288 en
3464 6151 3710 6288 forme
3796 6151 4374 6288 d’obligation,
4448 6151 4497 6288 en
4608 6151 4669 6288 ce
4768 6151 5014 6288 Cercle

2875 6270 3175 6418 comme
3225 6270 3262 6418 il
3312 6270 3563 6418 hauſſe
3613 6270 3663 6418 ſa
3713 6270 3938 6418 lame,
4026 6270 4038 6418 &
4101 6270 4313 6418 porte
4363 6270 4413 6418 le
4476 6270 4651 6418 pied
4714 6270 5014 6418 gauche

2874 6398 2917 6528 en
3014 6398 3284 6528 avant,
3382 6398 3425 6528 au
3544 6398 3803 6528 meſme
3901 6398 4419 6528 mouvement
4538 6398 5014 6528 ZACHARIE

2897 6527 3186 6662 marche
3270 6527 3318 6662 du
3414 6527 3583 6662 pied
3667 6527 3860 6662 droit
3932 6527 3980 6662 en
4077 6527 4414 6662 dedans,
4486 6527 4895 6662 penchant
4967 6527 5015 6662 le

2876 6654 3100 6792 corps
3199 6654 3212 6792 &
3249 6654 3299 6792 la
3361 6654 3548 6792 teſte
3610 6654 3660 6792 en
3734 6654 3958 6792 avant
4033 6654 4132 6792 ſur
4207 6654 4307 6792 ſon
4406 6654 4605 6792 coſté
4692 6654 5028 6792 gauche,

2877 6777 3190 6923 portant
3240 6777 3817 6923 pareillement
3854 6777 3917 6923 le
3967 6777 4143 6923 bras
4205 6777 4393 6923 droit
4506 6777 4506 6923 &
4556 6777 4594 6923 la
4669 6777 4882 6923 garde
4957 6777 5032 6923 de

4760 6931 5034 7048 l’eſpee

2883 3289 3183 3407 Alexandre
3226 3289 3462 3407 execute
3495 3289 3570 3407 icy
3602 3289 3666 3407 les
3709 3289 4031 3407 operations
4085 3289 4149 3407 des
4213 3289 4417 3407 Cercles
4460 3289 4825 3407 precedents,
4953 3289 5029 3407 et-

2973 3418 3078 3532 tant
3125 3418 3160 3532 ſa
3218 3418 3381 3532 pointe
3428 3418 3498 3532 ſur
3544 3418 3579 3532 la
3637 3418 3859 3532 poitrine
3917 3418 3952 3532 de
3987 3418 4033 3532 ſa
4068 3418 4336 3532 partie.
