5520 7640
2844 267 3070 401 lettre
3176 267 3216 401 Q.
3283 267 3309 401 il
3363 267 3482 401 fait
3535 267 3775 401 ſuivre
3815 267 3868 401 le
3934 267 4227 401 gauche
4307 267 4413 401 qui
4466 267 4679 401 eſtoit
4759 267 4958 401 plan-

2838 394 2933 525 té;
3005 394 3302 525 comme
3362 394 3469 525 les
3529 394 3814 525 figures
3874 394 4469 525 demonſtrent:
4553 394 4612 525 ce
4683 394 4791 525 qui
4862 394 4945 525 eſt

2834 523 3288 649 repreſenté
3345 523 3537 649 pour
3628 523 3866 649 mieux
3946 523 4127 649 faire
4207 523 4581 649 entendre
4638 523 4944 649 l’inten-

2836 650 2973 786 tion
3085 650 3148 786 de
3272 650 3796 786 ZACHARIE
3859 650 4208 786 laquelle
4270 650 4308 786 il
4370 650 4707 786 pretend
4769 650 4944 786 faire

2841 776 2892 882 au
3007 776 3236 882 Cercle
3351 776 3389 882 N.
3453 776 3491 882 9.

3506 986 3815 1171 Cercle
4123 986 4278 1171 .9.

2862 1223 3158 1339 Alexandre
3215 1223 3454 1339 previent
3499 1223 3567 1339 icy
3613 1223 3647 1339 le
3681 1223 3795 1339 coup
3840 1223 4113 1339 precedent
4181 1223 4204 1339 de
4272 1223 4306 1339 ſa
4352 1223 4556 1339 partie,
4715 1223 4806 1339 lors
4863 1223 4943 1339 que

2990 1344 3239 1461 Zacharie
3298 1344 3357 1461 eſt
3417 1344 3547 1461 preſt
3618 1344 3642 1461 de
3713 1344 3831 1461 faire
3890 1344 3949 1461 ſon
4020 1344 4352 1461 mouvement,
4411 1344 4577 1461 avant
4624 1344 4743 1461 qu’il
4802 1344 4944 1461 puiſſe

2968 1464 3217 1592 deſgager
3280 1464 3305 1592 ſa
3355 1464 3479 1592 lame
3579 1464 3654 1592 ene
3728 1464 3766 1592 ſa
3816 1464 3978 1592 garde
4027 1464 4027 1592 à
4065 1464 4127 1592 ſon
4177 1464 4302 1592 coſté
4339 1464 4376 1592 en
4426 1464 4464 1592 la
4501 1464 4750 1592 baiſſant.

3556 3593 3864 3763 Cercle
4107 3593 4415 3763 N.10.

584 250 859 402 l’eſpee
911 250 1068 402 plus
1108 250 1291 402 haut
1356 250 1487 402 que
1540 250 1579 402 ſa
1644 250 1814 402 teſte
1906 250 1958 402 en
2037 250 2325 402 prime,
2377 250 2705 402 baiſſant

582 395 619 526 la
682 395 994 526 pointe,
1032 395 1182 526 lors
1244 395 1594 526 plantant
1632 395 1682 526 le
1732 395 1907 526 pied
1957 395 2194 526 eſlevé
2257 395 2357 526 ſur
2419 395 2469 526 le
2569 395 2694 526 Dia-

618 520 832 644 metre
904 520 904 644 à
975 520 1011 644 la
1082 520 1309 644 lettre
1416 520 1452 644 V,
1535 520 1583 644 en
1666 520 2059 644 penchant
2131 520 2285 644 plus
2345 520 2405 644 le
2476 520 2690 644 corps

608 644 878 777 deſſus,
988 644 988 777 &
1049 644 1319 777 tenant
1368 644 1405 777 la
1490 644 1637 777 main
1723 644 2005 777 gauche
2078 644 2348 777 devant
2409 644 2458 777 la
2507 644 2703 777 face,

585 772 623 907 il
662 772 891 907 bleſſe
967 772 1158 907 d’une
1260 772 1553 907 Courbe
1654 772 1654 907 &
1744 772 2062 907 Brocade
2113 772 2214 907 ſon
2316 772 2698 907 Contraire

597 898 644 1029 en
726 898 761 1029 la
831 898 1066 1029 partie
1124 898 1312 1029 baſſe
1394 898 1441 1029 du
1523 898 1780 1029 corps;
1862 898 2155 1029 comme
2226 898 2355 1029 cela
2425 898 2472 1029 ſe
2554 898 2694 1029 voit

588 1033 700 1150 par
750 1033 850 1150 les
888 1033 1213 1150 figures.

754 1149 943 1276 Ceſte
994 1149 1196 1276 faute
1259 1149 1385 1276 que
1461 1149 1903 1276 ALExandre
1954 1149 2131 1276 fai
2181 1149 2232 1276 en
2320 1149 2371 1276 ce
2472 1149 2699 1276 Cercle

587 1275 966 1402 preſent,
1063 1275 1149 1402 eſt
1246 1275 1746 1402 repreſentée
1844 1275 2027 1402 pour
2112 1275 2283 1402 faire
2368 1275 2698 1402 d’autant

621 1400 856 1523 mieux
926 1400 1301 1523 entendre
1360 1400 1794 1523 l’intention
1888 1400 1946 1523 de
2040 1400 2427 1523 ZAcharie.

1361 1593 2095 1755 CercleN7.

627 1817 913 1939 Alexandre
968 1817 1122 1939 prend
1177 1817 1276 1939 plus
1331 1817 1442 1939 pres
1497 1817 1651 1939 garde
1706 1817 1783 1939 ſur
1816 1817 2146 1939 l’execution
2224 1817 2257 1939 de
2312 1817 2378 1939 ſon
2444 1817 2697 1939 intention

713 1938 852 2063 qu’au
916 1938 1224 2063 precedent,
1341 1938 1341 2063 &
1405 1938 1586 2063 comme
1661 1938 1916 2063 Zacharie
1969 1938 2257 2063 commence
2321 1938 2321 2063 à
2385 1938 2597 2063 tourner
2693 1938 2693 2063 &

712 2063 908 2191 eſlever
945 2063 969 2191 le
1018 2063 1117 2191 bras
1166 2063 1276 2191 pour
1325 2063 1448 2191 faire
1509 2063 1570 2191 ſon
1632 2063 1767 2191 coup,
1816 2063 1853 2191 il
1914 2063 2196 2191 aſſujettiſt
2245 2063 2282 2191 ſa
2331 2063 2454 2191 lame
2515 2063 2613 2191 puis
2674 2063 2699 2191 le

713 2188 853 2309 bleſſe
910 2188 1328 2309 d’une-eſtocade
1374 2188 1513 2309 ſoubs
1548 2188 1571 2309 le
1641 2188 1849 2309 menton.

1094 2375 1094 2504 N
1152 2375 1340 2504 ceſte
1410 2375 1797 2504 operation
1903 2375 2430 2504 ALEXANDRE
2477 2375 2700 2504 ayant

1035 2503 1071 2623 la
1188 2503 1447 2623 meſme
1506 2503 1894 2623 intention
2000 2503 2188 2623 qu’au
2317 2503 2564 2623 Cercle
2658 2503 2706 2623 6.

1043 2626 1287 2750 prend
1360 2626 1690 2750 milleure
1752 2626 1972 2750 garde
2021 2626 2033 2750 à
2082 2626 2179 2750 ſon
2253 2626 2546 2750 affaire;
2632 2626 2693 2750 de

1033 2750 1231 2872 ſorte
1335 2750 1522 2872 qu’au
1650 2750 1906 2872 meſme
1987 2750 2243 2872 temps
2337 2750 2465 2872 que
2593 2750 2709 2872 ZA-

602 2876 921 2972 CHARIE
1009 2876 1470 2972 commence
1525 2876 1525 2972 à
1591 2876 1910 2972 tourner
2031 2876 2031 2972 &
2097 2876 2371 2972 eſlever
2426 2876 2481 2972 le
2536 2876 2701 2972 bras

635 2995 647 3122 &
718 2995 992 3122 l’eſpee
1063 2995 1242 3122 pour
1325 2995 1706 3122 executer
1766 2995 1873 3122 ſon
1957 2995 2135 3122 coup
2219 2995 2707 3122 precedent,

582 3121 920 3240 prenant
974 3121 1028 3240 le
1105 3121 1823 3240 commencement
1899 3121 1954 3240 du
2063 3121 2607 3240 mouvement,
2673 3121 2705 3240 il

588 3246 882 3362 avance
929 3246 977 3362 le
1035 3246 1200 3362 pied
1259 3246 1529 3362 eſlevé,
1588 3246 1929 3362 pẽchant
1976 3246 2024 3362 le
2082 3246 2259 3362 haut
2329 3246 2376 3362 du
2459 3246 2706 3362 corps,

656 3367 656 3486 &
718 3367 1044 3486 baiſſant
1107 3367 1144 3486 la
1257 3367 1407 3486 main
1533 3367 1545 3486 &
1608 3367 1645 3486 la
1721 3367 1934 3486 garde
1996 3367 2096 3486 ſur
2172 3367 2209 3486 la
2272 3367 2460 3486 lame
2547 3367 2598 3486 de
2660 3367 2698 3486 ſa

598 3485 871 3615 partie,
909 3485 946 3615 il
1008 3485 1505 3615 l’aſſujettiſt,
1567 3485 1840 3615 tenant
1890 3485 1927 3615 la
1989 3485 2250 3615 pointe
2324 3485 2386 3615 de
2449 3485 2548 3615 ſon
2635 3485 2709 3615 eſ-

597 3610 718 3739 pee
803 3610 852 3739 en
937 3610 1143 3739 haut;
1191 3610 1361 3739 puis
1409 3610 1761 3739 plantant
1809 3610 1858 3739 le
1930 3610 2100 3739 pied
2161 3610 2379 3739 eſlevé
2427 3610 2548 3739 par
2621 3610 2718 3739 de-

607 3733 659 3863 çà
736 3733 788 3863 le
892 3733 1267 3863 Diametre
1344 3733 1435 3863 ſur
1500 3733 1551 3863 le
1668 3733 2146 3863 Quadrangle
2211 3733 2263 3863 au
2340 3733 2547 3863 point
2664 3733 2703 3863 O.

588 3854 996 3980 penchant
1068 3854 1116 3980 du
1200 3854 1440 3980 corps,
1549 3854 1561 3980 &
1609 3854 1921 3980 portant
1969 3854 2017 3980 le
2077 3854 2245 3980 bras
2353 3854 2353 3980 &
2401 3854 2449 3980 le
2510 3854 2702 3980 coſté

610 3978 786 4104 droit
868 3978 915 4104 en
997 3978 1255 4104 avant,
1314 3978 1349 4104 en
1455 3978 1831 4104 graduant
1878 3978 1983 4104 les
2042 3978 2312 4104 lames,
2371 3978 2406 4104 il
2476 3978 2711 4104 bleſſe

585 4102 688 4217 ſon
803 4102 1181 4217 Contraire
1250 4102 1457 4217 d’une
1526 4102 1893 4217 eſtocade
1939 4102 2168 4217 ſoubs
2225 4102 2283 4217 le
2363 4102 2707 4217 menton;

603 4225 907 4352 comme
956 4225 993 4352 il
1041 4225 1127 4352 eſt
1188 4225 1638 4352 repreſenté
1687 4225 1809 4352 par
1846 4225 1943 4352 les
2004 4225 2321 4352 figures.

1325 4803 1631 4976 Cercle
1850 4803 2113 4976 N8.

610 5033 787 5157 Comme
832 5033 865 5157 le
898 5033 1042 5157 corps
1097 5033 1485 5157 d’Alexandre
1529 5033 1684 5157 tombe
1740 5033 1850 5157 hors
1884 5033 1950 5157 ſon
2016 5033 2149 5157 poids
2216 5033 2327 5157 pour
2382 5033 2703 5157 ſurprendre

709 5160 742 5277 la
796 5160 916 5277 lame
982 5160 1014 5277 de
1058 5160 1101 5277 ſa
1167 5160 1330 5277 partie
1396 5160 1581 5277 comme
1647 5160 1679 5277 au
1756 5160 1908 5277 Cercle
1974 5160 2290 5277 precedent,
2388 5160 2649 5277 Zacharie

717 5280 853 5408 paſſe
902 5280 939 5408 la
1000 5280 1160 5408 pointe
1209 5280 1246 5408 de
1295 5280 1357 5408 ſon
1431 5280 1701 5408 Contraire
1787 5280 1787 5408 &
1837 5280 1861 5408 le
1910 5280 2046 5408 bleſſe
2095 5280 2107 5408 à
2144 5280 2366 5408 travers
2415 5280 2439 5408 le
2489 5280 2648 5408 corps.

1096 5470 1096 5595 E
1206 5470 1452 5595 Cercle
1525 5470 1820 5595 reſourt
1918 5470 1979 5595 de
2065 5470 2519 5595 l’operation
2629 5470 2679 5595 du

1093 5596 1340 5708 Cercle
1457 5596 1492 5708 N.
1574 5596 1609 5708 3.
1774 5596 1774 5708 &
1867 5596 1914 5708 du
1996 5596 2700 5708 commencement

1084 5720 1132 5846 du
1252 5720 1301 5846 N.
1373 5720 1421 5846 4.
1481 5720 1529 5846 ou
1626 5720 1650 5846 A
1710 5720 2228 5846 LEXANDREà
2300 5720 2505 5846 entré
2553 5720 2709 5846 plus

1059 5842 1277 5969 avant
1349 5842 1398 5969 du
1470 5842 1640 5969 pied
1724 5842 1906 5969 droit
1966 5842 2232 5969 eſlevé,
2353 5842 2365 5969 &
2426 5842 2704 5969 enſem-

592 5966 711 6099 ble
771 5966 1164 6099 avançant
1212 5966 1260 6099 le
1343 5966 1558 6099 corps
1605 5966 1617 6099 à
1665 5966 1951 6099 ſurpris
1987 5966 2035 6099 la
2082 5966 2273 6099 lame
2344 5966 2404 6099 de
2452 5966 2499 6099 ſa
2559 5966 2702 6099 par-

592 6090 746 6219 tie,
805 6090 923 6219 icy
994 6090 1290 6219 comme
1349 6090 1396 6219 le
1479 6090 1692 6219 corps
1751 6090 2012 6219 tombe
2083 6090 2260 6219 hors
2308 6090 2414 6219 ſon
2485 6090 2698 6219 poids

660 6216 660 6345 &
724 6216 888 6345 qu’il
926 6216 1180 6345 plante
1243 6216 1294 6345 le
1357 6216 1535 6345 pied
1611 6216 1826 6345 eſlevé
1902 6216 1966 6345 un
2054 6216 2232 6345 plein
2308 6216 2422 6345 pas
2473 6216 2701 6345 ſoubs

587 6341 645 6451 le
737 6341 1026 6451 Cercle,
1130 6341 1280 6451 ZAC
1361 6341 1661 6451 HARIE
1719 6341 1765 6451 au
1869 6341 2123 6451 meſme
2204 6341 2700 6451 mouvement

631 6465 914 6597 marche
1012 6465 1062 6597 du
1160 6465 1320 6597 pied
1406 6465 1689 6597 gauche
1775 6465 1812 6597 en
1923 6465 2231 6597 dedans,
2292 6465 2575 6597 paſſant
2649 6465 2698 6597 la

593 6589 862 6722 pointe
935 6589 996 6722 de
1057 6589 1094 6722 ſa
1155 6589 1424 6722 partie,
1461 6589 1498 6722 il
1559 6589 1608 6722 le
1681 6589 1901 6722 bleſſe
1962 6589 1975 6722 à
2024 6589 2317 6722 travers
2366 6589 2415 6722 le
2488 6589 2709 6722 corps

593 6713 941 6841 plantant
1004 6713 1066 6841 le
1116 6713 1290 6841 pied
1340 6713 1577 6841 eſlevé
1626 6713 1739 6841 par
1813 6713 1876 6841 de
1913 6713 1963 6841 là
2025 6713 2075 6841 le
2162 6713 2536 6841 Diametre
2585 6713 2598 6841 à
2648 6713 2685 6841 la

3311 1659 3770 1782 LEXANDRE
3873 1659 3919 1782 en
4022 1659 4206 1782 ceſte
4286 1659 4688 1782 operation
4791 1659 4951 1782 pre-

3290 1781 3486 1906 vient
3556 1781 3984 1906 l’intention
4111 1781 4111 1906 &
4157 1781 4515 1906 l’attente
4585 1781 4643 1906 de
4689 1781 4735 1906 ſa
4793 1781 4943 1906 par-

3286 1907 3406 2027 tie,
3490 1907 3838 2027 depeinte
3922 1907 4066 2027 aux
4114 1907 4414 2027 figures
4498 1907 4558 2027 de
4618 1907 4942 2027 l’opera-

3275 2028 3409 2148 tion
3507 2028 4006 2148 precedente
4079 2028 4128 2148 au
4262 2028 4494 2148 Cercle
4615 2028 4652 2148 N.
4713 2028 4749 2148 8.
4810 2028 4944 2148 juſ-

2846 2151 3032 2277 ques
3079 2151 3137 2277 au
3207 2151 3324 2277 lieu
3406 2151 3464 2277 où
3534 2151 3639 2277 les
3686 2151 3908 2277 pieds
3978 2151 4083 2277 des
4164 2151 4351 2277 deux
4409 2151 4689 2277 parties
4759 2151 4958 2277 com-

2865 2279 3217 2401 mencent
3265 2279 3277 2401 à
3350 2279 3640 2401 entrer,
3762 2279 3762 2401 &
3846 2279 3980 2401 que
4089 2279 4234 2401 ZAC
4319 2279 4549 2401 HARIE
4634 2279 4706 2401 eſt
4755 2279 4949 2401 preſt

2854 2399 2919 2518 de
2963 2399 3138 2518 faire
3192 2399 3291 2518 ſon
3389 2399 3902 2518 mouvement
3946 2399 4328 2518 tournant
4405 2399 4448 2518 en
4536 2399 4819 2518 courbe
4896 2399 4940 2518 le

2839 2523 3006 2649 bras
3138 2523 3138 2649 &
3197 2523 3472 2649 l’eſpee
3532 2523 3579 2649 en
3663 2523 3914 2649 forme
3985 2523 4045 2649 de
4105 2523 4487 2649 brocade,
4535 2523 4726 2649 pour
4773 2523 4953 2649 bleſ-

2840 2648 2927 2774 ſer
2990 2648 3040 2774 ſa
3114 2648 3351 2774 partie
3414 2648 3526 2774 par
3601 2648 3888 2774 deſſous
3938 2648 3975 2774 la
4050 2648 4262 2774 garde
4375 2648 4375 2774 &
4424 2648 4474 2774 le
4524 2648 4724 2774 bras.
4824 2648 4936 2774 Icy

2874 2772 3433 2892 ALEXANDRE
3514 2772 3829 2892 prenant
3922 2772 4108 2892 alors
4213 2772 4435 2892 garde
4505 2772 4516 2892 à
4598 2772 4703 2892 ſes
4784 2772 4959 2892 ope-

2834 2897 3191 3023 rations,
3310 2897 3851 3023 s’apercevant
3916 2897 3970 3023 au
4068 2897 4793 3023 commencement
4880 2897 4923 3023 du

2864 3018 3402 3145 mouvement,
3486 3018 3701 3145 avant
3796 3018 3928 3145 que
3999 3018 4035 3145 ſa
4095 3018 4334 3145 partie
4406 3018 4633 3145 puiſſe
4716 3018 4955 3145 deſga-

2855 3141 2956 3266 ger
3045 3141 3084 3266 ſa
3160 3141 3350 3266 lame
3439 3141 3503 3266 de
3566 3141 3617 3266 la
3694 3141 3999 3266 ſienne,
4100 3141 4418 3266 baiſſant
4481 3141 4532 3266 ſa
4621 3141 4837 3266 garde
4901 3141 4952 3266 la

2866 3263 3060 3386 mene
3120 3263 3120 3386 à
3193 3263 3423 3386 coſté,
3472 3263 3823 3386 plantant
3883 3263 3980 3386 ſon
4053 3263 4222 3386 pied
4307 3263 4525 3386 eſlevé
4573 3263 4646 3386 un
4718 3263 4948 3386 grand

2837 3391 2956 3519 pas
3039 3391 3086 3519 en
3157 3391 3407 3519 avant;
3478 3391 3775 3519 comme
3822 3391 3858 3519 il
3905 3391 3953 3519 ſe
4024 3391 4167 3519 voit
4214 3391 4357 3519 aux
4404 3391 4725 3519 figures.

3320 4144 3449 4267 Ecy
3513 4144 3590 4267 eſt
3642 4144 3680 4267 la
3758 4144 3938 4267 ſuite
4041 4144 4093 4267 du
4170 4144 4608 4267 precedent
4711 4144 4943 4267 Cercle

3346 4269 3381 4385 N.
3462 4269 3497 4385 9.
3579 4269 4125 4385 ALEXANDRE
4172 4269 4579 4385 penchant
4626 4269 4672 4385 le
4730 4269 4940 4385 corps

3291 4393 3388 4509 ſur
3437 4393 3485 4509 le
3546 4393 3716 4509 pied
3801 4393 4019 4509 droit,
4104 4393 4299 4509 volte
4335 4393 4396 4509 le
4481 4393 4760 4509 gauche
4820 4393 4930 4509 (en

3291 4517 3668 4631 tournant
3713 4517 3770 4631 le
3827 4517 3953 4631 bas
4021 4517 4078 4631 du
4158 4517 4409 4631 corps)
4454 4517 4523 4631 un
4591 4517 4716 4631 peu
4808 4517 4944 4631 der-

2839 4639 3022 4755 riere
3071 4639 3120 4755 le
3180 4639 3461 4755 planté,
3485 4639 3948 4755 l’appuyant
3996 4639 4496 4755 legerement
4544 4639 4654 4755 ſur
4703 4639 4800 4755 les
4861 4639 4959 4755 or-

2840 4760 3032 4880 teils,
3068 4760 3105 4880 il
3153 4760 3345 4880 tient
3405 4760 3466 4880 de
3514 4760 3562 4880 ſa
3610 4760 3803 4880 lame
3863 4760 4031 4880 celle
4104 4760 4164 4880 de
4224 4760 4320 4880 ſon
4429 4760 4814 4880 Contraire
4874 4760 4958 4880 aſ-

2843 4880 3184 5005 ſujettie;
3246 4880 3539 5005 comme
3587 4880 3624 5005 il
3685 4880 3771 5005 eſt
3832 4880 4271 5005 demonſtré
4320 4880 4442 5005 par
4479 4880 4577 5005 les
4638 4880 4955 5005 figures.

3571 5046 3888 5282 Cercle
4092 5046 4363 5282 N.11.

2872 5312 3157 5434 Alexandre
3199 5312 3420 5434 execute
3473 5312 3536 5434 icy
3578 5312 3641 5434 ſon
3684 5312 3936 5434 intention
4000 5312 4347 5434 precedente,
4400 5312 4653 5434 tournant
4706 5312 4737 5434 le
4800 5312 4948 5434 hault

2962 5445 2995 5557 du
3050 5445 3192 5557 corps
3225 5445 3301 5557 ſur
3334 5445 3367 5557 le
3421 5445 3531 5557 pied
3586 5445 3739 5557 droit,
3837 5445 3837 5557 &
3881 5445 4264 5557 abandonnant
4307 5445 4340 5557 la
4384 5445 4504 5557 lame
4581 5445 4603 5557 de
4646 5445 4690 5557 ſa
4734 5445 4931 5557 partie,

2960 5565 2985 5681 il
3023 5565 3277 5681 affermiſt
3328 5565 3366 5681 la
3404 5565 3557 5681 ſiene
3607 5565 3772 5681 ſurfon
3836 5565 3938 5681 bras
3988 5565 4204 5681 gauche,
4293 5565 4293 5681 &
4344 5565 4369 5681 le
4407 5565 4547 5681 bleſſe
4623 5565 4661 5681 de
4699 5565 4839 5681 toute
4902 5565 4940 5681 ſa

2947 5689 3074 5810 force
3120 5689 3409 5810 (penchant
3455 5689 3478 5810 le
3524 5689 3709 5810 corps)
3755 5689 3893 5810 d’une
3940 5689 4171 5810 eſtocade
4217 5689 4251 5810 au
4321 5689 4436 5810 coſté
4482 5689 4632 5810 droit.

3334 5852 3443 5973 Ecy
3540 5852 3612 5973 eſt
3685 5852 3721 5973 la
3781 5852 4180 5973 pourſuite
4228 5852 4410 5973 avec
4446 5852 4917 5973 l’execution

3316 5973 3372 6094 de
3429 5973 3879 6094 l’operation
3957 5973 4486 6094 precedente,
4542 5973 4936 6094 contenue

3301 6099 3359 6189 au
3487 6099 3718 6189 Cercle
3857 6099 3892 6189 N.
3961 6099 4065 6189 10.
4193 6099 4725 6189 ALEXANDRE
4795 6099 4945 6189 ſans

3294 6221 3572 6342 perdre
3676 6221 3918 6342 temps
4022 6221 4300 6342 tourne
4404 6221 4450 6342 le
4554 6221 4751 6342 hault
4866 6221 4912 6342 du

2846 6343 3061 6468 corps
3109 6343 3217 6468 ſur
3264 6343 3312 6468 le
3372 6343 3539 6468 pied
3611 6343 3826 6468 droit,
3921 6343 3933 6468 &
3993 6343 4029 6468 en
4101 6343 4172 6468 fin
4256 6343 4316 6468 du
4411 6343 4662 6468 meſme
4758 6343 4949 6468 mou-

2842 6470 3150 6588 vement
3197 6470 3232 6588 il
3280 6470 3752 6588 abandonne
3811 6470 3847 6588 la
3894 6470 4083 6588 lame
4154 6470 4213 6588 de
4272 6470 4308 6588 ſa
4367 6470 4627 6588 partie,
4674 6470 4934 6588 faiſant

2830 6594 3147 6714 tomber
3205 6594 3252 6714 la
3311 6594 3581 6714 pointe
3651 6594 3710 6714 de
3757 6594 3804 6714 la
3862 6594 4109 6714 ſienne
4179 6594 4249 6714 de
4308 6594 4484 6714 haut
4566 6594 4613 6714 en
4695 6594 4812 6714 bas
4883 6594 4918 6714 (à

2831 6722 3069 6844 l’ayde
3157 6722 3207 6844 du
3307 6722 3695 6844 poignet)
3745 6722 3858 6844 ſur
3908 6722 4008 6844 ſon
4095 6722 4246 6844 bras
4333 6722 4659 6844 gauche,
4759 6722 4934 6844 avec

4742 6867 4934 6966 quoy

2876 3829 3165 3950 Alexandre
3223 3829 3617 3950 pourſuivant,
3663 3829 3929 3950 penchant
3976 3829 4010 3950 le
4057 3829 4196 3950 corps
4242 3829 4450 3950 aſſuett
4485 3829 4531 3950 iſt
4578 3829 4613 3950 la
4659 3829 4775 3950 lame
4833 3829 4867 3950 de
4914 3829 4948 3950 ſa

2961 3964 3222 4079 partie.
