5520 7640
2898 271 3192 406 deſſus,
3282 271 3320 406 il
3371 271 3499 406 fait
3563 271 3806 406 ſuivre
3857 271 3921 406 le
3998 271 4292 406 gauche
4382 271 4433 406 en
4510 271 4574 406 le
4651 271 5022 406 traiſnant

2879 406 3126 530 oultre
3163 406 3199 530 la
3261 406 3495 530 lettre
3606 406 3667 530 D;
3741 406 4049 530 comme
4098 406 4135 530 il
4184 406 4455 530 appert
4517 406 4628 530 par
4677 406 4788 530 les
4837 406 5034 530 figu-

2865 528 2999 661 res.
3134 528 3685 661 ALEXANDRE
3746 528 3966 661 ayant
4028 528 4285 661 planté
4334 528 4383 661 le
4444 528 4615 661 pied
4689 528 4909 661 droit,
5019 528 5031 661 &

2867 656 3141 788 traiſné
3188 656 3248 788 le
3319 656 3641 788 gauche,
3688 656 3902 788 apres
3962 656 4164 788 avoir
4224 656 4545 788 obſervé
4593 656 4700 788 les
4747 656 5021 788 adver-

2865 784 3325 912 tiſſements
3388 784 3711 912 ſuſdits,
3773 784 4135 912 pourſuit
4184 784 4757 912 ſonintention
4881 784 4894 912 &
4956 784 5006 912 en

2861 912 3255 1039 avançant
3303 912 3350 1039 le
3410 912 3577 1039 pied
3661 912 3875 1039 droit,
3935 912 4162 1039 apres
4209 912 4412 1039 avoir
4484 912 4687 1039 volté
4734 912 4794 1039 le
4866 912 5021 1039 gau-

2876 1037 2990 1165 che
3092 1037 3473 1165 d’erriere,
3537 1037 3562 1165 il
3626 1037 3854 1165 bleſſe
3931 1037 3981 1165 au
4070 1037 4312 1165 viſage
4363 1037 4414 1165 ſa
4490 1037 4782 1165 partie,
4858 1037 5024 1165 mais

2869 1162 3058 1291 ceſte
3117 1162 3473 1291 derniere
3532 1162 3935 1291 operation
4029 1162 4112 1291 eſt
4148 1162 4266 1291 icy
4337 1162 4657 1291 obmiſe,
4716 1162 5012 1291 pource

2870 1290 3133 1417 qu’elle
3208 1290 3283 1417 eſt
3346 1290 3533 1417 aſſez
3596 1290 3934 1417 declarée
3997 1290 4047 1417 au
4135 1290 4586 1417 precedent
4686 1290 4999 1417 Tableau

2908 1420 3155 1529 XXX.
3300 1420 3532 1529 Cercle
3605 1420 3648 1529 3.

3578 2044 3897 2216 Cercle
4087 2044 4406 2216 N14.

2871 2265 3058 2394 Comme
3140 2265 3433 2394 Alexandre
3492 2265 3668 2394 plante
3738 2265 3762 2394 le
3820 2265 3938 2394 pied
4008 2265 4125 2394 droit
4184 2265 4184 2394 à
4231 2265 4266 2394 la
4313 2265 4477 2394 lettre
4606 2265 4641 2394 M.
4747 2265 5005 2394 Zacharie

2961 2404 3190 2522 prenant
3256 2404 3277 2522 le
3365 2404 3528 2522 temps
3594 2404 3681 2522 que
3758 2404 3790 2522 le
3856 2404 3998 2522 corps
4074 2404 4107 2522 de
4172 2404 4205 2522 ſa
4292 2404 4467 2522 partie
4532 2404 4696 2522 tombe
4773 2404 4882 2522 hors
4936 2404 5002 2522 ſon

2969 2525 3145 2648 poids,
3204 2525 3228 2648 il
3286 2525 3310 2648 le
3357 2525 3498 2648 bleſſe
3568 2525 3698 2648 d’une
3757 2525 3945 2648 courbe
3980 2525 4297 2648 embrocade
4344 2525 4356 2648 à
4403 2525 4438 2648 la
4474 2525 4791 2648 poitrine.

3335 5765 3347 5876 E
3430 5765 3680 5876 Cercle
3727 5765 3858 5876 tire
3906 5765 3953 5876 ſa
4013 5765 4286 5876 ſource
4358 5765 4405 5876 du
4501 5765 5024 5876 commence-

3338 5888 3523 6022 ment
3596 5888 3658 6022 de
3707 5888 4173 6022 l’operation
4272 5888 4321 6022 du
4444 5888 4689 6022 Cercle
4812 5888 4861 6022 N.
4910 5888 5008 6022 14.

3326 6017 3375 6147 ou
3521 6017 3961 6147 ZACHARIE
4058 6017 4144 6147 eſt
4229 6017 4424 6147 preſt
4534 6017 4864 6147 d’entrer
4949 6017 4998 6147 en

3313 6143 3698 6286 tournant
3746 6143 3782 6286 ſa
3866 6143 4023 6286 main
4095 6143 4288 6286 pour
4336 6143 4613 6286 bleſſer
4673 6143 4709 6286 ſa
4769 6143 5010 6286 partie

2866 6264 3077 6399 d’une
3139 6264 3473 6399 courbe,
3535 6264 3746 6399 cõme
3820 6264 3845 6399 il
3895 6264 3895 6399 à
3969 6264 4106 6399 eſté
4192 6264 4267 6399 cy
4353 6264 4589 6399 deſſus
4676 6264 5010 6399 deſclaré

2853 6393 2913 6529 au
3044 6393 3282 6529 Cercle
3389 6393 3425 6529 N.
3485 6393 3580 6529 14.
3675 6393 4235 6529 ALEXANDRE
4319 6393 4867 6529 S’apercevant
4939 6393 4998 6529 du

2893 6516 3402 6634 mouvement
3481 6516 3537 6634 du
3650 6516 4103 6634 Contraire,
4227 6516 4238 6634 &
4306 6516 4837 6634 rencontrant
4939 6516 4984 6634 du

2858 6642 3102 6788 foible
3179 6642 3230 6788 de
3282 6642 3320 6788 la
3385 6642 3642 6788 ſienne
3680 6642 3731 6788 le
3796 6642 3937 6788 fort
4001 6642 4361 6788 d’iceluy,
4412 6642 4682 6788 plante
4734 6642 4785 6788 le
4837 6642 5016 6788 pied

2875 6769 3102 6885 eſlevé
3152 6769 3203 6885 au
3291 6769 3543 6885 deſſus
3606 6769 3657 6885 du
3770 6769 4148 6885 Diametre
4199 6769 4211 6885 à
4275 6769 4312 6885 la
4363 6769 4602 6885 lettre
4716 6769 4754 6885 M.
4804 6769 5031 6885 hauſ-

4869 6928 5016 7015 ſant

598 275 803 413 quoy
855 275 1419 413 l’affermiſſant
1470 275 1534 413 au
1624 275 1868 413 corps,
1906 275 1945 413 il
1996 275 2163 413 leve
2214 275 2265 413 le
2317 275 2483 413 pied
2560 275 2714 413 gau-

593 409 749 532 che,
794 409 850 532 ſe
906 409 1286 532 tournant
1353 409 1621 532 encore
1699 409 1800 532 ſur
1856 409 1912 532 le
1979 409 2169 532 droit
2236 409 2381 532 vers
2448 409 2493 532 ſa
2560 409 2716 532 par-

583 533 717 663 tie,
790 533 838 663 en
923 533 1275 663 plantant
1324 533 1384 663 le
1445 533 1615 663 pied
1676 533 1906 663 eſlevé
1979 533 2210 663 ſoubs
2270 533 2331 663 le
2440 533 2719 663 Diame-

590 659 687 781 tre
749 659 749 781 à
822 659 871 781 la
932 659 1151 781 lettre
1249 659 1274 781 S.
1347 659 1750 781 penchant
1835 659 1884 781 du
1970 659 2214 781 corps,
2263 659 2299 781 il
2360 659 2409 781 le
2482 659 2702 781 bleſſe

604 785 734 912 d’un
853 785 1030 912 plein
1149 785 1481 912 pouvoir
1600 785 1801 912 d’une
1908 785 2264 912 eſtocade
2335 785 2394 912 au
2525 785 2702 912 coſté

594 909 828 1035 droit;
927 909 1235 1035 comme
1284 909 1321 1035 il
1370 909 1457 1035 eſt
1518 909 1962 1035 demonſtré
2011 909 2122 1035 par
2171 909 2270 1035 les
2319 909 2651 1035 figures.

1307 1546 1620 1710 Cercle
1821 1546 2157 1710 N.12.

605 1777 858 1895 Zacharie
902 1777 1111 1895 s’eſtant
1177 1777 1243 1895 mis
1298 1777 1320 1895 de
1376 1777 1695 1895 nouveauen
1761 1777 1992 1895 poſture,
2036 1777 2058 1895 le
2102 1777 2246 1895 corps
2290 1777 2334 1895 un
2389 1777 2455 1895 peu
2532 1777 2719 1895 penché

686 1907 730 2022 en
785 1907 1005 2022 arriere,
1060 1907 1093 2022 il
1148 1907 1379 2022 preſente
1434 1907 1500 2022 ſon
1544 1907 1688 2022 eſpee
1732 1907 1765 2022 en
1853 1907 1996 2022 droite
2040 1907 2172 2022 ligne
2216 1907 2249 2022 la
2315 1907 2480 2022 pointe
2524 1907 2568 2022 un
2634 1907 2712 2022 peu

689 2028 895 2147 baute;
992 2028 1284 2147 Alexandre
1338 2028 1521 2147 venant
1597 2028 1597 2147 à
1662 2028 1965 2147 l’encontre
2029 2028 2105 2147 met
2148 2028 2213 2147 ſon
2256 2028 2397 2147 eſpee
2451 2028 2483 2147 en
2559 2028 2710 2147 angle

704 2155 821 2273 droit
868 2155 1010 2273 ſoubs
1045 2155 1163 2273 celle
1222 2155 1245 2273 de
1292 2155 1339 2273 ſa
1375 2155 1645 2273 partie.

1058 2350 1070 2468 A
1154 2350 1480 2468 CHARIE
1552 2350 1853 2468 s’eſtant
1950 2350 2046 2468 mis
2118 2350 2166 2468 en
2251 2350 2600 2468 poſture,
2648 2350 2709 2468 le

1029 2474 1209 2594 pied
1293 2474 1473 2594 droit
1545 2474 1713 2594 avec
1773 2474 1821 2594 le
1893 2474 2121 2594 genou
2205 2474 2408 2594 roide
2480 2474 2588 2594 ſur
2648 2474 2708 2594 le

1069 2602 1479 2722 Diametre,
1526 2602 1912 2722 touchant
1983 2602 2041 2722 du
2111 2602 2299 2722 talon
2381 2602 2697 2722 d’iceluy

1025 2726 1072 2846 la
1166 2726 1811 2846 Circonference,
1846 2726 1905 2846 le
1987 2726 2280 2846 gauche
2351 2726 2398 2846 en
2491 2726 2714 2846 arrie-

567 2846 630 2967 re
681 2846 681 2967 à
732 2846 770 2967 la
846 2846 1113 2967 pointe
1189 2846 1239 2967 du
1366 2846 1684 2967 Quadrat
1734 2846 1785 2967 le
1861 2846 2102 2967 genou
2166 2846 2356 2967 plié,
2420 2846 2724 2967 ſouſte-

561 2974 746 3089 nant
803 2974 907 3089 ſur
942 2974 1207 3089 iceluy
1265 2974 1311 3089 le
1380 2974 1599 3089 corps
1645 2974 1715 3089 un
1784 2974 1899 3089 peu
1980 2974 2280 3089 penché
2360 2974 2407 3089 en
2499 2974 2718 3089 arrie-

563 3097 661 3216 re,
698 3097 734 3216 il
832 3097 954 3216 met
1003 3097 1064 3216 le
1112 3097 1295 3216 haut
1356 3097 1417 3216 du
1503 3097 1661 3216 bras
1710 3097 2076 3216 joignant
2149 3097 2247 3216 ſon
2332 3097 2576 3216 coſté,
2710 3097 2710 3216 &

558 3221 607 3340 le
680 3221 875 3340 reſte
937 3221 1254 3340 d’iceluy
1316 3221 1499 3340 avec
1560 3221 1841 3340 l’eſpee
1927 3221 1964 3340 en
2061 3221 2306 3340 droite
2391 3221 2599 3340 ligne
2660 3221 2709 3340 la

556 3346 831 3466 pointe
889 3346 946 3466 un
1027 3346 1141 3466 peu
1222 3346 1486 3466 haute,
1543 3346 1807 3466 tenant
1853 3346 1899 3466 la
2002 3346 2152 3466 main
2232 3346 2531 3466 gauche
2599 3346 2714 3466 de-

566 3467 734 3584 vant
842 3467 842 3584 &
901 3467 901 3584 à
973 3467 1165 3584 coſté
1224 3467 1284 3584 de
1332 3467 1380 3584 la
1440 3467 1619 3584 teſte
1679 3467 1871 3584 pour
1919 3467 1954 3584 ſa
2038 3467 2421 3584 deffence,
2457 3467 2708 3584 atten-

571 3597 734 3708 dant
804 3597 979 3708 ainſi
1037 3597 1084 3708 ſa
1154 3597 1446 3708 partie.
1574 3597 2203 3708 ALEXANDRE
2285 3597 2402 3708 s’en
2507 3597 2705 3708 vient

554 3722 948 3835 travailler
1007 3722 1007 3835 à
1065 3722 1552 3835 l’encontre,
1634 3722 1959 3835 mettant
2005 3722 2063 3835 le
2121 3722 2296 3835 pied
2365 3722 2551 3835 droit
2621 3722 2691 3835 un

572 3842 675 3962 peu
752 3842 868 3962 par
932 3842 1061 3962 delà
1126 3842 1177 3962 le
1293 3842 1667 3962 Quadrat,
1731 3842 1899 3962 pres
1976 3842 2027 3962 de
2092 3842 2130 3962 la
2182 3842 2414 3962 lettre
2530 3842 2581 3962 B,
2710 3842 2723 3962 &

571 3965 874 4084 entrant
967 3965 1014 4084 du
1131 3965 1492 4084 gauche,
1574 3965 1597 4084 il
1667 3965 1971 4084 avance
2064 3965 2577 4084 eſgallement
2659 3965 2717 4084 le

563 4091 727 4208 bras
840 4091 840 4208 &
890 4091 1191 4208 l’eſpee,
1266 4091 1430 4208 puis
1467 4091 1505 4208 il
1555 4091 1819 4208 plante
1869 4091 1919 4208 le
1982 4091 2145 4208 pied
2221 4091 2447 4208 eſlevé
2509 4091 2610 4208 ſur
2660 4091 2710 4208 la

565 4210 768 4337 ligne
870 4210 908 4337 C.
1035 4210 1074 4337 G.
1201 4210 1201 4337 &
1277 4210 1595 4337 dreſſant
1646 4210 1709 4337 le
1773 4210 1989 4337 corps
2053 4210 2726 4337 perpendiculai-

561 4340 909 4452 rement,
954 4340 988 4452 il
1067 4340 1190 4452 met
1235 4340 1337 4452 ſon
1427 4340 1629 4452 eſpee
1696 4340 1921 4452 (avec
1978 4340 2045 4452 un
2146 4340 2439 4452 moderé
2495 4340 2720 4452 avan-

574 4462 885 4584 cement
956 4462 1004 4584 du
1088 4462 1291 4584 bras)
1350 4462 1398 4584 en
1470 4462 1685 4584 angle
1768 4462 1947 4584 droit
1995 4462 2234 4584 ſoubs
2294 4462 2461 4584 celle
2544 4462 2604 4584 de
2664 4462 2711 4584 ſa

564 4587 845 4715 partie;
905 4587 1210 4715 comme
1247 4587 1283 4715 il
1332 4587 1381 4715 ſe
1441 4587 1588 4715 voit
1649 4587 1758 4715 par
1795 4587 1892 4715 les
1953 4587 2282 4715 figures.

3348 2721 3464 2843 Ecy
3546 2721 3859 2843 reſourd
3952 2721 4010 2843 du
4102 2721 4833 2843 commencement
4926 2721 4996 2843 de

3318 2849 3781 2971 l’operation
3881 2849 3943 2971 du
4068 2849 4306 2971 Cercle
4381 2849 4844 2971 precedent
4969 2849 5006 2971 N.

3320 2974 3416 3091 13.
3535 2974 3594 3091 ou
3714 2974 4262 3091 ALEXANDRE
4346 2974 4608 3091 plante
4692 2974 4739 3091 le
4823 2974 5002 3091 pied

3327 3097 3518 3216 droit
3565 3097 3565 3216 à
3625 3097 3661 3216 la
3720 3097 3946 3216 lettre
4066 3097 4113 3216 M.
4220 3097 4375 3216 mais
4435 3097 4554 3216 icy
4673 3097 5019 3216 ZACHA-

2869 3219 2962 3339 RIE
3032 3219 3369 3339 prenant
3427 3219 3485 3339 le
3543 3219 3799 3339 temps
3880 3219 4008 3339 que
4066 3219 4171 3339 les
4241 3219 4450 3339 corps
4543 3219 5019 3339 d’ALEXAN-

2876 3341 3007 3461 DRE
3078 3341 3352 3461 tombe
3435 3341 3614 3461 hors
3697 3341 3757 3461 de
3828 3341 3935 3461 ſon
4031 3341 4305 3461 poids,
4400 3341 4602 3461 entre
4685 3341 4745 3461 du
4828 3341 5007 3461 pied

2859 3463 3084 3585 droit,
3143 3463 3533 3585 tournant
3592 3463 3651 3585 le
3722 3463 3888 3585 bras
4006 3463 4018 3585 &
4089 3463 4361 3585 l’eſpee
4431 3463 4479 3585 en
4597 3463 4892 3585 courbe
4963 3463 4999 3585 la

2860 3592 3083 3714 garde
3182 3592 3503 3714 dehors,
3578 3592 3739 3714 puis
3813 3592 4172 3714 plantant
4234 3592 4296 3714 le
4370 3592 4543 3714 pied
4642 3592 4877 3714 eſlevé
4939 3592 4989 3714 au

2865 3716 3177 3829 deſſous
3240 3716 3289 3829 du
3414 3716 3788 3829 Diametre
3851 3716 3851 3829 à
3901 3716 3951 3829 la
4000 3716 4225 3829 lettre
4300 3716 4350 3829 S,
4412 3716 4437 3829 il
4487 3716 4724 3829 bleſſe
4811 3716 5023 3829 d’une

2861 3843 3154 3964 courbe
3236 3843 3729 3964 embrocade
3787 3843 3893 3964 ſon
3998 3843 4397 3964 Contraire
4444 3843 4456 3964 à
4503 3843 4550 3964 la
4632 3843 5019 3964 poitrine;

2863 3969 3165 4091 comme
3225 3969 3262 4091 il
3334 3969 3612 4091 appert
3672 3969 3817 4091 aux
3890 3969 4252 4091 figures:
4325 3969 4760 4091 leſquelles
4844 3969 5013 4091 ſont

2846 4091 3018 4212 ainſi
3087 4091 3648 4212 repreſentees
3717 4091 3912 4212 pour
3992 4091 4222 4212 mieux
4302 4091 4588 4212 donner
4657 4091 4669 4212 à
4749 4091 5024 4212 enten-

2875 4214 2974 4339 dre
3048 4214 3481 4339 l’intention
3592 4214 3654 4339 de
3778 4214 4297 4339 ZACHARIE,
4396 4214 4743 4339 laquelle
4842 4214 5015 4339 ALE-

2872 4337 3221 4466 XANDRE
3293 4337 3654 4466 previent
3714 4337 3762 4466 au
3834 4337 4339 4466 ſubſequent
4436 4337 4676 4466 Cercle
4736 4337 4820 4466 15.

3595 4943 3906 5125 Cercle
4129 4943 4419 5125 N.1.

2871 5166 3053 5307 Comme
3138 5166 3393 5307 Zacharie
3429 5166 3490 5307 eſt
3539 5166 3660 5307 preſt
3721 5166 3745 5307 de
3806 5166 4012 5307 tourner
4061 5166 4097 5307 la
4158 5166 4267 5307 main
4328 5166 4437 5307 pour
4498 5166 4668 5307 bleſſer
4729 5166 4765 5307 ſa
4814 5166 5020 5307 partie,

3010 5304 3308 5430 Alexandre
3368 5304 3642 5430 rencontre
3714 5304 3750 5430 de
3809 5304 3869 5430 ſon
3941 5304 4036 5430 fort
4096 5304 4119 5430 le
4167 5304 4322 5430 foible
4394 5304 4656 5430 d’iceluy,
4788 5304 4788 5430 &
4859 5304 5014 5430 eſvite

2977 5430 3014 5559 en
3088 5430 3298 5559 partie,
3409 5430 3409 5559 &
3483 5430 3520 5559 en
3582 5430 3754 5559 partie
3816 5430 3940 5559 pare
3989 5430 4063 5559 ſon
4125 5430 4458 5559 l’eſtocade;
4519 5430 4630 5559 puis
4717 5430 5013 5559 deſgradue

2969 5558 3003 5659 ſa
3060 5558 3276 5659 lame.

1291 4850 1592 5058 Cercle
1915 4850 2123 5058 .13.

603 5057 902 5201 Alexandre
950 5057 1190 5201 pourſuit
1238 5057 1273 5201 la
1345 5057 1656 5201 precedente
1692 5057 2003 5201 operation,
2099 5057 2099 5201 &
2147 5057 2291 5201 bleſſe
2327 5057 2362 5201 ſa
2422 5057 2602 5201 partie
2662 5057 2710 5201 au

698 5211 958 5319 viſge.

1049 5395 1534 5510 LEXANDRE
1629 5395 2150 5510 pourſuivant
2233 5395 2694 5510 l’operation

1030 5509 1532 5643 precedente
1581 5509 1642 5643 au
1752 5509 1997 5643 Cercle
2095 5509 2144 5643 N.
2205 5509 2291 5643 12.
2365 5509 2720 5643 hauſſant

1037 5637 1037 5765 à
1101 5637 1308 5765 l’aide
1385 5637 1437 5765 du
1501 5637 1836 5765 poignet
1913 5637 1952 5765 ſa
2029 5637 2339 5765 poine
2416 5637 2468 5765 en
2597 5637 2713 5765 Cir-

1037 5768 1573 5890 conference,
1640 5768 1863 5890 porte
1941 5768 1996 5890 en
2075 5768 2298 5890 avant
2364 5768 2721 5890 pareille-

605 5889 773 6024 ment
845 5889 893 6024 le
965 5889 1146 6024 pied
1230 5889 1410 6024 droit
1519 5889 1531 6024 &
1591 5889 1639 6024 le
1723 5889 1988 6024 corps,
2096 5889 2144 6024 en
2240 5889 2565 6024 croiſant
2649 5889 2697 6024 en

606 6011 856 6147 meſme
928 6011 1178 6147 temps
1250 6011 1285 6147 la
1357 6011 1548 6147 lame
1643 6011 1691 6147 de
1762 6011 1810 6147 ſa
1894 6011 2180 6147 partie;
2251 6011 2418 6147 puis
2490 6011 2716 6147 ayant

571 6137 691 6273 fait
751 6137 894 6273 une
966 6137 1217 6273 petite
1277 6137 1492 6273 pauſe
1588 6137 1636 6273 du
1731 6137 1899 6273 pied
1982 6137 2210 6273 eſlevé
2269 6137 2497 6273 avant
2592 6137 2724 6273 que

576 6261 816 6395 laiſſer
888 6261 1200 6395 tomber
1273 6261 1321 6395 le
1417 6261 1621 6395 corps
1681 6261 1849 6395 hors
1921 6261 1993 6395 de
2054 6261 2150 6395 ſon
2234 6261 2498 6395 poids,
2582 6261 2702 6395 afin

588 6385 660 6521 de
719 6385 982 6521 n’eſtre
1053 6385 1268 6521 point
1340 6385 1614 6521 ſurpris
1698 6385 1745 6521 en
1829 6385 1889 6521 ce
1960 6385 2211 6521 temps
2282 6385 2390 6521 par
2461 6385 2509 6521 ſa
2569 6385 2712 6521 par-

580 6512 669 6646 tie
744 6512 858 6646 qui
895 6512 1261 6646 l’attend,
1311 6512 1349 6646 il
1412 6512 1664 6646 plante
1714 6512 1765 6646 le
1866 6512 2118 6646 meſme
2181 6512 2344 6646 pied
2407 6512 2521 6646 par
2584 6512 2722 6646 delà

575 6635 624 6768 le
733 6635 1145 6768 Diametre,
1205 6635 1496 6768 proche
1569 6635 1617 6768 le
1739 6635 2114 6768 Diametre
2187 6635 2733 6768 perpendicu-

576 6759 744 6890 laire
840 6759 1104 6890 devant
1177 6759 1213 6890 la
1285 6759 1513 6890 lettre
1633 6759 1705 6890 M,
1826 6759 1826 6890 &
1898 6759 2306 6890 penchant
2366 6759 2414 6890 le
2499 6759 2715 6890 corps
