5520 7640
3544 345 3867 551 Cercle
4211 345 4361 551 7.

2854 576 3037 692 Comme
3122 576 3401 692 Alexandre
3444 576 3476 692 ſe
3529 576 3636 692 veut
3679 576 3969 692 revencher
4033 576 4065 692 du
4108 576 4226 692 coup
4268 576 4579 692 precedent,
4654 576 4943 692 Alexandre

2958 701 3027 826 ſur
3073 701 3096 826 le
3166 701 3478 826 mouvement
3524 701 3674 826 apres
3732 701 3859 826 avoir
3905 701 4067 826 eſvité
4102 701 4136 826 ſa
4183 701 4379 826 pointe,
4529 701 4668 826 paſsé
4703 701 4760 826 ſon
4818 701 4945 826 eſpee

2956 824 2991 955 en
3062 824 3449 955 Circonference
3496 824 3519 955 le
3566 824 3707 955 bleſſe
3765 824 3859 955 d’un
3906 824 4258 955 eſtramaçon.

3332 1017 3443 1138 Ecy
3505 1017 3591 1138 eſt
3628 1017 3677 1138 la
3739 1017 3923 1138 ſuite
3985 1017 4047 1138 de
4096 1017 4145 1138 la
4207 1017 4700 1138 precedente
4774 1017 4946 1138 ope-

3294 1145 3521 1258 ration
3616 1145 3854 1258 Cercle
3962 1145 3986 1258 N.
4021 1145 4129 1258 16.
4212 1145 4212 1258 Z
4272 1145 4665 1258 ACHARIE
4713 1145 4939 1258 ayant

3292 1262 3503 1382 reçeu
3586 1262 3633 1382 le
3715 1262 3891 1382 coup
3961 1262 4618 1382 ſuſmentionné,
4689 1262 4818 1382 tire
4888 1262 4947 1382 le

3295 1386 3467 1506 pied
3553 1386 3823 1506 gauche
3884 1386 4044 1506 plus
4105 1386 4142 1506 en
4240 1386 4522 1506 dedans
4559 1386 4608 1506 le
4706 1386 4940 1506 Cercle

2861 1507 3178 1631 derriere
3225 1507 3272 1631 le
3343 1507 3531 1631 droit
3578 1507 3895 1631 avancé,
3942 1507 4260 1631 tournãt
4307 1507 4354 1631 le
4436 1507 4648 1631 corps
4695 1507 4730 1631 la
4812 1507 4941 1631 deſ-

2837 1631 2944 1753 ſus
3003 1631 3156 1753 vers
3203 1631 3250 1753 ſa
3309 1631 3593 1753 partie,
3675 1631 3864 1753 pour
3935 1631 3982 1753 ſe
4041 1631 4478 1753 revencher
4572 1631 4631 1753 de
4690 1631 4938 1753 l’eſto-

2855 1757 3039 1875 cade.
3137 1757 3670 1875 ALEXANDRE
3735 1757 3790 1875 au
3887 1757 4388 1875 mouvement
4453 1757 4507 1875 de
4551 1757 4594 1875 ſa
4659 1757 4931 1875 partie,

2851 1878 3044 1997 volte
3092 1878 3152 1997 le
3213 1878 3382 1997 pied
3466 1878 3755 1997 gauche
3840 1878 4166 1997 derriere
4214 1878 4274 1997 le
4346 1878 4636 1997 planté,
4744 1878 4757 1997 &
4841 1878 4950 1997 en-

2839 2003 3214 2121 tournant
3260 2003 3307 2121 le
3366 2003 3588 2121 corps
3635 2003 3729 2121 ſur
3776 2003 4068 2121 iceluy,
4092 2003 4127 2121 il
4185 2003 4396 2121 eſvite
4443 2003 4490 2121 la
4548 2003 4806 2121 pointe
4876 2003 4935 2121 de

2846 2126 2945 2246 ſon
3057 2126 3405 2246 Cõtraire,
3442 2126 3691 2246 apres,
3741 2126 3964 2246 ayant
4014 2126 4263 2246 planté
4313 2126 4362 2246 le
4424 2126 4586 2246 pied
4648 2126 4934 2246 gauche

2842 2249 2961 2375 par
3044 2249 3199 2375 deçà
3318 2249 3318 2375 &
3378 2249 3556 2375 hors
3616 2249 3675 2375 du
3794 2249 4068 2375 Cercle,
4139 2249 4413 2375 avance
4473 2249 4520 2375 le
4616 2249 4794 2375 droit
4866 2249 4913 2375 en

2842 2370 3154 2494 portant
3227 2370 3588 2494 derechef
3660 2370 3660 2494 à
3732 2370 3936 2494 l’aide
4033 2370 4081 2494 du
4153 2370 4478 2494 poignet
4538 2370 4634 2494 ſon
4730 2370 4935 2494 eſpee

2851 2496 2898 2596 en
3003 2496 3608 2596 Circonference
3678 2496 3911 2596 deſſus
3958 2496 3993 2596 la
4051 2496 4272 2596 teſte,
4366 2496 4377 2596 &
4447 2496 4773 2596 donnant
4832 2496 4936 2596 en-

2853 2619 3009 2740 core
3069 2619 3129 2740 un
3212 2619 3679 2740 eſtramaçon
3739 2619 3751 2740 à
3799 2619 3847 2740 ſa
3907 2619 4182 2740 partie,
4230 2619 4266 2740 il
4326 2619 4589 2740 plante
4649 2619 4697 2740 le
4769 2619 4936 2740 pied

2865 2744 3043 2845 droit
3091 2744 3186 2845 ſur
3233 2744 3269 2845 la
3364 2744 3971 2845 Circonference
4018 2744 4030 2845 à
4078 2744 4125 2845 la
4173 2744 4399 2845 lettre
4518 2744 4565 2845 V;
4637 2744 4934 2845 comme

2847 2865 2872 2985 il
2935 2865 3010 2985 eſt
3073 2865 3502 2985 demonſtré
3552 2865 3666 2985 par
3716 2865 3804 2985 les
3855 2865 4170 2985 figures.

4723 5294 4756 5432 Il
4823 5294 4939 5432 ap-

1318 1669 1638 1832 Cercle
1830 1669 2129 1832 N.16.

579 341 726 463 ſant
775 341 823 463 le
872 341 1067 463 talon
1153 341 1470 463 gauche,
1518 341 1896 463 tournant
1945 341 2043 463 ſur
2104 341 2165 463 le
2213 341 2384 463 pied
2433 341 2689 463 planté

578 461 626 586 le
700 461 883 586 coſté
956 461 1236 586 gauche
1310 461 1358 586 en
1444 461 1737 586 dehors,
1834 461 1834 586 &
1883 461 1932 586 le
2005 461 2188 586 droit
2249 461 2298 586 en
2383 461 2689 586 dedans,

598 591 987 707 enſemble
1036 591 1084 707 le
1133 591 1291 707 bras
1413 591 1413 707 &
1462 591 1766 707 l’eſpee,
1802 591 1851 707 la
1900 591 2265 707 joignant
2313 591 2326 707 à
2399 591 2557 707 celle
2630 591 2691 707 de

588 707 626 833 ſa
689 707 967 833 partie,
1018 707 1334 833 baiſſant
1385 707 1423 833 la
1486 707 1739 833 garde,
1840 707 1853 833 &
1903 707 2245 833 hauſſant
2295 707 2333 833 la
2397 707 2700 833 pointe,

583 839 765 955 avec
834 839 1175 955 laquelle
1255 839 1300 955 en
1391 839 1766 955 tournant
1812 839 1869 955 le
1948 839 2199 955 corps,
2244 839 2278 955 il
2347 839 2563 955 eſvite
2631 839 2676 955 en

593 962 826 1078 partie
885 962 1304 1078 l’eſtocade
1432 962 1444 1078 &
1525 962 1572 1078 en
1665 962 1898 1078 partie
1968 962 2003 1078 la
2084 962 2248 1078 pare
2329 962 2504 1078 avec
2574 962 2679 1078 ſon

599 1084 844 1201 eſpee,
915 1084 1301 1201 enſemble
1359 1084 1652 1201 jettant
1722 1084 1780 1201 en
1862 1084 2049 1201 rond
2119 1084 2166 1201 le
2225 1084 2400 1201 pied
2459 1084 2693 1201 eſlevé

614 1210 933 1327 derriere
994 1210 1043 1327 le
1092 1210 1349 1327 planté
1398 1210 1509 1327 par
1594 1210 1656 1327 de
1717 1210 1754 1327 la
1827 1210 1888 1327 le
1999 1210 2231 1327 Cercle
2305 1210 2587 1327 proche
2648 1210 2685 1327 la

583 1331 811 1451 lettre
931 1331 967 1451 V,
1015 1331 1051 1451 il
1123 1331 1531 1451 deſgradue
1579 1331 1627 1451 la
1675 1331 1867 1451 lame
1939 1331 1999 1451 de
2047 1331 2095 1451 ſa
2155 1331 2419 1451 partie;
2503 1331 2695 1451 com-

616 1458 702 1578 me
751 1458 850 1578 les
899 1458 1183 1578 figures
1245 1458 1738 1578 enſeignent.

622 1905 921 2030 Alexandre
968 1905 1359 2030 aſſourdiſſant
1417 1905 1452 2030 la
1521 1905 1636 2030 lame
1717 1905 1740 2030 de
1786 1905 1832 2030 ſa
1890 1905 2097 2030 partie,
2155 1905 2293 2030 porte
2351 1905 2385 2030 la
2443 1905 2604 2030 ſienne
2650 1905 2685 2030 en

728 2030 1118 2154 Circonference
1166 2030 1251 2154 par
1312 2030 1458 2154 deſſus
1495 2030 1531 2154 la
1567 2030 1726 2154 teſle,
1835 2030 1835 2154 &
1884 2030 1920 2154 le
1957 2030 2103 2154 bleſſe
2163 2030 2200 2154 au
2285 2030 2492 2154 derriere
2577 2030 2601 2154 de
2662 2030 2698 2154 la

715 2162 918 2271 teſte.

1069 2339 1618 2460 LEXANDRE
1698 2339 2212 2460 pourſuivant
2292 2339 2703 2460 prompte-

1069 2461 1242 2582 ment
1350 2461 1447 2582 les
1555 2461 2009 2582 operations
2106 2461 2689 2582 precedentes,

1036 2580 1227 2702 paſſe
1322 2580 1370 2702 du
1477 2580 1644 2702 pied
1751 2580 1930 2702 droit
2025 2580 2227 2702 entre
2311 2580 2418 2702 les
2513 2580 2704 2702 deux

1050 2704 1295 2830 corps,
1369 2704 1908 2830 aſſourdiſſant
1969 2704 2079 2830 par
2128 2704 2165 2830 la
2251 2704 2704 2830 deſgradua-

587 2830 728 2953 tion
787 2830 835 2953 la
894 2830 1083 2953 lame
1153 2830 1224 2953 de
1283 2830 1331 2953 ſa
1401 2830 1673 2953 partie,
1791 2830 1803 2953 &
1874 2830 2193 2953 portant
2252 2830 2287 2953 la
2370 2830 2618 2953 ſienne
2689 2830 2700 2953 à

587 2954 796 3079 l’aide
857 2954 918 3079 du
992 2954 1311 3079 poignet
1385 2954 1434 3079 en
1532 2954 2146 3079 Circonference
2195 2954 2306 3079 par
2380 2954 2613 3079 deſſus
2662 2954 2699 3079 la

586 3078 793 3201 teſte,
830 3078 1097 3201 frappe
1146 3078 1682 3201 ſonCõtraire
1730 3078 1791 3201 au
1876 3078 2193 3201 derriere
2266 3078 2327 3201 de
2375 3078 2424 3201 la
2485 3078 2704 3201 teſte,

605 3199 653 3325 en
726 3199 1075 3325 plantant
1124 3199 1172 3325 le
1220 3199 1401 3325 pied
1461 3199 1679 3325 eſlevé
1751 3199 1811 3325 un
1884 3199 2004 3325 pas
2040 3199 2221 3325 hors
2306 3199 2354 3325 du
2463 3199 2704 3325 Cercle

602 3326 648 3450 en
741 3326 1076 3450 dedans;
1157 3326 1457 3450 comme
1515 3326 1573 3450 on
1642 3326 1816 3450 peut
1885 3326 2024 3450 voir
2082 3326 2209 3450 aux
2267 3326 2579 3450 figures.
