5520 7640
1558 294 1558 520 L
1674 294 2042 520 appert
2159 294 2856 520 clairement,
2992 294 3147 520 que
3244 294 3283 520 ſi
3438 294 4020 520 Alexandre
4117 294 4562 520 attaque
4659 294 5008 520 l’eſpee

1495 500 1553 656 de
1625 500 1668 656 ſa
1725 500 1970 656 partie
2042 500 2100 656 en
2186 500 2561 656 Inſtance
2633 500 2993 656 requiſe,
3137 500 3137 656 &
3209 500 3526 656 attache
3598 500 3713 656 ſon
3800 500 4016 656 eſpee
4088 500 4088 656 à
4189 500 4347 656 celle
4448 500 4506 656 de
4578 500 4679 656 ſon
4823 500 4995 656 Con-

1469 651 1732 798 traire,
1785 651 2114 798 encores
2206 651 2587 798 qu’iceluy
2653 651 2811 798 face
2889 651 3231 798 quelque
3310 651 3928 798 changement,
3981 651 4020 798 il
4086 651 4375 798 pourra
4454 651 4993 798 neantmoins

1464 785 1645 934 avec
1710 785 2254 934 continuelles
2305 785 2810 934 pourſuites,
2862 785 3315 934 approches
3392 785 3974 934 convenables,
4026 785 4091 934 ou
4207 785 4479 934 meſme
4557 785 4997 934 deſclinant

1469 925 1469 1074 à
1550 925 1780 1074 coſté,
1848 925 2159 1074 divertir
2213 925 2429 1074 touts
2470 925 2564 1074 ſes
2659 925 3227 1074 mouvements
3268 925 3430 1074 ſans
3484 925 3727 1074 aucun
3809 925 4011 1074 peril,
4120 925 4120 1074 &
4160 925 4214 1074 le
4268 925 4539 1074 bleſſer
4593 925 4755 1074 ſans
4823 925 4999 1074 eſtre

1487 1063 1528 1211 en
1638 1063 1926 1211 danger
1994 1063 2063 1211 de
2131 1063 2420 1211 courbe
2488 1063 2543 1211 ou
2639 1063 3133 1211 d’eſtocade,
3201 1063 3256 1211 de
3352 1063 3668 1211 maniere
3736 1063 3874 1211 que
3928 1063 4134 1211 nulle
4203 1063 4642 1211 obligation
4738 1063 4806 1211 ne
4875 1063 4998 1211 luy

604 1200 731 1348 ſera
830 1200 1141 1348 difficile
1211 1200 1268 1348 ni
1353 1200 1875 1348 dangereuſe,
1945 1200 2256 1348 ſuivant
2313 1200 2440 1348 nos
2510 1200 3103 1348 inſtruions;
3174 1200 3287 1348 veu
3357 1200 3795 1348 l’Inſtance
3894 1200 3950 1348 de
4007 1200 4346 1348 laquelle
4416 1200 4445 1348 il
4501 1200 4628 1348 luy
4699 1200 4783 1348 eſt
4840 1200 5009 1348 per-

630 1344 734 1494 mis
812 1344 864 1494 de
942 1344 981 1494 la
1072 1344 1645 1494 commencer,
1749 1344 1749 1494 &
1801 1344 1840 1494 le
1931 1344 2465 1494 mouvement
2517 1344 2595 1494 (ſi
2647 1344 3193 1494 l’Adverſaire
3258 1344 3506 1494 eſtant
3571 1344 4013 1494 pourſuivy
4091 1344 4143 1494 en
4247 1344 4508 1494 donne
4573 1344 5002 1494 occaſion)

622 1484 903 1632 duquel
974 1484 1030 1632 en
1114 1484 1663 1632 pourſuivant
1705 1484 1748 1632 il
1804 1484 1930 1632 luy
2001 1484 2142 1632 ſera
2198 1484 2493 1632 permis
2564 1484 2620 1632 de
2676 1484 3070 1632 l’obliger,
3169 1484 3183 1632 &
3225 1484 3717 1632 finalement
3774 1484 3858 1632 (ſi
3900 1484 3957 1632 le
4027 1484 4238 1632 corps
4308 1484 4505 1632 vient
4576 1484 4618 1632 en
4702 1484 5012 1632 Inſtan-

610 1623 736 1770 ce)
806 1623 1407 1770 langagement
1505 1623 1561 1770 de
1631 1623 1897 1770 l’eſpee
1981 1623 2442 1770 contraire,
2526 1623 2582 1770 en
2666 1623 2834 1770 telle
2904 1623 3113 1770 ſorte
3197 1623 3449 1770 qu’elle
3519 1623 3603 1770 ne
3673 1623 3953 1770 pourra
4036 1623 4358 1770 trouver
4428 1623 4736 1770 paſſage
4820 1623 5015 1770 pour

601 1763 846 1910 entrer
911 1763 962 1910 en
1066 1763 1337 1910 meſme
1401 1763 1659 1910 temps
1711 1763 1814 1910 ſur
1866 1763 2047 1910 luy;
2124 1763 2447 1910 comme
2511 1763 2692 1910 vous
2744 1763 2924 1910 avez
2976 1763 3092 1910 peu
3183 1763 3325 1910 voir
3389 1763 3441 1910 en
3518 1763 3583 1910 ce
3673 1763 3983 1910 Tableau
4073 1763 4086 1910 à
4151 1763 4396 1910 plein.
