5520 7640
1169 1363 1442 1481 DEC
1560 1363 2537 1481 LARATION
2771 1363 3025 1481 DES
3279 1363 4471 1481 OPERATIONS

1613 1540 1712 1633 DV
1896 1540 2433 1633 TABLEAV
2617 1540 3070 1633 TRENTE
3282 1540 3905 1633 DEVXIEME,

620 4982 869 5135 Zacharie
916 4982 940 5135 ſe
1011 4982 1082 5135 met
1130 4982 1165 5135 en
1212 4982 1414 5135 poſture
1461 4982 1568 5135 ſelon
1615 4982 1651 5135 la
1710 4982 2006 5135 deſcription
2077 4982 2113 5135 du
2195 4982 2349 5135 Cercle
2409 4982 2444 5135 1.
2515 4982 2551 5135 du
2622 4982 2705 5135 Ta-

708 5125 849 5248 bleau
944 5125 1204 5248 XXXI.
1286 5125 1582 5248 Alexandre
1653 5125 1723 5248 met
1794 5125 1889 5248 d’un
1936 5125 2042 5248 bras
2090 5125 2302 5248 eſtandu
2361 5125 2420 5248 ſon
2479 5125 2609 5248 eſpee
2657 5125 2692 5248 en

703 5251 841 5378 ligne
898 5251 1048 5378 droite
1105 5251 1323 5378 deſſoubs
1369 5251 1484 5378 celle
1542 5251 1565 5378 de
1610 5251 1645 5378 ſa
1691 5251 1886 5378 partie,
1944 5251 2013 5378 pui
2082 5251 2116 5378 la
2185 5251 2300 5378 mene
2334 5251 2380 5378 en
2438 5251 2702 5378 Circonfe-

710 5358 852 5515 rence
923 5358 959 5515 de
1018 5358 1149 5515 haut
1196 5358 1232 5515 en
1279 5358 1350 5515 bas
1398 5358 1398 5515 à
1457 5358 1516 5515 ſon
1564 5358 1682 5515 coſté
1754 5358 1943 5515 gauche
1991 5358 2038 5515 au
2109 5358 2335 5515 deſſouls
2394 5358 2501 5515 celle
2584 5358 2608 5515 de
2655 5358 2691 5515 ſa

713 5499 913 5632 partie,
947 5499 1058 5632 ſans
1103 5499 1237 5632 faire
1281 5499 1404 5632 force
1460 5499 1460 5632 à
1516 5499 1895 5632 l’encontre.

1058 5684 1070 5829 A
1152 5684 1457 5829 CHARIE
1527 5684 1832 5829 s’eſtant
1914 5684 2019 5829 mis
2089 5684 2136 5829 en
2218 5684 2534 5829 poſture
2605 5684 2687 5829 ſe-

1026 5807 1120 5953 lon
1191 5807 1226 5953 la
1308 5807 1754 5953 deſcription
1837 5807 2236 5953 contenue
2283 5807 2342 5953 au
2447 5807 2694 5953 Cercle

1095 5938 1205 6047 N.1.
1287 5938 1342 6047 de
1383 5938 1424 6047 la
1533 5938 1739 6047 Table
1862 5938 2137 6047 XXXI,
2191 5938 2465 6047 attend
2534 5938 2698 6047 ainſi

1029 6058 1074 6204 ſa
1132 6058 1406 6204 partie.
1532 6058 2080 6204 ALEXANDRE
2183 6058 2297 6204 met
2355 6058 2686 6204 premie-

599 6181 894 6337 rement
943 6181 992 6337 le
1042 6181 1214 6337 pied
1287 6181 1459 6337 droit
1533 6181 1791 6337 devant
1852 6181 1902 6337 le
2000 6181 2233 6337 Cercle
2356 6181 2356 6337 &
2418 6181 2467 6337 le
2528 6181 2688 6337 gau-

600 6309 722 6444 che
808 6309 906 6444 ſur
967 6309 1016 6444 le
1139 6309 1506 6444 Diametre
1580 6309 1776 6444 entre
1849 6309 1947 6444 les
2020 6309 2290 6444 lettres
2400 6309 2400 6444 C
2535 6309 2535 6444 &
2633 6309 2694 6444 E,

624 6429 937 6590 mettant
1022 6429 1142 6590 d’un
1227 6429 1396 6590 bras
1468 6429 1769 6590 eſtandu
1866 6429 1914 6590 en
1999 6429 2192 6590 ligne
2276 6429 2505 6590 droite
2577 6429 2674 6590 ſon

602 6557 800 6714 eſpee
862 6557 912 6714 au
1011 6557 1247 6714 deſſus
1309 6557 1470 6714 celle
1545 6557 1607 6714 de
1656 6557 1693 6714 ſa
1755 6557 2016 6714 partie,
2066 6557 2214 6714 puis
2289 6557 2326 6714 en
2400 6557 2450 6714 ſe
2512 6557 2698 6714 dreſ-

589 6682 739 6837 ſant
802 6682 902 6837 ſur
952 6682 1003 6837 le
1053 6682 1228 6837 pied
1291 6682 1579 6837 gauche
1666 6682 1854 6837 mene
1917 6682 2017 6837 ſon
2117 6682 2330 6837 eſpee
2406 6682 2456 6837 en
2581 6682 2706 6837 Cir-

3503 5294 3809 5470 Cercle
4027 5294 4311 5470 N.2.

1592 1764 1760 1941 Out
1866 1764 2097 1941 aini
2203 1764 2455 1941 qu’au
2624 1764 3045 1941 Tableau
3276 1764 3445 1941 XX
3634 1764 3782 1941 XI;
3866 1764 4140 1941 nous
4203 1764 4519 1941 avons
4603 1764 4961 1941 repeté

1481 1975 1859 2123 quelques
1925 1975 2394 2123 operations
2460 1975 2564 2123 qui
2616 1975 2982 2123 avoyent
3034 1975 3164 2123 eſté
3256 1975 3687 2123 deſcriptes
3726 1975 3869 2123 aux
3922 1975 4431 2123 precedents,
4483 1975 4613 2123 non
4692 1975 4926 2123 pour-

1483 2110 1537 2260 ce
1618 2110 1901 2260 quelles
1942 2110 2238 2260 fuſſent
2292 2110 2670 2260 obſcures
2724 2110 2778 2260 ou
2899 2110 3236 2260 difficiles
3304 2110 3304 2260 à
3398 2110 3856 2260 entendre,
3991 2110 4140 2260 mais
4207 2110 4665 2260 ſeulement
4733 2110 4922 2260 pour

1508 2253 1873 2395 monſtrer
1940 2253 2143 2395 qu’un
2237 2253 2670 2395 ſemblable
2751 2253 3305 2395 changement
3400 2253 3454 2395 de
3535 2253 3900 2395 poſtures
3967 2253 4332 2395 (encore
4413 2253 4562 2395 qu’il
4629 2253 4927 2395 ſemble

1492 2392 1776 2536 differer
1843 2392 2357 2536 beaucoup)
2398 2392 2762 2536 n’aporte
2817 2392 3033 2536 point
3114 2392 3871 2536 d’empeſchement
3911 2392 3979 2536 au
4046 2392 4438 2536 principal
4519 2392 4614 2536 des
4682 2392 4938 2536 opera-

1466 2512 1703 2669 tions.
1762 2512 1954 2669 Ainſi
1998 2512 2176 2669 auſſi
2235 2512 2279 2669 en
2368 2512 2457 2669 eſt
2486 2512 2530 2669 il
2590 2512 2649 2669 de
2693 2512 3388 2669 l’enſeignement
3461 2512 3521 2669 de
3580 2512 3639 2669 ce
3742 2512 4053 2669 Tableau
4171 2512 4496 2669 XXXII;
4555 2512 4644 2669 car
4703 2512 4747 2669 le
4836 2512 4939 2669 Ta-

591 2669 799 2811 bleau
1124 2669 1267 2811 11,
1319 2669 1684 2811 enſeigne
1749 2669 2178 2811 comment
2295 2669 2725 2811 Alexandre
2803 2669 2868 2811 de
2946 2669 3310 2811 Premiere
3388 2669 3779 2811 Inſtance,
3870 2669 3870 2811 &
3948 2669 4156 2811 d’une
4208 2669 4611 2811 premiere
4676 2669 4937 2811 inten-

589 2806 735 2949 tion
814 2806 867 2949 en
960 2806 1344 2949 couvrant
1424 2806 1477 2949 du
1543 2806 1689 2949 fort
1781 2806 1834 2949 de
1887 2806 1993 2949 ſon
2073 2806 2285 2949 eſpee
2351 2806 2391 2949 le
2444 2806 2682 2949 foible
2775 2806 2841 2949 de
2894 2806 3067 2949 celle
3133 2806 3199 2949 de
3252 2806 3292 2949 ſa
3358 2806 3623 2949 partie,
3690 2806 3994 2949 entrant
4074 2806 4140 2949 un
4233 2806 4352 2949 pas
4392 2806 4445 2949 le
4511 2806 4683 2949 peut
4736 2806 4922 2949 bleſ-

590 2946 683 3088 ſer
749 2946 749 3088 à
815 2946 1107 3088 travers
1147 2946 1186 3088 la
1253 2946 1465 3088 teſte,
1505 2946 1650 3088 lors
1717 2946 2101 3088 qu’iceluy
2154 2946 2207 3088 ſe
2260 2946 2618 3088 preſente
2685 2946 2857 3088 avec
2923 2946 2976 3088 le
3029 2946 3202 3088 bras
3294 2946 3308 3088 &
3361 2946 3414 3088 le
3493 2946 3705 3088 corps
3772 2946 4156 3088 eſtandus
4222 2946 4275 3088 en
4395 2946 4633 3088 droite
4700 2946 4938 3088 ligne.

654 3085 885 3227 Cetuy
962 3085 1026 3227 cy
1385 3085 1501 3227 iI,
1590 3085 1886 3227 montre
1937 3085 1988 3227 le
2078 3085 2347 3227 meſme
2424 3085 3027 3227 entierement:
3181 3085 3181 3227 &
3258 3085 3579 3227 encores
3669 3085 3784 3227 que
3861 3085 4118 3227 l’eſpee
4208 3085 4298 3227 eſt
4362 3085 4772 3227 preſentée
4862 3085 4901 3227 en

590 3224 737 3368 une
790 3224 1004 3368 ligne
1071 3224 1217 3368 fort
1297 3224 1711 3368 eſtandue,
1778 3224 1898 3368 cela
1978 3224 2031 3368 n’
2085 3224 2592 3368 empeſchera
2658 3224 2779 3368 pas
2845 3224 3446 3368 qu’Alexandre
3512 3224 3592 3368 ne
3659 3224 3713 3368 ſe
3779 3224 3979 3368 ſerve
4059 3224 4126 3368 de
4193 3224 4233 3368 la
4340 3224 4593 3368 meſme
4673 3224 4927 3368 prece-

613 3360 837 3506 dente
903 3360 1299 3506 operation
1378 3360 1470 3506 ſur
1550 3360 1734 3506 ceſte
1800 3360 2157 3506 poſture,
2209 3360 2275 3506 de
2315 3360 2513 3506 ſorte
2592 3360 2711 3506 que
2763 3360 2803 3506 la
2895 3360 3054 3506 main
3120 3360 3331 3506 levée
3436 3360 3450 3506 &
3489 3360 3542 3506 le
3595 3360 3806 3506 corps
3872 3360 4202 3506 penché,
4241 3360 4320 3506 ne
4386 3360 4729 3506 donnera
4809 3360 4941 3506 que

603 3493 757 3645 bien
826 3493 952 3645 peu
1049 3493 1496 3645 d’avantage
1566 3493 1566 3645 à
1677 3493 2026 3645 Zacharie
2082 3493 2263 3645 auſſi
2305 3493 2807 3645 longtemps
2876 3493 3002 3645 que
3044 3493 3086 3645 le
3141 3493 3309 3645 bras
3406 3493 3420 3645 &
3462 3493 3727 3645 l’eſpée
3811 3493 4397 3645 demoureront
4452 3493 4927 3645 ainſieſtan-

623 3632 761 3779 dus.
872 3632 1428 3779 Pareillement
1483 3632 1969 3779 l’operation
2066 3632 2371 3779 deſcrite
2427 3632 2482 3779 au
2593 3632 2913 3779 Tableau
3037 3632 3426 3779 XXVIII,
3468 3632 3537 3779 au
3662 3632 3898 3779 Cercle
3940 3632 3981 3779 1.
4078 3632 4078 3779 &
4162 3632 4189 3779 2.
4245 3632 4495 3779 eſtant
4550 3632 4703 3779 bien
4786 3632 4939 3779 exa-

633 3772 857 3916 minée
975 3772 975 3916 &
1028 3772 1489 3916 entendue,
1542 3772 1595 3916 ſe
1647 3772 1832 3916 verra
1911 3772 2082 3916 eſtre
2135 3772 2174 3916 la
2267 3772 2530 3916 meſme
2609 3772 2728 3916 que
2807 3772 2965 3916 celle
3057 3772 3163 3916 qui
3215 3772 3307 3916 eſt
3373 3772 3887 3916 repreſentée
3953 3772 3993 3916 en
4098 3772 4309 3916 celuy
4388 3772 4441 3916 cy
4493 3772 4559 3916 au
4691 3772 4928 3916 Cercle

616 3909 656 4056 9.
763 3909 763 4056 &
816 3909 910 4056 10.
990 3909 1150 4056 avec
1203 3909 1364 4056 bien
1444 3909 1564 4056 peu
1657 3909 1711 4056 de
1791 3909 2258 4056 difference:
2365 3909 2378 4056 &
2431 3909 2498 4056 ce
2578 3909 2819 4056 grand
2885 3909 3446 4056 penchement
3526 3909 3580 4056 en
3646 3909 3913 4056 arriere
3980 3909 4113 4056 que
4220 3909 4567 4056 Zacharie
4621 3909 4794 4056 fai
4848 3909 4914 4056 au

640 4047 889 4198 Cercle
941 4047 1033 4198 10.
1085 4047 1164 4198 ne
1216 4047 1399 4198 peut
1478 4047 1609 4198 qu’a
1713 4047 2080 4198 moindrir
2132 4047 2171 4198 ſa
2237 4047 2498 4198 force,
2590 4047 2642 4198 de
2708 4047 2904 4198 ſorte
2982 4047 3113 4198 que
3179 4047 3205 4198 ſi
3270 4047 3453 4198 vous
3519 4047 3781 4198 portes
3859 4047 4095 4198 voſtre
4173 4047 4382 4198 eſpée
4448 4047 4932 4198 l’entement

597 4187 779 4338 vous
831 4187 1234 4338 prendres,
1273 4187 1312 4338 la
1377 4187 1637 4338 ſienne
1702 4187 1819 4338 par
1884 4187 2183 4338 deſſous
2287 4187 2287 4338 &
2339 4187 2767 4338 l’eſleveres
2832 4187 3274 4338 aiſement,
3339 4187 3898 4338 pourſuyvant
3963 4187 4210 4338 voſtre
4288 4187 4755 4338 operation,
4846 4187 4937 4338 ſe-

589 4324 691 4473 lon
768 4324 857 4473 les
908 4324 1583 4473 enſeignements
1659 4324 1774 4473 qui
1838 4324 1953 4473 ont
2016 4324 2156 4473 eſté
2233 4324 2526 4473 donnes
2590 4324 3074 4473 clairement
3176 4324 3188 4473 &
3239 4324 3762 4473 exaement
3813 4324 3915 4473 ſur
3978 4324 4068 4473 ces
4131 4324 4539 4473 occaſions
4603 4324 4730 4473 aux
4832 4324 4934 4473 Ta-

590 4472 880 4616 bleaux
933 4472 1460 4616 precedents.

2852 5538 3152 5677 Alexandre
3198 5538 3429 5677 pourſuit
3521 5538 3521 5677 &
3591 5538 3694 5677 mene
3741 5538 3775 5677 la
3821 5538 3937 5677 lame
3994 5538 4029 5677 de
4087 5538 4121 5677 ſa
4179 5538 4352 5677 partie
4410 5538 4410 5677 à
4467 5538 4525 5677 ſon
4594 5538 4710 5677 coſté
4779 5538 4929 5677 droit,

2940 5676 3052 5785 avec
3112 5676 3305 5785 moderé
3335 5676 3649 5785 ſentiment.

3297 5812 3751 5939 LEXANDRE
3809 5812 4159 5939 pourſuit
4205 5812 4508 5939 (tenant
4578 5812 4624 5939 le
4706 5812 4916 5939 corps

3278 5932 3506 6046 droit)
3602 5932 3974 6046 marchant
4046 5932 4094 6046 du
4191 5932 4347 6046 pied
4431 5932 4611 6046 droit
4695 5932 4923 6046 eſlevé

3265 6049 3315 6178 au
3402 6049 3639 6178 deſſus
3701 6049 3751 6178 du
3863 6049 4225 6178 Diametre
4275 6049 4287 6178 à
4337 6049 4374 6178 la
4437 6049 4661 6178 lettre
4761 6049 4798 6178 G,
4923 6049 4923 6178 &

3258 6179 3515 6304 faiſant
3564 6179 4115 6304 pareillement
4188 6179 4433 6304 ſuivre
4507 6179 4556 6304 le
4641 6179 4935 6304 gauche

2825 6303 3592 6427 proportionement
3651 6303 3746 6427 ſur
3793 6303 3840 6427 la
3946 6303 4548 6427 Circonference
4618 6303 4630 6427 à
4701 6303 4736 6427 la
4807 6303 4937 6427 let-

2828 6421 2926 6551 tre
3025 6421 3098 6551 D,
3160 6421 3197 6551 il
3270 6421 3455 6551 mene
3529 6421 3565 6551 la
3627 6421 3824 6551 lame
3922 6421 3971 6551 de
4045 6421 4082 6551 ſa
4155 6421 4389 6551 partie
4463 6421 4475 6551 à
4549 6421 4647 6551 ſon
4745 6421 4930 6551 coſté

2837 6551 3027 6688 droit
3074 6551 3251 6688 avec
3334 6551 3629 6688 moderé
3688 6551 4161 6688 ſentiment,
4220 6551 4516 6688 comme
4587 6551 4681 6688 les
4752 6551 4941 6688 figu-

2836 6679 2938 6772 res
3017 6679 3459 6772 monſtrent.

4703 6799 4935 6906 Cercle

2835 4736 3313 4861 conference
3371 4736 3499 4861 d’en
3569 4736 3744 4861 haut
3790 4736 3802 4861 a
3860 4736 3954 4861 ſon
4035 4736 4222 4861 coſté
4292 4736 4571 4861 gauche
4641 4736 4688 4861 en
4781 4736 4933 4861 bas,

2836 4857 2883 4978 au
2977 4857 3261 4978 deſſous
3331 4857 3390 4978 de
3461 4857 3627 4978 celle
3697 4857 3756 4978 de
3827 4857 3863 4978 ſa
3922 4857 4158 4978 partie
4229 4857 4276 4978 en
4347 4857 4583 4978 forme
4677 4857 4925 4978 d’obli-

2840 4980 3124 5099 gation,
3170 4980 3318 5099 ſans
3375 4980 3545 5099 faire
3591 4980 3796 5099 force
3853 4980 3853 5099 à
3910 4980 4388 5099 l’encontre,
4422 4980 4570 5099 lors
4627 4980 4934 5099 elevant

2822 5105 2872 5233 le
2934 5105 3097 5233 pied
3172 5105 3334 5233 droit
3384 5105 3422 5233 il
3485 5105 3735 5233 repoſe
3785 5105 3835 5233 le
3897 5105 4110 5233 corps
4160 5105 4260 5233 ſur
4310 5105 4360 5233 le
4423 5105 4748 5233 gauche.

1299 4730 1622 4909 Cercle
1838 4730 2032 4909 N.
