5520 7640
3344 2529 3463 2672 Ecy
3558 2529 4021 2672 repreſente
4117 2529 4164 2672 la
4259 2529 4699 2672 rencontre
4842 2529 4997 2672 d’A-

3315 2656 3795 2786 LEXANDRE
3843 2656 3855 2786 à
3903 2656 4335 2786 l’eſtocade
4407 2656 5006 2786 deZACHARIE,

3306 2768 3822 2919 repreſentée
3885 2768 3935 2919 au
4010 2768 4400 2919 precedẽt
4488 2768 4739 2919 Cercle
4865 2768 4903 2919 N.
4965 2768 5003 2919 5.

3350 2907 3655 3041 Comme
3765 2907 3765 3041 Z
3826 2907 3899 3041 AC
3984 2907 4228 3041 HARIE
4301 2907 4386 3041 eſt
4435 2907 4630 3041 preſt
4691 2907 4996 3041 dentrer

2871 3025 2920 3169 du
2993 3025 3176 3169 pied
3237 3025 3566 3169 gauche,
3688 3025 3700 3169 &
3761 3025 4041 3169 tourne
4102 3025 4151 3169 le
4224 3025 4395 3169 bras
4504 3025 4504 3169 &
4553 3025 4602 3169 la
4687 3025 4833 3169 main
4894 3025 4992 3169 les

2843 3150 3099 3299 portãt
3173 3150 3209 3299 en
3283 3150 3503 3299 haut,
3613 3150 3613 3299 &
3661 3150 3698 3299 la
3759 3150 4028 3299 pointe
4101 3150 4163 3299 de
4211 3150 4480 3299 l’eſpee
4541 3150 4590 3299 en
4688 3150 5006 3299 dedans,

2874 3276 3427 3419 ALEXANDRE
3477 3276 4005 3419 pourſuivant
4055 3276 4319 3419 l’eſpée
4407 3276 4708 3419 obligée
4771 3276 4997 3419 porte

2843 3400 2893 3550 le
2943 3400 3116 3550 pied
3190 3400 3364 3550 droit
3426 3400 3599 3550 plus
3661 3400 3710 3550 en
3834 3400 4169 3550 dedans,
4255 3400 4317 3550 le
4379 3400 4739 3550 plantant
4788 3400 4887 3550 ſur
4949 3400 4999 3550 le

2884 3528 3274 3668 Diametre
3322 3528 4041 3668 perpendiculaire
4102 3528 4102 3668 à
4150 3528 4199 3668 la
4248 3528 4491 3668 lettre
4577 3528 4625 3668 L,
4686 3528 5003 3668 baiſſant

2848 3650 2910 3797 un
2996 3650 3183 3797 petit
3232 3650 3282 3797 le
3344 3650 3505 3797 bras
3617 3650 3617 3797 &
3679 3650 3716 3797 la
3803 3650 4026 3797 garde
4113 3650 4175 3797 de
4250 3650 4597 3797 l’eſpee,
4697 3650 4746 3797 ſe
4833 3650 5007 3797 cou-

2856 3778 3069 3922 vrant
3128 3778 3176 3922 le
3235 3778 3366 3922 bas
3449 3778 3496 3922 du
3603 3778 3816 3922 corps
3911 3778 4232 3922 d’icelle,
4279 3778 4552 3922 tenant
4611 3778 4659 3922 ſa
4730 3778 5003 3922 pointe

2860 3903 2909 4047 en
2981 3903 3212 4047 haut,
3321 3903 3321 4047 &
3393 3903 3720 4047 eſlevant
3769 3903 3817 4047 le
3878 3903 4060 4047 pied
4132 3903 4459 4047 gauche,
4520 3903 4556 4047 il
4593 3903 4641 4047 le
4714 3903 5005 4047 tourne

2860 4027 3163 4172 comme
3224 4027 3394 4172 auſſi
3430 4027 3491 4172 le
3563 4027 3757 4172 coſté
3818 4027 4121 4172 gauche
4194 4027 4242 4172 en
4339 4027 4667 4172 dehors,
4727 4027 4776 4172 en
4873 4027 5018 4172 deſ-

2861 4155 3243 4303 graduant
3292 4155 3563 4303 l’eſpée
3637 4155 4031 4303 contraire
4105 4155 4215 4303 qui
4277 4155 4363 4303 eſt
4437 4155 4486 4303 en
4585 4155 4622 4303 ſa
4720 4155 5003 4303 cheute

2849 4283 2969 4427 par
3041 4283 3316 4427 devant
3364 4283 3471 4427 ſon
3543 4283 3818 4427 corps;
3878 4283 4177 4427 comme
4236 4283 4272 4427 il
4320 4283 4416 4427 eſt
4500 4283 4810 4427 monſtré
4870 4283 5014 4427 aux

2856 4417 3176 4534 figures.

586 2878 835 2994 Zacharie
892 2878 1096 2994 attand
1130 2878 1243 2994 avec
1288 2878 1424 2994 poids
1470 2878 1560 2994 vif,
1662 2878 1957 2994 Alexandre
2013 2878 2251 2994 pourſuit
2308 2878 2579 2994 graduant
2636 2878 2693 2994 les

675 3004 861 3118 lames,
955 3004 966 3118 &
1013 3004 1141 3118 faict
1188 3004 1270 3118 que
1305 3004 1340 3118 ſa
1386 3004 1561 3118 partit
1596 3004 1713 3118 cede
1818 3004 1818 3118 &
1865 3004 2016 3118 ouvre
2051 3004 2098 3118 un
2156 3004 2296 3118 angle
2343 3004 2541 3118 auquel
2588 3004 2623 3118 il
2658 3004 2693 3118 ſe

692 3128 760 3264 met
829 3128 931 3264 puis
965 3128 1033 3264 luy
1079 3128 1181 3264 tire
1238 3128 1329 3264 d’un
1386 3128 1500 3264 bras
1534 3128 1750 3264 eſtandu
1807 3128 1807 3264 a
1853 3128 1887 3264 la
1932 3128 2194 3264 poitrine,
2285 3128 2285 3264 &
2330 3128 2364 3264 en
2410 3128 2467 3264 fin
2512 3128 2535 3264 le
2592 3128 2694 3264 per-

665 3253 706 3370 ce
747 3253 757 3370 à
809 3253 1025 3370 travers
1066 3253 1096 3370 le
1138 3253 1302 3370 cops.

1036 3449 1060 3567 A
1133 3449 1472 3567 CHARIE
1532 3449 1955 3567 attendant
2028 3449 2209 3567 avec
2270 3449 2487 3567 poids
2572 3449 2705 3567 vif,

1040 3577 1601 3694 ALEXANDRE
1647 3577 2002 3694 pourſuit
2048 3577 2368 3694 attirant
2426 3577 2494 3694 un
2563 3577 2689 3694 peu

1012 3699 1064 3822 le
1115 3699 1283 3822 pied
1361 3699 1684 3822 gauche,
1761 3699 2020 3822 levant
2071 3699 2123 3822 le
2175 3699 2355 3822 pied
2433 3699 2717 3822 droi,

1021 3828 1191 3946 puis
1239 3828 1639 3946 avançant
1687 3828 1736 3946 le
1809 3828 2027 3946 corps
2063 3828 2099 3946 il
2160 3828 2439 3946 gradue
2487 3828 2584 3946 les
2633 3828 2717 3946 la-

587 3952 742 4071 mes,
826 3952 886 4071 de
969 3952 1292 4071 maniere
1364 3952 1519 4071 qu’il
1567 3952 1722 4071 faut
1794 3952 1925 4071 que
1985 3952 2164 4071 celle
2236 3952 2296 4071 de
2344 3952 2379 4071 ſa
2463 3952 2702 4071 partie

564 4078 774 4195 cede,
868 4078 868 4195 &
950 4078 1265 4195 mettant
1312 4078 1370 4195 le
1429 4078 1651 4195 corps
1721 4078 2025 4195 dedans,
2060 4078 2095 4195 il
2142 4078 2271 4195 tire
2341 4078 2470 4195 d’un
2540 4078 2704 4195 bras

615 4202 615 4321 &
688 4202 908 4321 eſpee
969 4202 1336 4321 eſtandus
1385 4202 1397 4321 à
1446 4202 1495 4321 la
1556 4202 1947 4321 poirine
2021 4202 2082 4321 de
2131 4202 2718 4321 ſonContraire

552 4327 697 4448 lors
746 4327 1108 4448 plantant
1157 4327 1205 4448 le
1266 4327 1435 4448 pied
1496 4327 1725 4448 eſlevé
1786 4327 1834 4448 au
1931 4327 2173 4448 deſſus
2258 4327 2306 4448 du
2439 4327 2705 4448 Diame-

556 4451 654 4571 tre
728 4451 740 4571 à
813 4451 850 4571 la
912 4451 1145 4571 lettre
1218 4451 1267 4571 S;
1316 4451 1574 4571 faiſant
1635 4451 1979 4571 pencher
2028 4451 2089 4571 le
2150 4451 2371 4571 corps
2433 4451 2702 4571 deſſus,

618 4581 618 4698 &
678 4581 942 4698 faiſant
1002 4581 1242 4698 ſuivre
1302 4581 1362 4698 un
1433 4581 1553 4698 peu
1613 4581 1673 4698 le
1733 4581 2021 4698 gauche
2093 4581 2141 4698 en
2201 4581 2249 4698 le
2309 4581 2716 4698 traiſnant,

557 4705 593 4824 il
641 4705 867 4824 perce
915 4705 951 4824 ſa
1011 4705 1261 4824 partie
1309 4705 1368 4824 au
1428 4705 1738 4824 travers
1798 4705 1858 4824 du
1941 4705 2180 4824 corps,
2239 4705 2299 4824 de
2359 4705 2526 4824 telle
2574 4705 2717 4824 for-

570 4831 629 4950 ce
699 4831 827 4950 que
874 4831 920 4950 ſa
1002 4831 1212 4950 garde
1270 4831 1701 4950 rencontre
1760 4831 2074 4950 l’autre;
2144 4831 2447 4950 comme
2494 4831 2599 4950 les
2646 4831 2716 4950 fi-

584 4954 800 5080 gures
884 4954 1328 5080 monſtrent.

600 542 853 657 Zacharie
911 542 1211 657 amoindriſt
1245 542 1315 657 ſon
1372 542 1534 657 poids.
1649 542 1949 657 Alexandre
2006 542 2283 657 ſurprand
2318 542 2352 657 la
2398 542 2525 657 lame
2583 542 2617 657 de
2652 542 2698 657 ſa

686 661 860 794 partie
915 661 947 794 au
1024 661 1209 794 dedans
1263 661 1296 794 du
1350 661 1492 794 bras,
1579 661 1579 794 &
1634 661 1862 794 ouvrant
1906 661 2102 794 l’angle
2146 661 2178 794 il
2233 661 2265 794 ſe
2342 661 2418 794 met
2483 661 2701 794 dedans;

689 794 799 922 puis
835 794 1103 922 aſſujettit
1151 794 1188 922 ſa
1236 794 1455 922 lame.

1071 979 1185 1112 Ecy
1273 979 1349 1112 eſt
1413 979 1451 1112 la
1539 979 1716 1112 ſuite
1805 979 1868 1112 de
1906 979 2362 1112 l’operation
2438 979 2704 1112 prece-

1054 1105 1262 1214 dente
1336 1105 1385 1214 du
1507 1105 1752 1214 Cercle
1874 1105 1911 1214 N.
1972 1105 2021 1214 2,
2131 1105 2707 1214 ZACHARIE,

1033 1228 1642 1356 amoindriſſant
1728 1228 1825 1356 ſon
1935 1228 2227 1356 poids,
2337 1228 2714 1356 ALEXAN-

1055 1353 1186 1481 DRE
1246 1353 1413 1481 leve
1461 1353 1520 1481 le
1592 1353 1771 1481 pied
1867 1353 2046 1481 droit
2117 1353 2595 1481 ſurprenant
2654 1353 2702 1481 la

557 1471 746 1602 lame
817 1471 888 1602 de
935 1471 982 1602 ſa
1041 1471 1278 1602 partie
1337 1471 1384 1602 au
1479 1471 1762 1602 dedans
1833 1471 1892 1602 du
1963 1471 2153 1602 bras,
2283 1471 2294 1602 &
2365 1471 2696 1602 ouvrant

562 1597 875 1733 l’angle,
1000 1597 1037 1733 en
1125 1597 1137 1733 y
1225 1597 1538 1733 mettant
1588 1597 1638 1733 le
1713 1597 1938 1733 corps
1988 1597 2013 1733 il
2076 1597 2338 1733 plante
2401 1597 2451 1733 le
2526 1597 2701 1733 pied

572 1721 813 1858 eſlevé
864 1721 927 1858 au
1016 1721 1257 1858 deſſus
1321 1721 1371 1858 du
1486 1721 1866 1858 Diametre
1917 1721 2019 1858 ſur
2082 1721 2133 1858 la
2184 1721 2387 1858 ligne
2552 1721 2552 1858 M
2641 1721 2704 1858 S.

555 1849 828 1976 faiſant
865 1849 1113 1976 ſuivre
1162 1849 1224 1976 le
1286 1849 1571 1976 gauche
1645 1849 1695 1976 en
1757 1849 1819 1976 le
1881 1849 2277 1976 traiſnant,
2314 1849 2351 1976 il
2401 1849 2698 1976 aſſujet-

566 1971 676 2102 tiſt
712 1971 761 2102 la
809 1971 1004 2102 lame
1077 1971 1137 2102 de
1198 1971 1234 2102 ſa
1295 1971 1575 2102 partie,
1635 1971 1939 2102 comme
1988 1971 2024 2102 il
2073 1971 2340 2102 appert
2413 1971 2534 2102 par
2607 1971 2704 2102 les

554 2100 892 2227 figures.
1005 2100 1068 2227 La
1130 2100 1543 2227 pourſuite
1619 2100 1681 2227 de
1744 2100 1932 2227 ceſte
1994 2100 2395 2227 operation
2483 2100 2570 2227 eſt
2633 2100 2695 2227 cy

590 2221 817 2352 deſſus
897 2221 950 2352 au
1070 2221 1377 2352 Tableau
1524 2221 1631 2352 XX
1724 2221 1764 2352 V.
1858 2221 2111 2352 Cercle
2231 2221 2285 2352 N.
2338 2221 2378 2352 4.
2458 2221 2712 2352 repre-

552 2349 849 2479 ſentée,
885 2349 1063 2479 avec
1111 2349 1254 2479 une
1337 2349 1812 2479 deſclaration
1884 2349 1896 2479 a
1967 2349 2026 2479 ce
2074 2349 2395 2479 ſubje.

1336 286 1648 453 Cercle
1938 286 2094 453 N3.

3346 5561 3346 5708 E
3471 5561 3709 5708 Cercle
3796 5561 4158 5708 contient
4221 5561 4271 5708 la
4346 5561 4758 5708 pourſuite
4833 5561 4895 5708 de
4958 5561 4995 5708 la

3309 5689 3804 5836 precedente
3877 5689 4275 5836 operation
4372 5689 4771 5836 duCercle
4879 5689 4916 5836 N.
4964 5689 5012 5836 6.

3304 5817 3532 5960 avant
3601 5817 3726 5960 que
3840 5817 3840 5960 Z
3908 5817 4296 5960 ACHARIE
4364 5817 4455 5960 ait
4501 5817 4626 5960 fini
4672 5817 4729 5960 le
4808 5817 5002 5960 mou-

3322 5936 3636 6090 vement
3717 5936 3879 6090 qu’il
3961 5936 4111 6090 doit
4169 5936 4344 6090 faire
4425 5936 4611 6090 pour
4669 5936 4994 6090 avancer

2850 6057 2898 6216 le
2958 6057 3173 6216 corps
3280 6057 3292 6216 &
3340 6057 3663 6216 l’eſpee:
3794 6057 4332 6216 ALEXANDRE
4440 6057 4918 6216 continuant
4989 6057 5001 6216 à

2874 6189 3338 6347 deſgraduer
3400 6189 3778 6347 tournant
3827 6189 3876 6347 le
3937 6189 4194 6347 corps,
4243 6189 4438 6347 volte
4487 6189 4548 6347 le
4597 6189 4781 6347 pied
4842 6189 5013 6347 gau-

2861 6313 2980 6458 che
3076 6313 3302 6458 eſlevé
3386 6313 3553 6458 hors
3648 6313 3696 6458 du
3839 6313 4078 6458 Cercle
4173 6313 4233 6458 un
4328 6313 4447 6458 pas
4543 6313 4877 6458 derriere
4936 6313 4996 6458 le

2852 6435 3158 6600 planté,
3272 6435 3272 6600 &
3323 6435 3553 6600 ayant
3642 6435 4075 6600 deſgradue
4126 6435 4164 6600 la
4215 6435 4419 6600 lame
4482 6435 4546 6600 de
4622 6435 4661 6600 ſa
4724 6435 5004 6600 partie,

2843 6571 3167 6731 portant
3213 6571 3260 6731 la
3318 6571 3572 6731 ſienne
3641 6571 3688 6731 en
3769 6571 4382 6731 circonference
4440 6571 4602 6731 (par
4671 6571 4717 6731 le
4821 6571 5006 6731 mou-

2855 6697 3175 6852 vement
3249 6697 3298 6852 du
3372 6697 3729 6852 bras)par
3803 6697 4037 6852 deſſus
4086 6697 4123 6852 ſa
4197 6697 4418 6852 teſte,
4529 6697 4542 6852 &
4615 6697 5009 6852 tranſpor-

2838 6824 2997 6978 tant
3070 6824 3179 6978 ſon
3253 6824 3423 6978 pied
3508 6824 3691 6978 droit
3776 6824 3983 6978 entre
4044 6824 4154 6978 les
4251 6824 4446 6978 deux
4532 6824 4751 6978 corps
4824 6824 4994 6978 plus

4667 6984 4993 7083 derriere

3635 4713 3946 4893 Cercle
4168 4713 4412 4893 N.7.

1334 5604 1649 5789 Cercle
1852 5604 2122 5789 N.5.

1336 2622 1657 2793 Cercle
1871 2622 2128 2793 N.4.

2895 4964 3039 5102 Avant
3095 4964 3183 5102 que
3272 4964 3527 5102 Zacharie
3571 4964 3637 5102 ait
3682 4964 3770 5102 fini
3804 4964 3837 5102 le
3903 4964 4213 5102 mouvement
4269 4964 4601 5102 precedent,
4712 4964 5011 5102 Alexandre

2965 5090 3203 5233 continue
3268 5090 3268 5233 à
3333 5090 3658 5233 deſgraduer
3712 5090 3766 5233 les
3810 5090 4016 5233 lames,
4091 5090 4189 5233 puis
4243 5090 4384 5233 porte
4427 5090 4460 5233 la
4503 5090 4666 5233 ſienne
4709 5090 4741 5233 en
4817 5090 5012 5233 circon-

2969 5221 3175 5360 ference
3224 5221 3308 5360 par
3369 5221 3514 5360 deſſus
3551 5221 3587 5360 ſa
3635 5221 3781 5360 teſte,
3878 5221 3878 5360 &
3926 5221 3999 5360 luy
4059 5221 4193 5360 donne
4253 5221 4302 5360 un
4350 5221 4459 5360 coup
4520 5221 4907 5360 d’eſtramaçon
4956 5221 5004 5360 au

2984 5337 3202 5461 derriere
3259 5337 3293 5461 de
3339 5337 3374 5461 la
3419 5337 3626 5461 teſte.

2846 283 3086 389 traire,
3151 283 3206 389 au
3304 283 3565 389 meſme
3642 283 4154 389 mouvement
4263 283 4743 389 ZACHARIE
4830 283 4993 389 mar-

2855 397 2980 534 che
3042 397 3104 534 du
3179 397 3353 534 pied
3415 397 3701 534 gauche
3776 397 3813 534 en
3913 397 4236 534 dedans,
4286 397 4647 534 hauſſant
4697 397 4759 534 le
4821 397 4995 534 bras

2854 526 2901 653 en
2984 526 3304 653 courbe,
3399 526 3411 653 &
3458 526 3743 653 tourne
3790 526 3838 653 la
3897 526 4217 653 poine
4288 526 4347 653 de
4407 526 4442 653 ſa
4501 526 4691 653 lame
4762 526 4810 653 en
4893 526 4999 653 de-

2863 655 3075 781 dans,
3122 655 3451 781 portant
3498 655 3533 781 la
3616 655 3769 781 main
3851 655 4145 781 gauche
4204 655 4616 781 audevant
4663 655 4710 781 la
4769 655 4992 781 veüe;

2845 780 3008 908 puis
3058 780 3422 908 plantant
3472 780 3522 908 le
3572 780 3747 908 pied
3810 780 4036 908 eſlevé
4098 780 4149 908 au
4236 780 4487 908 deſſus
4550 780 4600 908 du
4725 780 5001 908 Diame-

2850 906 2949 1015 tre
2999 906 3011 1015 à
3061 906 3111 1015 la
3160 906 3396 1015 lettre
3496 906 3533 1015 G,
3583 906 3620 1015 il
3657 906 3893 1015 bleſſe
3943 906 4042 1015 ſon
4154 906 4490 1015 Cõtraire
4564 906 4776 1015 d’une
4825 906 4987 1015 bro-

2853 1035 3026 1158 cade
3075 1035 3087 1158 à
3136 1035 3185 1158 la
3235 1035 3653 1158 poirine,
3702 1035 4010 1158 comme
4059 1035 4096 1158 il
4133 1035 4416 1158 appert
4465 1035 4600 1158 aux
4649 1035 4981 1158 figures:

2839 1161 3273 1281 leſquelles
3320 1161 3626 1281 ſervent
3684 1161 3872 1281 pour
3954 1161 4189 1281 mieux
4259 1161 4600 1281 donnera
4670 1161 4987 1281 cognoi-

2841 1284 2977 1410 ſtre
3026 1284 3075 1410 le
3149 1284 3334 1410 coup
3420 1284 3556 1410 que
3666 1284 4135 1410 ZACHARIE
4233 1284 4578 1410 pretend
4652 1284 4837 1410 faire
4911 1284 4960 1410 au

2889 1412 3130 1510 Cercle
3236 1412 3276 1510 N.
3330 1412 3383 1510 6.

3631 1669 3942 1838 Cercle
4186 1669 4452 1838 N.6.

589 5851 773 5986 Comme
847 5851 1141 5986 Alexandre
1190 5851 1239 5986 eſt
1288 5851 1411 5986 preſt
1472 5851 1791 5986 d’aſſujettir
1840 5851 1876 5986 la
1913 5851 2036 5986 lame
2097 5851 2121 5986 de
2170 5851 2207 5986 ſa
2256 5851 2452 5986 partie,
2526 5851 2722 5986 Zacha-

681 5984 743 6111 rie
795 5984 836 6111 au
908 5984 1063 6111 meſme
1125 5984 1445 6111 mouvement
1497 5984 1745 6111 hauſſant
1786 5984 1817 6111 le
1859 5984 1972 6111 bras
2014 5984 2045 6111 en
2107 5984 2396 6111 courbe,
2437 5984 2623 6111 tourne
2664 5984 2706 6111 la

686 6114 849 6233 pointe
907 6114 942 6233 de
977 6114 1024 6233 ſa
1070 6114 1198 6233 lame
1233 6114 1279 6233 en
1338 6114 1559 6233 dedans,
1605 6114 1710 6233 puis
1756 6114 1780 6233 le
1826 6114 1966 6233 bleſſe
2024 6114 2163 6233 d’une
2210 6114 2431 6233 brocade
2477 6114 2477 6233 à
2524 6114 2559 6233 la
2605 6114 2710 6233 poi-

686 6248 938 6332 crine.

1073 6433 1073 6554 E
1187 6433 1428 6554 Cercle
1492 6433 1695 6554 vient
1758 6433 1822 6554 de
1873 6433 1911 6554 la
1974 6433 2038 6554 fin
2126 6433 2190 6554 de
2241 6433 2697 6554 l’operation

1061 6561 1099 6683 du
1214 6561 1457 6683 Cercle
1559 6561 1610 6683 N.
1661 6561 1700 6683 3.
1764 6561 1930 6683 ainſi
1994 6561 2709 6683 qu’ALEXANDRE

1047 6685 1121 6808 eſt
1171 6685 1368 6808 preſt
1430 6685 1491 6808 de
1578 6685 1837 6808 mettre
1886 6685 1935 6808 le
1985 6685 2157 6808 pied
2244 6685 2429 6808 droit
2503 6685 2503 6808 à
2564 6685 2712 6808 ter-

1033 6814 1144 6927 re,
1305 6814 1305 6927 &
1366 6814 1749 6927 aſſujettir
1810 6814 1847 6927 la
1909 6814 2107 6927 lame
2181 6814 2242 6927 de
2304 6814 2403 6927 ſon
2526 6814 2699 6927 Con-

2855 1952 3046 2078 Comme
3131 1952 3375 2078 Zacharie
3429 1952 3609 2078 tourne
3652 1952 3673 2078 le
3726 1952 3864 2078 bras,
3907 1952 4119 2078 portant
4162 1952 4204 2078 ſa
4257 1952 4427 2078 pointe
4470 1952 4512 2078 en
4565 1952 4757 2078 dedans
4799 1952 4990 2078 comme

2978 2083 3013 2206 au
3082 2083 3254 2206 Cercle
3323 2083 3358 2206 5.
3461 2083 3760 2206 Alexandre
3806 2083 3956 2206 baiſſe
4002 2083 4048 2206 un
4105 2083 4174 2206 peu
4232 2083 4278 2206 ſa
4335 2083 4519 2206 garde,
4565 2083 4600 2206 en
4657 2083 4922 2206 couvrant
4968 2083 4991 2206 le

2963 2201 3044 2333 bas
3113 2201 3147 2333 du
3217 2201 3412 2333 corps,
3459 2201 3643 2333 tenant
3689 2201 3724 2333 ſa
3793 2201 3966 2333 pointe
4012 2201 4046 2333 en
4104 2201 4231 2333 haut
4300 2201 4403 2333 puis
4473 2201 4772 2333 deſgradue
4807 2201 4991 2333 l’eſpee

2978 2330 3014 2449 de
3063 2330 3099 2449 ſa
3147 2330 3401 2449 partie-.
