5520 7640
1290 5716 1599 5885 Cercle
1909 5716 2109 5885 N10.

632 5988 938 6132 Alexandre
973 5988 1209 6132 pourſuit
1362 5988 1527 6132 attire
1574 5988 1598 6132 le
1657 5988 1775 6132 pied
1810 5988 2058 6132 gauche,
2128 5988 2352 6132 dreſſant
2399 5988 2423 6132 le
2470 5988 2611 6132 corps
2647 5988 2717 6132 ſur

717 6119 752 6263 le
787 6119 997 6263 planté,
1056 6119 1266 6263 mettant
1301 6119 1372 6263 ſon
1418 6119 1547 6263 eſpee
1594 6119 1605 6263 à
1652 6119 1711 6263 ſon
1757 6119 1874 6263 coſté
1933 6119 2073 6263 droit,
2131 6119 2237 6263 pour
2283 6119 2505 6263 pouvoir
2540 6119 2716 6263 bleſſer

712 6257 758 6389 ſa
804 6257 977 6389 partie
1035 6257 1162 6389 d’une
1209 6257 1474 6389 eſtocade.

1105 6433 1217 6575 Ecy
1292 6433 1368 6575 eſt
1430 6433 1468 6575 la
1543 6433 1718 6575 ſuite
1793 6433 1843 6575 de
1893 6433 1931 6575 la
1993 6433 2482 6575 precedente
2544 6433 2720 6575 ope-

1067 6562 1295 6671 ration
1403 6562 1451 6671 du
1583 6562 1822 6671 Cercle
1930 6562 1966 6671 N.
2038 6562 2074 6671 9.
2170 6562 2709 6671 ALEXANDRE

1070 6671 1289 6828 attire
1341 6671 1380 6828 le
1444 6671 1612 6828 pied
1664 6671 1961 6828 gauche
2012 6671 2025 6828 à
2077 6671 2219 6828 ſoy,
2283 6671 2606 6828 dreſſant
2658 6671 2709 6828 le

1079 6796 1292 6952 corps
1343 6796 1443 6952 ſur
1506 6796 1556 6952 le
1606 6796 1782 6952 pied
1845 6796 2171 6952 planté,
2297 6796 2598 6952 mettant
2661 6796 2711 6952 le

3547 4697 3852 4876 Cercle
4048 4697 4352 4876 N.

614 3498 795 3656 Pource
843 3498 927 3656 que
1011 3498 1264 3656 Zacharie
1325 3498 1337 3656 à
1385 3498 1529 3656 porte
1566 3498 1614 3656 ſa
1674 3498 1782 3656 main
1843 3498 2035 3656 gauche
2096 3498 2240 3656 ſoubs
2276 3498 2312 3656 la
2373 3498 2517 3656 garde
2589 3498 2626 3656 de
2674 3498 2710 3656 ſa

715 3628 931 3778 partie,
979 3628 1100 3778 pour
1136 3628 1412 3778 ſoubſtenir
1472 3628 1497 3778 le
1545 3628 1653 3778 coup
1809 3628 1942 3778 ſaiſir
1990 3628 1990 3778 ſ
2074 3628 2339 3778 garde,
2423 3628 2711 3778 Alexandre

709 3752 846 3905 paſſe
892 3752 915 3905 le
961 3752 1075 3905 coſté
1121 3752 1315 3905 gauche
1372 3752 1407 3905 de
1441 3752 1487 3905 ſa
1533 3752 1727 3905 partie,
1761 3752 1841 3905 pui
1921 3752 2104 3905 menant
2150 3752 2207 3905 ſon
2265 3752 2390 3905 eſpee
2436 3752 2470 3905 en
2516 3752 2711 3905 circon-

717 3878 910 4034 ference
967 3878 1001 4034 de
1047 3878 1172 4034 haut
1217 3878 1251 4034 en
1297 3878 1399 4034 bas,
1433 3878 1456 4034 le
1501 3878 1638 4034 bleſſe
1683 3878 1774 4034 d’un
1820 3878 2138 4034 eſtramaçon
2206 3878 2206 4034 à
2251 3878 2320 4034 los
2377 3878 2399 4034 de
2445 3878 2479 4034 la
2524 3878 2717 4034 jambe.

1095 4078 1206 4233 Ecy
1292 4078 1378 4233 eſt
1427 4078 1464 4233 la
1525 4078 1931 4233 pourſuite
2005 4078 2054 4233 de
2103 4078 2140 4233 la
2214 4078 2706 4233 precedente

1067 4216 1505 4363 operation,
1562 4216 1943 4363 duCercle
2046 4216 2139 4363 N.8
2208 4216 2496 4363 pource
2577 4216 2703 4363 que

1102 4341 1574 4484 ZACHARIE
1630 4341 1642 4484 à
1743 4341 1844 4484 mis
1957 4341 1990 4484 la
2136 4341 2283 4484 main
2418 4341 2699 4484 gauche

1064 4461 1296 4606 ſoubs
1345 4461 1382 4606 la
1455 4461 1675 4606 garde
1749 4461 1810 4606 de
1846 4461 2115 4606 l’eſpee
2201 4461 2262 4606 de
2311 4461 2360 4606 ſa
2433 4461 2702 4606 partie,

603 4582 791 4735 pour
838 4582 1272 4735 ſoubſtenir
1319 4582 1424 4735 ſon
1506 4582 1682 4735 coup
1776 4582 2046 4735 venant
2140 4582 2562 4735 d’enhaut,
2703 4582 2703 4735 &

599 4711 780 4856 ſaiſir
829 4711 865 4856 ſa
937 4711 1191 4856 garde,
1251 4711 1264 4856 A
1336 4711 1892 4856 LEXANDREle
1940 4711 2460 4856 remarquant
2508 4711 2702 4856 paſſe

620 4839 744 4985 d’un
831 4839 1054 4985 grand
1103 4839 1227 4985 pas
1265 4839 1327 4985 le
1388 4839 1574 4985 coſté
1636 4839 1921 4985 gauche
1996 4839 2045 4985 de
2120 4839 2157 4985 ſa
2231 4839 2541 4985 partie,
2702 4839 2702 4985 &

591 4954 819 5108 ayant
910 4954 1092 5108 mené
1137 4954 1239 5108 ſon
1319 4954 1535 5108 eſpee
1592 4954 1637 5108 en
1739 4954 2342 5108 Circonference
2410 4954 2478 5108 de
2524 4954 2706 5108 haut

606 5074 653 5238 en
723 5074 886 5238 bas,
944 5074 1189 5238 donne
1247 5074 1317 5238 un
1398 5074 1864 5238 eſtramaçon
1946 5074 2050 5238 ſur
2109 5074 2225 5238 los
2295 5074 2353 5238 de
2423 5074 2481 5238 le
2540 5074 2714 5238 jam-

598 5203 684 5357 be
746 5203 1044 5357 gauche
1106 5203 1168 5357 de
1230 5203 1329 5357 ſon
1453 5203 1900 5357 Contraire,
1999 5203 2358 5357 plantant
2420 5203 2470 5357 le
2544 5203 2718 5357 pied

614 5326 846 5459 eſlevé
932 5326 1286 5459 deſſoubs
1396 5326 1408 5459 &
1457 5326 1628 5459 hors
1689 5326 1738 5459 du
1848 5326 2129 5459 Cercle;
2202 5326 2496 5459 comme
2557 5326 2594 5459 il
2655 5326 2704 5459 ſe

605 5476 758 5605 voit
805 5476 945 5605 aux
992 5476 1321 5605 figures.

601 361 929 506 derriere
977 361 1026 506 le
1123 361 1523 506 Contraire,
1595 361 1826 506 donne
1886 361 1947 506 un
2032 361 2214 506 coup
2286 361 2699 506 d’eſtrama-

615 505 712 646 çon
785 505 846 646 au
931 505 1258 646 derriere
1319 505 1379 646 de
1428 505 1476 646 la
1537 505 1707 646 teſte
1779 505 1840 646 de
1889 505 1937 646 ſa
1998 505 2265 646 partie,
2301 505 2592 646 plantãt
2640 505 2689 646 le

601 634 771 787 pied
892 634 1074 787 droit
1183 634 1402 787 eſlevé
1511 634 1802 787 comme
1899 634 1996 787 les
2093 634 2384 787 figures
2518 634 2699 787 mon-

593 781 870 917 ſtrent.

618 1260 800 1415 Comme
892 1260 1179 1415 Alexandre
1231 1260 1348 1415 faict
1401 1260 1557 1415 paſſer
1609 1260 1662 1415 ſon
1714 1260 1844 1415 eſpee
1896 1260 1975 1415 par
2040 1260 2183 1415 deſſus
2223 1260 2262 1415 ſa
2314 1260 2536 1415 teſte,
2627 1260 2705 1415 Za-

708 1398 890 1538 charie
933 1398 1104 1538 tourne
1147 1398 1179 1538 le
1222 1398 1361 1538 corps
1457 1398 1468 1538 &
1511 1398 1650 1538 porte
1693 1398 1725 1538 la
1789 1398 1896 1538 main
1950 1398 1982 1538 en
2025 1398 2196 1538 haut,
2260 1398 2378 1538 pour
2421 1398 2614 1538 eſuiter
2656 1398 2689 1538 le

714 1535 822 1664 coup
918 1535 930 1664 &
978 1535 1110 1664 ſaiſir
1158 1535 1194 1664 la
1243 1535 1363 1664 lame
1423 1535 1459 1664 de
1495 1535 1531 1664 ſa
1579 1535 1844 1664 partie.

1082 1718 1283 1875 Eſtuy
1359 1718 1422 1875 cy
1510 1718 1863 1875 contient
1964 1718 2002 1875 la
2128 1718 2519 1875 pourſuite
2633 1718 2670 1875 du

1088 1861 1333 1995 Cercle
1473 1861 1508 1995 N.
1566 1861 1636 1995 6;
1741 1861 2032 1995 comme
2149 1861 2697 1995 ALEXANDRE

1079 1985 1391 2109 mettant
1475 1985 1535 2109 le
1619 1985 1799 2109 pied
1883 1985 2170 2109 gauche
2266 1985 2578 2109 derriere
2650 1985 2698 2109 le

1060 2106 1285 2244 plãté,
1322 2106 1447 2244 fait
1497 2106 1721 2244 paſſer
1771 2106 1871 2244 ſon
1946 2106 2158 2244 eſpee
2208 2106 2320 2244 par
2370 2106 2420 2244 le
2520 2106 2707 2244 mou-

604 2228 921 2380 vement
982 2228 1043 2380 du
1116 2228 1275 2380 bras
1336 2228 1446 2380 par
1507 2228 1751 2380 deſſus
1800 2228 1836 2380 ſa
1897 2228 2117 2380 teſte,
2239 2228 2239 2380 &
2324 2228 2483 2380 qu’il
2532 2228 2703 2380 leve

590 2352 637 2498 le
696 2352 861 2498 pied
932 2352 1145 2498 droit,
1192 2352 1239 2498 en
1334 2352 1381 2498 ce
1440 2352 1700 2498 temps
1807 2352 2705 2498 ZACHARIEmarche

617 2476 664 2619 du
735 2476 901 2619 pied
972 2476 1162 2619 droit
1221 2476 1269 2619 en
1364 2476 1684 2619 dedans,
1779 2476 1791 2619 &
1838 2476 1886 2619 le
1945 2476 2301 2619 plantant
2360 2476 2586 2619 ſoubs
2645 2476 2704 2619 le

637 2599 998 2746 Diametre
1058 2599 1058 2746 à
1106 2599 1154 2746 la
1202 2599 1431 2746 lettre
1491 2599 1527 2746 I.
1575 2599 1852 2746 tourne
1900 2599 1948 2746 le
2008 2599 2224 2746 corps
2272 2599 2381 2746 ſur
2417 2599 2718 2746 iceluy,

598 2724 910 2866 portant
977 2724 1021 2866 la
1122 2724 1255 2866 main
1366 2724 1411 2866 en
1500 2724 1678 2866 haut
1723 2724 1912 2866 pour
1990 2724 2257 2866 eſuiter
2335 2724 2380 2866 le
2469 2724 2702 2866 coup,

653 2847 653 2994 &
714 2847 898 2994 ſaiſir
947 2847 1216 2994 l’eſpee
1289 2847 1351 2994 de
1400 2847 1497 2994 ſon
1620 2847 2073 2994 Contraire;
2158 2847 2452 2994 comme
2513 2847 2550 2994 il
2611 2847 2721 2994 ap-

591 2988 755 3115 pert
805 2988 918 3115 par
969 2988 1069 3115 les
1132 2988 1446 3115 figures.

1272 3226 1596 3434 Cercle
1790 3226 2048 3434 N.

3612 1410 3930 1604 Cercle
4135 1410 4385 1604 N.11.

1316 996 1627 1167 Cercle
1849 996 2116 1167 N.

3336 5931 3445 6067 Ecy
3530 5931 3880 6067 contient
3965 5931 4001 6067 la
4074 5931 4255 6067 ſuite
4340 5931 4388 6067 du
4473 5931 4945 6067 precedent,

3341 6066 3583 6182 Cercle
3692 6066 3728 6182 N.
3777 6066 3873 6182 11.
3982 6066 4526 6182 ALEXANDRE
4575 6066 4829 6182 parant
4901 6066 4938 6182 la

3299 6184 3538 6316 feinte
3609 6184 4111 6316 mentionnée
4170 6184 4301 6316 que
4349 6184 4397 6316 ſa
4457 6184 4683 6316 partie
4743 6184 4862 6316 luy
4934 6184 4934 6316 à

3303 6310 3483 6438 tirée
3543 6310 3591 6438 en
3687 6310 3952 6438 dehors
4024 6310 4072 6438 du
4144 6310 4336 6438 bras,
4384 6310 4636 6438 plante
4673 6310 4721 6438 le
4781 6310 4949 6438 pied

2866 6434 3094 6558 eſlevé
3158 6434 3208 6558 au
3297 6434 3525 6558 deſſus
3601 6434 3652 6558 du
3766 6434 4158 6558 Diametre,
4209 6434 4310 6558 ſur
4361 6434 4399 6558 la
4450 6434 4652 6558 ligne
4766 6434 4804 6558 G.
4906 6434 4944 6558 N.

2892 6559 3349 6694 ZACHARIE
3445 6559 3493 6694 au
3638 6559 3890 6694 meſme
3975 6559 4227 6694 temps
4323 6559 4456 6694 que
4540 6559 4817 6694 l’eſpee
4889 6559 4949 6694 ſe

2868 6683 3275 6817 deſtourne
3335 6683 3658 6817 ouvrant
3718 6683 4017 6817 l’angle,
4077 6683 4352 6817 avance
4436 6683 4484 6817 le
4544 6683 4711 6817 pied
4795 6683 4951 6817 gau-

2859 6810 3013 6933 che,
3119 6810 3131 6933 &
3190 6810 3745 6933 pareillement
3792 6810 3851 6933 le
3934 6810 4170 6933 corps,
4229 6810 4548 6933 portant
4607 6810 4654 6933 en
4725 6810 4949 6933 avant

4913 6948 4953 7044 la

2875 4988 3166 5102 Alexandre
3233 4988 3423 5102 parant
3490 4988 3523 5102 la
3568 4988 3725 5102 feinte
3769 4988 3848 5102 qui
3892 4988 3959 5102 luy
4015 4988 4015 5102 à
4060 4988 4150 5102 eſté
4194 4988 4317 5102 tirée
4373 4988 4418 5102 en
4474 4988 4653 5102 dehors
4731 4988 4764 5102 du
4832 4988 4966 5102 bras,

2966 5113 3142 5233 plante
3189 5113 3212 5233 le
3259 5113 3564 5233 piedeſlevé
3599 5113 3646 5233 au
3705 5113 3857 5233 deſſus
3916 5113 3951 5233 du
4033 5113 4326 5233 Diametre,
4385 5113 4643 5233 Zacharie
4690 5113 4737 5233 au
4807 5113 4959 5233 meſme

2968 5234 3137 5360 temps
3173 5234 3257 5360 que
3305 5234 3510 5360 l’angle
3558 5234 3727 5360 ſouvre
3775 5234 3811 5360 ſe
3896 5234 3968 5360 met
4016 5234 4209 5360 dedans
4245 5234 4438 5360 iceluy,
4547 5234 4547 5360 &
4607 5234 4800 5360 faiſant
4860 5234 4969 5360 paſ-

2973 5358 3036 5478 ſer
3074 5358 3137 5478 ſon
3187 5358 3326 5478 eſpee
3376 5358 3628 5478 deſſoubs,
3666 5358 3704 5478 il
3729 5358 3880 5478 ſaiſiſt
3931 5358 3968 5478 de
4006 5358 4044 5478 la
4107 5358 4208 5478 main
4271 5358 4472 5478 gauche
4510 5358 4548 5478 la
4598 5358 4750 5478 garde
4813 5358 4838 5478 de
4888 5358 4964 5478 l’e-

2969 5485 3074 5607 ſpee
3133 5485 3436 5607 Contraire,
3494 5485 3517 5607 la
3564 5485 3739 5607 tirant
3785 5485 3820 5607 en
3867 5485 3948 5607 bas
3983 5485 4123 5607 ſoubs
4170 5485 4228 5607 ſon
4275 5485 4380 5607 bras
4426 5485 4648 5607 gauche,
4741 5485 4753 5607 &
4799 5485 4962 5607 affer-

2993 5604 3173 5727 miſſant
3245 5604 3269 5727 le
3317 5604 3425 5727 bras
3485 5604 3509 5727 de
3557 5604 3738 5727 l’eſpee
3786 5604 3798 5727 à
3834 5604 3870 5727 ſa
3918 5604 4182 5727 poitrine,
4230 5604 4266 5727 il
4326 5604 4399 5727 met
4447 5604 4483 5727 ſa
4555 5604 4711 5727 pointe
4783 5604 4855 5727 ſur
4915 5604 4951 5727 la

2971 5733 3197 5849 poitrine
3253 5733 3276 5849 de
3321 5733 3366 5849 ſa
3411 5733 3671 5849 partie.

3345 2514 3345 2606 E
3504 2514 3738 2606 Cercle
3836 2514 3971 2606 tire
4045 2514 4094 2606 ſa
4180 2514 4438 2606 ſource
4536 2514 4585 2606 du
4720 2514 4954 2606 Cercle

3363 2638 3402 2756 N.
3442 2638 3534 2756 12.
3600 2638 3652 2756 de
3705 2638 3745 2756 la
3810 2638 4297 2756 precedente
4389 2638 4600 2756 Table
4705 2638 4969 2756 XXXI,

3315 2759 3374 2884 ou
3504 2759 4012 2884 ZACHARIE
4083 2759 4236 2884 s’eſt
4331 2759 4437 2884 mis
4519 2759 4555 2884 en
4649 2759 4956 2884 poſture

3361 2880 3361 2997 &
3464 2880 4001 2997 ALEXANDRE
4104 2880 4161 2997 va
4252 2880 4641 2997 travailler
4721 2880 4721 2997 à
4801 2880 4972 2997 l’en-

2866 3007 3159 3128 contre,
3218 3007 3522 3128 comme
3580 3007 3616 3128 il
3674 3007 3721 3128 ſe
3803 3007 3943 3128 voit
4014 3007 4154 3128 aux
4213 3007 4505 3128 figures
4611 3007 4622 3128 &
4669 3007 4681 3128 à
4739 3007 4786 3128 la
4856 3007 4962 3128 de-

2849 3132 3209 3252 ſcription
3321 3132 3681 3252 d’iceluy,
3805 3132 3805 3252 &
3904 3132 4351 3252 cependant
4438 3132 4972 3252 qu’ALEXAN-

2873 3256 3008 3375 DRE
3087 3256 3166 3375 eſt
3234 3256 3279 3375 en
3391 3256 3898 3375 mouvement
3966 3256 4157 3375 pour
4236 3256 4563 3375 parfaire
4641 3256 4968 3375 l’opera-

2853 3379 2989 3500 tion
3088 3379 3337 3500 dudi
3423 3379 3684 3500 Cercle,
3734 3379 3957 3500 ayant
4007 3379 4056 3500 le
4118 3379 4280 3500 pied
4354 3379 4540 3500 droit
4640 3379 4652 3500 &
4702 3379 4962 3500 pareil-

2844 3501 3139 3626 lement
3186 3501 3234 3626 le
3316 3501 3517 3626 corps
3576 3501 3789 3626 porté
3848 3501 3895 3626 en
3966 3501 4226 3626 avant,
4285 3501 4344 3626 de
4403 3501 4592 3626 ſorte
4663 3501 4817 3626 qu’il
4876 3501 4959 3626 eſt

2847 3628 3021 3748 hors
3091 3628 3161 3748 de
3207 3628 3311 3748 ſon
3381 3628 3636 3748 poids;
3740 3628 4193 3748 ZACHARIE
4262 3628 4541 3748 appres
4587 3628 4796 3748 avoir
4865 3628 4958 3748 at-

2854 3753 3039 3877 tiere
3088 3753 3137 3877 le
3186 3753 3359 3877 pied
3420 3753 3703 3877 gauche
3752 3753 4072 3877 juſques
4134 3753 4183 3877 au
4294 3753 4589 3877 Cercle,
4675 3753 4958 3877 marche

2860 3879 2905 4002 en
3007 3879 3266 4002 meſme
3322 3879 3570 4002 temps
3637 3879 3694 4002 du
3773 3879 3964 4002 droit
4021 3879 4077 4002 en
4156 3879 4471 4002 dedans,
4516 3879 4584 4002 un
4674 3879 4798 4002 peu
4877 3879 4933 4002 au

2876 4000 3162 4123 deſſous
3236 4000 3286 4123 du
3397 4000 3769 4123 Diametre
3831 4000 3831 4123 à
3881 4000 3930 4123 la
3992 4000 4216 4123 lettre
4302 4000 4352 4123 V,
4402 4000 4563 4123 puis
4625 4000 4972 4123 penchãt

2846 4128 2893 4249 le
2964 4128 3178 4249 corps
3261 4128 3569 4249 deſſus,
3688 4128 3688 4249 &
3759 4128 4079 4249 portant
4139 4128 4186 4249 la
4281 4128 4435 4249 main
4530 4128 4827 4249 gauche
4886 4128 4934 4249 en

2843 4250 3105 4351 avant,
3151 4250 3185 4351 il
3231 4250 3356 4351 tire
3424 4250 3470 4351 en
3561 4250 3835 4351 dehors
3915 4250 3961 4351 du
4052 4250 4212 4351 bras
4303 4250 4508 4351 d’une
4577 4250 4805 4351 feinte
4874 4250 4931 4351 au

2855 4376 3090 4497 viſage
3160 4376 3219 4497 de
3266 4376 3372 4497 ſon
3454 4376 3877 4497 contraire;
3924 4376 4218 4497 comme
4265 4376 4371 4497 les
4418 4376 4700 4497 figures
4782 4376 4970 4497 mon-

2845 4498 3125 4585 ſtrent.

2858 371 3018 500 bras
3129 371 3129 500 &
3178 371 3448 500 l’eſpee
3522 371 3522 500 a
3608 371 3707 500 ſon
3793 371 3977 500 coſté
4051 371 4236 500 droit
4297 371 4346 500 en
4457 371 4678 500 Angle
4752 371 4949 500 acut,

2855 495 3046 617 pour
3130 495 3465 617 pouvoir
3536 495 3584 617 en
3680 495 3871 617 ceſte
3943 495 4146 617 façon
4229 495 4504 617 bleſſer
4600 495 4958 617 derechef

2850 624 2951 728 ſon
3029 624 3410 728 contraire
3466 624 3678 728 d’une
3734 624 4126 728 eſtocade;
4182 624 4472 728 comme
4528 624 4562 728 il
4618 624 4707 728 eſt
4774 624 4965 728 mon-

2856 753 2983 872 ſtré
3033 753 3147 872 par
3198 753 3299 872 les
3350 753 3680 872 figures.

2859 1701 3147 1817 Cependant
3203 1701 3635 1817 qu’Alexandre
3680 1701 3735 1817 eſt
3791 1701 3824 1817 en
3913 1701 4223 1817 mouvement
4268 1701 4379 1817 pour
4434 1701 4567 1817 faire
4634 1701 4955 1817 l’operation

2974 1827 3007 1942 du
3084 1827 3238 1942 Cercle
3282 1827 3370 1942 12.
3414 1827 3447 1942 de
3502 1827 3535 1942 la
3590 1827 3733 1942 Table
3777 1827 4118 1942 precedente,
4150 1827 4326 1942 comme
4370 1827 4425 1942 ſon
4480 1827 4612 1942 corps
4656 1827 4711 1942 eſt
4755 1827 4865 1942 hors
4920 1827 4953 1942 de

2961 1951 3018 2067 ſon
3075 1951 3233 2067 poids,
3301 1951 3551 2067 Zacharie
3607 1951 3755 2067 apres
3811 1951 3947 2067 avoir
3993 1951 4151 2067 attiré
4185 1951 4219 2067 le
4265 1951 4367 2067 pied
4412 1951 4605 2067 gauche
4650 1951 4854 2067 juſques
4899 1951 4945 2067 au

2987 2076 3170 2193 Cercle,
3227 2076 3410 2193 marché
3467 2076 3502 2193 du
3559 2076 3673 2193 droit
3719 2076 3753 2193 en
3822 2076 4005 2193 dedans
4142 2076 4393 2193 penchant
4439 2076 4462 2193 le
4507 2076 4656 2193 corps
4713 2076 4850 2193 deſſus
4942 2076 4953 2193 &

2966 2202 3179 2316 portant
3229 2202 3270 2316 la
3330 2202 3442 2316 main
3492 2202 3685 2316 gauche
3735 2202 3765 2316 en
3826 2202 4008 2316 avant,
4049 2202 4079 2316 il
4120 2202 4211 2316 tire
4251 2202 4291 2316 en
4352 2202 4514 2316 dehors
4575 2202 4605 2316 du
4656 2202 4767 2316 bras
4828 2202 4828 2316 d
4878 2202 4949 2316 une

2960 2327 3125 2440 feinte
3184 2327 3231 2440 au
3279 2327 3456 2440 viſage
3514 2327 3550 2440 de
3597 2327 3632 2440 ſa
3680 2327 3927 2440 partie.
