5520 7640
3610 3017 3927 3193 Cercle
4175 3017 4446 3193 NNS.

4818 6535 5052 6623 Cercle

1380 3028 1694 3188 Cercle
2008 3028 2187 3188 .

3420 4306 3420 4448 E
3536 4306 3782 4448 Cercle
3834 4306 4080 4448 prend
4132 4306 4313 4448 auſſi
4365 4306 4403 4448 ſa
4481 4306 4753 4448 ſource
4818 4306 4882 4448 de
4947 4306 5063 4448 l’o-

3379 4437 3731 4573 peration
3816 4437 3864 4573 du
3986 4437 4228 4573 Cercle
4337 4437 4374 4573 N.
4422 4437 4471 4573 3.
4531 4437 4592 4573 ou
4689 4437 4701 4573 A
4774 4437 5077 4573 LEXAN-

3407 4562 3539 4706 DRE
3623 4562 3672 4706 va
3732 4562 3912 4706 ſaiſir
3973 4562 4081 4706 par
4129 4562 4177 4706 le
4250 4562 4539 4706 dedans
4623 4562 4683 4706 du
4791 4562 4960 4706 bras
5020 4562 5068 4706 la

3371 4687 3561 4828 lame
3633 4687 3704 4828 de
3763 4687 3799 4828 ſa
3870 4687 4156 4828 partie,
4239 4687 4394 4828 mais
4453 4687 4667 4828 avant
4762 4687 4917 4828 qu’il
4976 4687 5071 4828 ait

2919 4810 3118 4954 plãté
3167 4810 3217 4954 le
3267 4810 3477 4954 pied,
3577 4810 3577 4954 Z
3639 4810 4048 4954 ACHARIE
4097 4810 4395 4954 avance
4469 4810 4531 4954 un
4606 4810 4730 4954 peu
4792 4810 4841 4954 le
4903 4810 5077 4954 pied

2931 4933 3127 5082 droit
3176 4933 3237 5082 au
3323 4933 3568 5082 deſſus
3629 4933 3691 5082 du
3813 4933 4230 5082 Diametre,
4266 4933 4328 5082 le
4389 4933 4683 5082 gauche
4744 4933 5087 5082 ſuyvant

2927 5060 2974 5202 en
3055 5060 3253 5202 volte
3299 5060 3369 5202 un
3439 5060 3567 5202 pas
3636 5060 3962 5202 derriere
4020 5060 4066 5202 le
4125 5060 4415 5202 planté,
4462 5060 4787 5202 dardant
4869 5060 4927 5202 de
4996 5060 5078 5202 vi-

2920 5186 3094 5333 teſſe
3156 5186 3268 5333 par
3343 5186 3617 5333 dehors
3679 5186 3741 5333 de
3791 5186 3828 5333 la
3891 5186 4077 5333 lame
4140 5186 4277 5333 aux
4339 5186 4538 5333 yeux
4613 5186 4675 5333 de
4725 5186 5086 5333 ſapartie.

2947 5316 3515 5441 ALEXANDRE
3600 5316 3654 5441 au
3761 5316 4489 5441 commencement
4585 5316 4639 5441 du
4767 5316 5078 5441 mouve-

2955 5438 3170 5580 ment,
3230 5438 3720 5580 accouplant
3768 5438 3815 5580 le
3875 5438 4114 5580 foible
4186 5438 4245 5580 de
4305 5438 4341 5580 ſa
4401 5438 4592 5580 lame
4652 5438 4699 5580 au
4771 5438 4926 5580 fort
5022 5438 5082 5580 de

2938 5565 3113 5705 celle
3189 5565 3251 5705 de
3301 5565 3339 5705 ſa
3402 5565 3703 5705 partie,
3740 5565 4004 5705 plante
4054 5565 4104 5705 le
4154 5565 4330 5705 pied
4430 5565 4618 5705 droit
4693 5565 4932 5705 eſlevé
5007 5565 5057 5705 au

2952 5690 3187 5817 deſſus
3262 5690 3311 5817 du
3422 5690 3806 5817 Diametre
3880 5690 3880 5817 a
3942 5690 3979 5817 la
4041 5690 4276 5817 lettre
4400 5690 4462 5817 M,
4598 5690 4598 5817 &
4672 5690 4722 5817 ſe
4796 5690 5081 5817 tourne

2938 5821 3038 5955 ſur
3100 5821 3150 5955 le
3225 5821 3300 5955 dit
3363 5821 3525 5955 pied
3575 5821 3837 5955 planté
3900 5821 4362 5955 preſentant
4425 5821 4487 5955 un
4562 5821 4687 5955 peu
4749 5821 4799 5955 le
4887 5821 5087 5955 coſté

2945 5947 3244 6089 gauche
3331 5947 3380 6089 en
3455 5947 3729 6089 avant,
3778 5947 4301 6089 affermiſſant
4350 5947 4400 6089 le
4450 5947 4624 6089 bras
4748 5947 4748 6089 &
4811 5947 5097 6089 l’eſpee

2931 6075 2992 6219 au
3078 6075 3361 6219 corps,
3434 6075 3483 6219 en
3582 6075 3618 6219 la
3729 6075 3987 6219 meſme
4073 6075 4294 6219 façon
4417 6075 4552 6219 que
4613 6075 4724 6219 les
4785 6075 5080 6219 figures

2957 6196 3414 6291 monſtrent.

3587 372 3887 537 Cercle
4295 372 4424 537 14.

562 289 611 426 la
710 289 858 426 main
944 289 1265 426 gauche,
1351 289 1475 426 met
1536 289 1586 426 le
1684 289 1894 426 corps
1968 289 2017 426 en
2104 289 2375 426 l’angle
2449 289 2584 426 que
2658 289 2695 426 ſa

573 410 821 552 partie
870 410 883 552 à
945 410 1255 552 ouvert,
1292 410 1454 552 puis
1503 410 1764 552 faiſant
1826 410 2062 552 paſſer
2112 410 2223 552 ſon
2298 410 2509 552 eſpee
2583 410 2720 552 deſ-

577 537 798 683 ſous,
837 537 876 683 il
928 537 1188 683 plante
1253 537 1305 683 le
1370 537 1539 683 pied
1617 537 1851 683 eſlevé
1929 537 1981 683 au
2085 537 2332 683 deſſus
2410 537 2462 683 du
2592 537 2722 683 Dia-

616 665 833 790 metre
884 665 897 790 à
948 665 986 790 la
1049 665 1279 790 lettre
1393 665 1444 790 M,
1508 665 1865 790 ſaiſiſſant
1941 665 2005 790 de
2056 665 2094 790 la
2183 665 2336 790 main
2425 665 2718 790 gauche

582 796 630 931 la
691 796 911 931 garde
997 796 1045 931 de
1094 796 1363 931 l’eſpee
1448 796 1509 931 de
1558 796 1656 931 ſon
1778 796 2205 931 Contraire,
2242 796 2291 931 la
2352 796 2572 931 tirant
2645 796 2694 931 en

593 918 717 1040 bas
754 918 989 1040 ſoubs
1038 918 1137 1040 ſon
1212 918 1372 1040 bras
1447 918 1793 1040 gauche,
1880 918 2041 1040 puis
2090 918 2610 1040 affermiſſant
2660 918 2709 1040 le

594 1041 755 1172 bras
866 1041 879 1172 &
928 1041 1201 1172 l’eſpee
1250 1041 1250 1172 à
1312 1041 1349 1172 ſa
1411 1041 1795 1172 poitrine,
1844 1041 1882 1172 il
1968 1041 2092 1172 met
2154 1041 2204 1172 la
2278 1041 2538 1172 pointe
2649 1041 2711 1172 de

579 1166 677 1299 ſon
800 1166 1009 1299 eſpee
1070 1166 1181 1299 ſur
1230 1166 1279 1299 la
1341 1166 1685 1299 poitrine
1759 1166 1820 1299 de
1869 1166 1906 1299 ſa
1967 1166 2238 1299 partie;
2324 1166 2619 1299 comme
2680 1166 2717 1299 il

580 1300 640 1421 ſe
700 1300 843 1421 voit
891 1300 1034 1421 aux
1081 1300 1416 1421 figures.

680 1418 740 1547 Ce
813 1418 995 1547 deux
1093 1418 1384 1547 Cercles
1433 1418 1518 1547 11.
1603 1418 1615 1547 &
1675 1418 1773 1547 12.
1821 1418 1979 1547 ſont
2028 1418 2477 1547 ſeulement
2525 1418 2720 1547 pour

594 1542 1003 1679 enſeigner
1040 1542 1487 1679 l’intention
1586 1542 1636 1679 de
1735 1542 2119 1679 ZAcharie,
2181 1542 2318 1679 quil
2367 1542 2380 1679 à
2429 1542 2715 1679 fondée

577 1668 685 1799 ſur
745 1668 1223 1799 l’eſperance
1306 1668 1438 1799 que
1509 1668 1545 1799 ſa
1653 1668 1892 1799 partie
1952 1668 2095 1799 fera
2167 1668 2226 1799 le
2298 1668 2728 1799 parement

599 1791 704 1926 qui
762 1791 843 1926 eſt
925 1791 1367 1926 mentionné
1436 1791 1483 1926 en
1576 1791 1681 1926 ces
1739 1791 1937 1926 deux
2030 1791 2355 1926 Cercles,
2402 1791 2460 1926 ce
2530 1791 2716 1926 qu’e-

580 1917 772 2050 ſtant
832 1917 868 2050 il
916 1917 1156 2050 poura
1240 1917 1612 2050 aiſement
1684 1917 1876 2050 venir
1936 1917 1948 2050 à
2008 1917 2200 2050 bout
2284 1917 2344 2050 de
2392 1917 2488 2050 ſon
2584 1917 2716 2050 deſ-

578 2043 757 2176 ſein:
841 2043 996 2176 mais
1091 2043 1545 2176 AExandre
1640 2043 2058 2176 obſervant
2117 2043 2225 2176 les
2320 2043 2714 2176 enſeigne-

622 2170 845 2308 ments
932 2170 982 2308 du
1118 2170 1366 2308 Cercle
1428 2170 1764 2308 ſuyvant
1838 2170 1888 2308 le
1975 2170 2434 2308 previendra
2521 2170 2732 2308 aiſſe-

613 2333 830 2397 ment.

3350 1108 3472 1243 Ecy
3546 1108 3631 1243 eſt
3717 1108 3766 1243 la
3839 1108 4022 1243 ſuite
4096 1108 4279 1243 avec
4340 1108 4817 1243 l’execution
4939 1108 5000 1243 de

3316 1239 3772 1366 l’operation
3861 1239 3911 1366 du
4051 1239 4291 1366 Cercle
4355 1239 4748 1366 precedẽt
4862 1239 5001 1366 N.13.

3343 1370 3882 1490 ALEXANDRE
3941 1370 4492 1490 pourſuyvant
4563 1370 4762 1490 quite
4821 1370 5009 1490 avec

3320 1496 3381 1615 un
3454 1496 3685 1615 heurt
3721 1496 4001 1615 l’eſpee
4074 1496 4134 1615 de
4183 1496 4219 1615 ſa
4280 1496 4572 1615 partie,
4620 1496 4681 1615 au
4742 1496 5009 1615 temps

2878 1616 3043 1742 qu’il
3093 1616 3219 1742 fait
3270 1616 3510 1742 paſſer
3573 1616 3674 1742 ſon
3763 1616 3939 1742 pied
4028 1616 4205 1742 droit
4268 1616 4483 1742 entre
4546 1616 4761 1742 leurs
4824 1616 5026 1742 deux

2878 1741 3117 1870 corps,
3167 1741 3494 1870 eſlevant
3545 1741 3595 1870 le
3670 1741 3972 1870 gauche
4023 1741 4123 1870 ſur
4174 1741 4224 1870 le
4287 1741 4526 1870 coſté,
4614 1741 4626 1870 &
4664 1741 4715 1870 le
4777 1741 5016 1870 voltãt

2864 1866 2939 1991 un
3039 1866 3264 1991 grand
3339 1866 3452 1991 pas
3540 1866 3577 1991 en
3677 1866 4015 1991 arriere,
4078 1866 4115 1991 il
4165 1866 4390 1991 bleſſe
4441 1866 4478 1991 ſa
4541 1866 4791 1991 partie
4866 1866 4991 1991 d’un

2878 1993 3069 2118 coup
3153 1993 3714 2118 d’eſtramaçon
3822 1993 4144 2118 derriere
4228 1993 4276 2118 la
4371 1993 4562 2118 teſte
4622 1993 4682 2118 au
4765 1993 5016 2118 temps

2882 2120 3046 2243 qu’il
3096 2120 3348 2243 planté
3399 2120 3449 2243 le
3500 2120 3676 2243 pied
3739 2120 3978 2243 volté;
4067 2120 4369 2243 comme
4445 2120 4621 2243 auſſi
4672 2120 4722 2243 le
4798 2120 5024 2243 pour-

2867 2249 3032 2373 trait
3079 2249 3209 2373 fait
3280 2249 3834 2373 aucunement
3905 2249 4460 2373 cougnoiſtre.

2908 3335 3091 3457 Comme
3182 3335 3480 3457 Alexandre
3526 3335 3583 3457 va
3629 3335 3766 3457 ſaiſir
3812 3335 3846 3457 la
3903 3335 4029 3457 lame
4087 3335 4121 3457 de
4167 3335 4201 3457 ſa
4258 3335 4441 3457 partie
4499 3335 4693 3457 comme
4739 3335 4762 3457 il
4831 3335 4888 3457 eſt
4957 3335 5060 3457 con-

3005 3462 3137 3586 tienu
3203 3462 3247 3586 au
3324 3462 3489 3586 Cercle
3544 3462 3588 3586 3;
3654 3462 3917 3586 Lacharie
3961 3462 4159 3586 avance
4192 3462 4236 3586 un
4291 3462 4368 3586 peu
4423 3462 4456 3586 le
4489 3462 4610 3586 pied
4665 3462 4786 3586 droit
4830 3462 4873 3586 au
4961 3462 5060 3586 deſ-

3014 3590 3084 3720 ſus
3119 3590 3154 3720 le
3235 3590 3527 3720 Diametre,
3550 3590 3585 3720 le
3632 3590 3831 3720 gauche
3877 3590 3901 3720 le
3936 3590 4169 3720 ſuyvant
4216 3590 4251 3720 en
4309 3590 4473 3720 volte,
4519 3590 4741 3720 dardant
4799 3590 4834 3720 de
4881 3590 5056 3720 viteſſe

3013 3717 3116 3838 aux
3158 3717 3292 3838 yeux
3355 3717 3386 3838 de
3427 3717 3469 3838 ſa
3510 3717 3717 3838 partie.
3800 3717 4101 3838 Alexandre
4153 3717 4204 3838 au
4256 3717 4702 3838 commencement
4764 3717 4795 3838 du
4868 3717 5054 3838 mouve-

3040 3841 3153 3965 ment
3199 3841 3516 3965 accouplant
3562 3841 3596 3965 le
3630 3841 3777 3965 foible
3834 3841 3868 3965 de
3913 3841 3947 3965 ſa
3993 3841 4129 3965 lame
4174 3841 4219 3965 au
4276 3841 4378 3965 fort
4446 3841 4469 3965 de
4514 3841 4560 3965 ſa
4616 3841 4809 3965 partie,
4832 3841 4866 3965 ſe
4911 3841 5059 3965 tour-

3020 3969 3057 4096 ne
3118 3969 3192 4096 ſur
3254 3969 3278 4096 le
3352 3969 3462 4096 pied
3512 3969 3696 4096 planté
3745 3969 3782 4096 le
3819 3969 3942 4096 coſté
4003 3969 4200 4096 gauche
4274 3969 4311 4096 en
4372 3969 4569 4096 avant,
4618 3969 4974 4096 affermiſſant
5036 3969 5061 4096 le

3027 4092 3137 4211 bras
3222 4092 3234 4211 &
3283 4092 3477 4211 l’eſpee
3526 4092 3574 4211 au
3623 4092 3793 4211 corps.

2884 647 3179 777 Alexandre
3226 647 3580 777 pourſuivant
3628 647 3769 777 quite
3816 647 3934 777 avec
3982 647 4029 777 un
4076 647 4229 777 heurt
4277 647 4454 777 l’eſpee
4525 647 4560 777 de
4595 647 4643 777 ſa
4690 647 4890 777 partie,

2976 775 2999 904 le
3046 775 3187 904 bleſſe
3245 775 3350 904 d’un
3397 775 3502 904 coup
3561 775 3947 904 d’eſtramaçon
3994 775 4040 904 au
4111 775 4333 904 derriere
4391 775 4426 904 de
4461 775 4497 904 la
4555 775 4695 904 teſte,
4742 775 4777 904 au
4836 775 4999 904 temps

2979 914 3102 1029 qu’il
3139 914 3311 1029 planté
3360 914 3385 1029 le
3434 914 3544 1029 pied
3593 914 3741 1029 volté.

617 3323 802 3442 Comme
876 3323 1123 3442 Zacharie
1197 3323 1246 3442 va
1296 3323 1419 3442 faire
1481 3323 1518 3442 ſa
1567 3323 1777 3442 feinte,
1814 3323 1938 3442 ainſi
1999 3323 2123 3442 qu’il
2160 3323 2222 3442 eſt
2259 3323 2407 3442 porté
2468 3323 2505 3442 au
2592 3323 2740 3442 Cercle

761 3449 798 3571 N.
834 3449 906 3571 11.
979 3449 1269 3571 Alexandre
1318 3449 1463 3571 laiſſe
1499 3449 1535 3571 le
1572 3449 1680 3571 bras
1729 3449 1765 3571 en
1813 3449 1850 3571 ſa
1910 3449 2140 3571 poſture,
2261 3449 2442 3571 tourne
2491 3449 2527 3571 ſa
2575 3449 2745 3571 pointe

710 3572 831 3697 vers
867 3572 892 3697 le
940 3572 1037 3697 fort
1098 3572 1134 3697 de
1182 3572 1291 3697 celle
1352 3572 1388 3697 de
1437 3572 1473 3697 ſa
1521 3572 1691 3697 partie
1727 3572 1764 3697 en
1824 3572 2151 3697 s’aſſeurant
2212 3572 2430 3697 d’icelle:
2490 3572 2745 3697 Zacharie

723 3702 845 3828 faict
881 3702 1052 3828 paſſer
1101 3702 1138 3828 ſa
1186 3702 1309 3828 lame
1370 3702 1614 3828 deſſoubs,
1662 3702 1772 3828 mais
1846 3702 2151 3828 Alexandre
2187 3702 2553 3828 rencontrant
2602 3702 2639 3828 de
2688 3702 2749 3828 ſon

722 3830 870 3953 foible
907 3830 945 3953 le
1006 3830 1093 3953 fort
1167 3830 1204 3953 de
1266 3830 1452 3953 l’eſpee
1514 3830 1551 3953 de
1588 3830 1625 3953 ſa
1687 3830 1885 3953 partie,
1935 3830 1972 3953 la
2009 3830 2257 3953 conduit
2331 3830 2516 3953 devant
2566 3830 2640 3953 luy
2752 3830 2752 3953 &

721 3958 897 4078 plante
944 3958 968 4078 le
1015 3958 1132 4078 pied
1179 3958 1285 4078 hors
1355 3958 1391 4078 du
1461 3958 1649 4078 Cercle,
1696 3958 1720 4078 ſe
1767 3958 2072 4078 preparant
2119 3958 2237 4078 pour
2272 3958 2401 4078 faire
2448 3958 2507 4078 ſon
2554 3958 2706 4078 coup.

1122 4151 1122 4292 E
1250 4151 1493 4292 Cercle
1570 4151 1903 4292 reſourd
1979 4151 2043 4292 de
2107 4151 2581 4292 l’operation
2683 4151 2734 4292 du

1113 4296 1351 4416 Cercle
1414 4296 1802 4416 precedét
1915 4296 2053 4416 N.11;
2103 4296 2165 4416 ou
2303 4296 2767 4416 ZACHARIE

1085 4418 1144 4541 va
1202 4418 1376 4541 faire
1435 4418 1470 4541 ſa
1528 4418 1772 4541 feinte
1842 4418 1889 4541 en
1982 4418 2262 4541 dehors
2320 4418 2378 4541 du
2448 4418 2611 4541 bras
2692 4418 2751 4541 au

1092 4546 1328 4670 viſage
1452 4546 1502 4670 de
1601 4546 1650 4670 ſa
1737 4546 2072 4670 partie;
2172 4546 2470 4670 comme
2556 4546 2594 4670 il
2693 4546 2767 4670 eſt

614 4670 932 4799 ſpecifié
1030 4670 1078 4799 en
1176 4670 1225 4799 la
1311 4670 1825 4799 precedente
1922 4670 2375 4799 operation.
2497 4670 2620 4799 icy
2717 4670 2779 4799 A-

632 4795 1202 4917 LEXANDRE
1287 4795 1493 4917 laiſſe
1553 4795 1602 4917 le
1675 4795 1844 4917 bras
1929 4795 2123 4917 droit
2220 4795 2268 4917 en
2341 4795 2390 4917 ſa
2450 4795 2765 4917 poſture

616 4922 768 5047 ſans
839 4922 885 5047 en
956 4922 1085 5047 rien
1167 4922 1541 5047 changer,
1623 4922 1776 5047 mais
1822 4922 1858 5047 il
1916 4922 2209 5047 tourne
2256 4922 2701 5047 ſeulement
2759 4922 2759 5047 à

619 5048 869 5174 l’ayde
932 5048 982 5174 du
1057 5048 1394 5174 poignet
1457 5048 1494 5174 la
1557 5048 1882 5174 poine
1970 5048 2032 5174 de
2107 5048 2145 5174 ſa
2220 5048 2407 5174 lame
2482 5048 2645 5174 vers
2720 5048 2770 5174 le

622 5174 771 5298 fort
845 5174 907 5298 de
969 5174 1143 5298 celle
1218 5174 1280 5298 de
1330 5174 1367 5298 ſa
1429 5174 1690 5298 partie,
1727 5174 2124 5298 s’aſſurant
2199 5174 2472 5298 d’icelle
2547 5174 2596 5298 en
2671 5174 2783 5298 cas

638 5296 1024 5421 qu’iceluy
1074 5296 1198 5421 luy
1260 5296 1385 5421 tire
1435 5296 1584 5421 une
1646 5296 2007 5421 eſtocade
2057 5296 2119 5421 au
2181 5296 2306 5421 lieu
2393 5296 2455 5421 de
2505 5296 2542 5421 la
2604 5296 2791 5421 fein-

627 5424 726 5546 te.
825 5424 1256 5546 ZAACHARIE
1318 5424 1627 5546 entrant
1664 5424 1713 5546 la
1787 5424 2021 5546 deſſus
2083 5424 2132 5546 du
2206 5424 2379 5546 pied
2453 5424 2774 5546 gauche,

627 5546 801 5675 fai
863 5546 1100 5675 paſſer
1150 5546 1187 5675 ſa
1237 5546 1436 5675 lame
1523 5546 1859 5675 deſſous,
1934 5546 2258 5675 portant
2332 5546 2370 5675 en
2444 5546 2668 5675 avant
2731 5546 2780 5675 la

663 5678 805 5806 main
911 5678 1207 5806 gauche
1289 5678 1490 5806 pour
1573 5678 2057 5806 parachever
2117 5678 2577 5806 l’operation
2707 5678 2755 5806 du

670 5802 911 5925 Cercle
1020 5802 1068 5925 N.
1116 5802 1213 5925 12.
1297 5802 1442 5925 mais
1527 5802 1539 5925 A
1611 5802 2082 5925 LEXANDRE
2142 5802 2202 5925 au
2299 5802 2564 5925 meſme
2612 5802 2781 5925 tẽps

633 5923 1108 6044 rencontrãt
1193 5923 1241 6044 du
1339 5923 1570 6044 foible
1643 5923 1704 6044 de
1764 5923 1862 6044 ſon
1947 5923 2154 6044 eſpee
2202 5923 2251 6044 le
2312 5923 2458 6044 fort
2531 5923 2591 6044 de
2664 5923 2786 6044 cel-

635 6050 687 6179 le
778 6050 830 6179 de
907 6050 946 6179 ſa
1024 6050 1296 6179 partie,
1348 6050 1387 6179 la
1490 6050 2009 6179 deſgraduant
2073 6050 2112 6179 il
2164 6050 2423 6179 plante
2475 6050 2527 6179 le
2618 6050 2786 6179 pied

666 6174 848 6303 droit
909 6174 1176 6303 eſlevé,
1236 6174 1539 6303 voltant
1588 6174 1636 6303 le
1709 6174 2000 6303 gauche
2097 6174 2425 6303 derriere
2485 6174 2776 6303 iceluy,

656 6300 704 6432 en
775 6300 1097 6432 tournãt
1145 6300 1205 6432 le
1276 6300 1455 6432 coſté
1527 6300 1825 6432 gauche
1884 6300 1932 6432 en
2016 6300 2326 6432 dehors,
2421 6300 2421 6432 &
2481 6300 2791 6432 accom-

657 6427 991 6556 pangant
1041 6427 1785 6556 l’eſpeeContraire
1846 6427 1958 6556 par
2020 6427 2305 6556 devant
2355 6427 2454 6556 ſon
2540 6427 2788 6556 corps,

649 6555 908 6685 plante
959 6555 1011 6685 le
1063 6555 1231 6685 pied
1295 6555 1580 6685 gauche
1631 6555 1812 6685 hors
1877 6555 2303 6685 duCercle,
2342 6555 2381 6685 ſe
2445 6555 2807 6685 preparãt

650 6682 837 6811 pour
887 6682 1062 6811 faire
1112 6682 1212 6811 ſon
1300 6682 1487 6811 coup
1562 6682 1862 6811 comme
1912 6682 1949 6811 il
1999 6682 2212 6811 apert
2274 6682 2412 6811 aux
2474 6682 2799 6811 figures.
