<PcGts xmlns="http://schema.primaresearch.org/PAGE/gts/pagecontent/2019-07-15" xmlns:xsi="http://www.w3.org/2001/XMLSchema-instance" xsi:schemaLocation="http://schema.primaresearch.org/PAGE/gts/pagecontent/2019-07-15 http://schema.primaresearch.org/PAGE/gts/pagecontent/2019-07-15/pagecontent.xsd">
  <Metadata>
    <Creator/>
    <Created>2025-03-06T20:14:33</Created>
    <LastChange>2025-03-07T19:35:54</LastChange>
    <Comments/>
  </Metadata>
  <Page imageFilename="0340.png" imageHeight="7640" imageWidth="5520" orientation="0.0">
    <ReadingOrder>
      <OrderedGroup id="g2">
        <RegionRefIndexed index="0" regionRef="r1"/>
        <RegionRefIndexed index="1" regionRef="r9"/>
        <RegionRefIndexed index="2" regionRef="r6"/>
        <RegionRefIndexed index="3" regionRef="r5"/>
        <RegionRefIndexed index="4" regionRef="r8"/>
      </OrderedGroup>
    </ReadingOrder>
    <TextRegion id="r1" orientation="0.5" type="paragraph">
      <Coords points="1575,377 1575,439 1580,444 1628,444 1637,434 1637,429 1642,424 1642,420 1652,410 1656,410 1661,405 1666,405 1671,401 1757,401 1761,396 1943,396 1948,401 1957,401 1962,405 1967,405 1967,420 1972,424 1976,420 2110,420 2115,424 2120,424 2120,496 2124,501 2139,501 2143,506 2143,510 2148,515 2148,582 2143,587 2143,592 2139,596 2077,596 2072,601 1919,601 1914,606 1656,606 1652,601 1652,587 1647,582 1642,582 1637,587 1532,587 1528,592 1337,592 1332,596 1327,596 1322,601 1308,601 1303,606 1302,607 1212,607 1212,606 1208,601 1193,601 1188,596 1184,596 1179,592 1174,592 1169,587 1165,587 1146,568 1146,558 1141,553 1141,544 1136,539 1136,429 1141,424 1141,420 1150,410 1150,405 1155,401 1160,401 1169,391 1193,391 1198,386 1327,386 1332,391 1337,391 1341,386 1341,377 1348,377 1348,441 1493,441 1492,378 1560,379 1560,377"/>
      <TextLine id="r1_l001">
        <Coords points="1722,577 2089,569 2104,547 2095,536 2078,535 2078,467 2067,454 1924,454 1922,440 1901,431 1716,434 1689,448 1676,477 1533,478 1531,413 1509,408 1502,411 1503,476 1308,480 1306,431 1287,423 1261,409 1216,416 1186,428 1173,457 1176,477 1190,538 1208,557 1237,570 1267,572 1294,562 1692,557 1702,577 1722,577"/>
        <Word id="w98560">
          <Coords points="1339,408 1657,408 1657,577 1339,577"/>
          <Glyph id="w98560g0">
            <Coords points="1339,408 1361,408 1361,577 1339,577"/>
            <TextEquiv index="1" conf="0.9999754428863525">
              <Unicode>C</Unicode>
            </TextEquiv>
          </Glyph>
          <Glyph id="w98560g1">
            <Coords points="1430,408 1430,408 1430,577 1430,577"/>
            <TextEquiv index="1" conf="0.9999989867210388">
              <Unicode>e</Unicode>
            </TextEquiv>
          </Glyph>
          <Glyph id="w98560g2">
            <Coords points="1475,408 1475,408 1475,577 1475,577"/>
            <TextEquiv index="1" conf="0.9999856948852539">
              <Unicode>r</Unicode>
            </TextEquiv>
          </Glyph>
          <Glyph id="w98560g3">
            <Coords points="1543,408 1543,408 1543,577 1543,577"/>
            <TextEquiv index="1" conf="0.8748618811368942">
              <Unicode>c</Unicode>
            </TextEquiv>
          </Glyph>
          <Glyph id="w98560g4">
            <Coords points="1589,408 1589,408 1589,577 1589,577"/>
            <TextEquiv index="1" conf="0.9998925179243088">
              <Unicode>l</Unicode>
            </TextEquiv>
          </Glyph>
          <Glyph id="w98560g5">
            <Coords points="1634,408 1657,408 1657,577 1634,577"/>
            <TextEquiv index="1" conf="0.9999943375587463">
              <Unicode>e</Unicode>
            </TextEquiv>
          </Glyph>
          <TextEquiv index="1" conf="0.8747280145718669">
            <Unicode>Cercle</Unicode>
          </TextEquiv>
        </Word>
        <Word id="w98561">
          <Coords points="1885,408 2158,408 2158,577 1885,577"/>
          <Glyph id="w98561g0">
            <Coords points="1885,408 1885,408 1885,577 1885,577"/>
            <TextEquiv index="1" conf="0.46831002831459045">
              <Unicode>N</Unicode>
            </TextEquiv>
          </Glyph>
          <Glyph id="w98561g1">
            <Coords points="2021,408 2021,408 2021,577 2021,577"/>
            <TextEquiv index="1" conf="0.4907338875345886">
              <Unicode>1</Unicode>
            </TextEquiv>
          </Glyph>
          <Glyph id="w98561g2">
            <Coords points="2112,408 2112,408 2112,577 2112,577"/>
            <TextEquiv index="1" conf="0.9878426492214203">
              <Unicode>6</Unicode>
            </TextEquiv>
          </Glyph>
          <Glyph id="w98561g3">
            <Coords points="2158,408 2158,408 2158,577 2158,577"/>
            <TextEquiv index="1" conf="0.9999618828296661">
              <Unicode>.</Unicode>
            </TextEquiv>
          </Glyph>
          <TextEquiv index="1" conf="0.2270129984703722">
            <Unicode>N16.</Unicode>
          </TextEquiv>
        </Word>
        <TextEquiv>
          <Unicode/>
        </TextEquiv>
        <TextEquiv index="1" conf="0.892859444995834">
          <Unicode>Cercle N16.</Unicode>
        </TextEquiv>
      </TextLine>
      <TextEquiv>
        <Unicode/>
      </TextEquiv>
    </TextRegion>
    <ImageRegion id="r2">
      <Coords points="759,2783 759,3805 4732,3805 4732,2783"/>
    </ImageRegion>
    <ImageRegion id="r3">
      <Coords points="2845,2163 2845,2420 4813,2420 4813,2163"/>
    </ImageRegion>
    <ImageRegion id="r4">
      <Coords points="2798,1031 2798,1480 3237,1480 3237,1031"/>
    </ImageRegion>
    <TextRegion id="r5" type="paragraph">
      <Coords points="2793,668 2788,673 2788,811 2802,811 2807,816 2893,816 2898,821 2893,826 2879,826 2869,835 2869,854 2865,859 2865,878 2860,883 2855,883 2855,964 2860,964 2865,969 2974,969 2979,964 2984,964 2989,959 2989,940 2993,935 3156,935 3161,940 3514,940 3519,945 3595,945 3600,950 3600,978 3695,978 3700,974 3705,974 3705,950 3710,945 3781,945 3786,940 3786,869 3781,864 3772,864 3767,859 3767,835 3772,830 3786,830 3791,826 3805,826 3810,821 3815,821 3820,826 3820,845 3839,845 3843,849 3948,849 3948,830 3958,821 3982,821 3987,826 3987,830 4020,830 4025,835 4025,849 4135,849 4135,826 4139,821 4178,821 4182,816 4221,816 4225,821 4225,840 4326,840 4330,835 4330,830 4335,826 4335,821 4340,816 4593,816 4598,821 4598,835 4689,835 4689,821 4693,816 4923,816 4932,806 4932,802 4937,797 4961,797 4961,716 4956,716 4951,711 4946,711 4942,706 4937,706 4932,701 4932,673 4832,673 4832,697 4827,701 4703,701 4698,697 4698,673 4603,673 4603,697 4598,701 4593,697 4593,692 4507,692 4502,687 4502,673 4316,673 4311,668 4221,668 4221,692 4216,697 4120,697 4116,701 4053,701 4053,706 4049,711 4044,706 3972,706 3968,701 3968,682 3963,678 3719,678 3714,682 3671,682 3671,697 3667,701 3633,701 3629,697 3629,673 3528,673 3528,678 3523,682 3452,682 3452,692 3447,697 3409,697 3404,692 3404,673 3304,673 3304,682 3299,687 3299,697 3294,701 3280,701 3275,697 3275,668 3170,668 3156,682 3151,682 3151,692 3146,697 3127,697 3122,692 3122,668 3017,668 3017,678 3013,682 3013,687 3008,692 2936,692 2931,697 2927,697 2922,692 2922,673 2917,668"/>
      <TextLine id="r5_l001">
        <Coords points="2788,811 2802,811 2807,816 2893,816 2898,821 2896,823 3808,823 3810,821 3815,821 3817,823 3955,823 3958,821 3982,821 3984,823 4137,823 4139,821 4178,821 4182,816 4221,816 4225,821 4225,823 4335,823 4335,821 4340,816 4593,816 4598,821 4598,823 4689,823 4689,821 4693,816 4923,816 4924,814 4924,700 4828,700 4827,701 4703,701 4701,700 4599,700 4598,701 4596,700 4117,700 4116,701 4053,701 4053,706 4049,711 4044,706 3972,706 3968,701 3968,700 3668,700 3667,701 3633,701 3632,700 3295,700 3294,701 3280,701 3278,700 2788,700 2788,811"/>
        <Word id="w98562">
          <Coords points="2865,700 3147,700 3147,823 2865,823"/>
          <Glyph id="w98562g0">
            <Coords points="2865,700 2865,700 2865,823 2865,823"/>
            <TextEquiv index="1" conf="0.9978287369012833">
              <Unicode>A</Unicode>
            </TextEquiv>
          </Glyph>
          <Glyph id="w98562g1">
            <Coords points="2889,700 2889,700 2889,823 2889,823"/>
            <TextEquiv index="1" conf="0.9762022495269775">
              <Unicode>l</Unicode>
            </TextEquiv>
          </Glyph>
          <Glyph id="w98562g2">
            <Coords points="2912,700 2912,700 2912,823 2912,823"/>
            <TextEquiv index="1" conf="0.9966764450073242">
              <Unicode>e</Unicode>
            </TextEquiv>
          </Glyph>
          <Glyph id="w98562g3">
            <Coords points="2959,700 2959,700 2959,823 2959,823"/>
            <TextEquiv index="1" conf="0.999999463558197">
              <Unicode>x</Unicode>
            </TextEquiv>
          </Glyph>
          <Glyph id="w98562g4">
            <Coords points="2995,700 3006,700 3006,823 2995,823"/>
            <TextEquiv index="1" conf="0.9994550496339798">
              <Unicode>a</Unicode>
            </TextEquiv>
          </Glyph>
          <Glyph id="w98562g5">
            <Coords points="3030,700 3042,700 3042,823 3030,823"/>
            <TextEquiv index="1" conf="0.9921914637088776">
              <Unicode>n</Unicode>
            </TextEquiv>
          </Glyph>
          <Glyph id="w98562g6">
            <Coords points="3089,700 3089,700 3089,823 3089,823"/>
            <TextEquiv index="1" conf="0.9173722863197327">
              <Unicode>d</Unicode>
            </TextEquiv>
          </Glyph>
          <Glyph id="w98562g7">
            <Coords points="3112,700 3112,700 3112,823 3112,823"/>
            <TextEquiv index="1" conf="0.9989823400974274">
              <Unicode>r</Unicode>
            </TextEquiv>
          </Glyph>
          <Glyph id="w98562g8">
            <Coords points="3147,700 3147,700 3147,823 3147,823"/>
            <TextEquiv index="1" conf="0.9999436885118484">
              <Unicode>e</Unicode>
            </TextEquiv>
          </Glyph>
          <TextEquiv index="1" conf="0.8822415269413306">
            <Unicode>Alexandre</Unicode>
          </TextEquiv>
        </Word>
        <Word id="w98563">
          <Coords points="3194,700 3476,700 3476,823 3194,823"/>
          <Glyph id="w98563g0">
            <Coords points="3194,700 3206,700 3206,823 3194,823"/>
            <TextEquiv index="1" conf="0.9998191744089127">
              <Unicode>e</Unicode>
            </TextEquiv>
          </Glyph>
          <Glyph id="w98563g1">
            <Coords points="3230,700 3230,700 3230,823 3230,823"/>
            <TextEquiv index="1" conf="0.9857757836580276">
              <Unicode>ſ</Unicode>
            </TextEquiv>
          </Glyph>
          <Glyph id="w98563g2">
            <Coords points="3253,700 3253,700 3253,823 3253,823"/>
            <TextEquiv index="1" conf="0.989785760641098">
              <Unicode>t</Unicode>
            </TextEquiv>
          </Glyph>
          <Glyph id="w98563g3">
            <Coords points="3277,700 3288,700 3288,823 3277,823"/>
            <TextEquiv index="1" conf="0.9999982416629791">
              <Unicode>a</Unicode>
            </TextEquiv>
          </Glyph>
          <Glyph id="w98563g4">
            <Coords points="3312,700 3323,700 3323,823 3312,823"/>
            <TextEquiv index="1" conf="0.9998563379049301">
              <Unicode>n</Unicode>
            </TextEquiv>
          </Glyph>
          <Glyph id="w98563g5">
            <Coords points="3370,700 3370,700 3370,823 3370,823"/>
            <TextEquiv index="1" conf="0.9999440312385559">
              <Unicode>d</Unicode>
            </TextEquiv>
          </Glyph>
          <Glyph id="w98563g6">
            <Coords points="3406,700 3406,700 3406,823 3406,823"/>
            <TextEquiv index="1" conf="0.9999953806400299">
              <Unicode>a</Unicode>
            </TextEquiv>
          </Glyph>
          <Glyph id="w98563g7">
            <Coords points="3441,700 3441,700 3441,823 3441,823"/>
            <TextEquiv index="1" conf="0.9998225718736649">
              <Unicode>n</Unicode>
            </TextEquiv>
          </Glyph>
          <Glyph id="w98563g8">
            <Coords points="3476,700 3476,700 3476,823 3476,823"/>
            <TextEquiv index="1" conf="0.9998924285173416">
              <Unicode>t</Unicode>
            </TextEquiv>
          </Glyph>
          <TextEquiv index="1" conf="0.9750514926770578">
            <Unicode>eſtandant</Unicode>
          </TextEquiv>
        </Word>
        <Word id="w98564">
          <Coords points="3523,700 3547,700 3547,823 3523,823"/>
          <Glyph id="w98564g0">
            <Coords points="3523,700 3523,700 3523,823 3523,823"/>
            <TextEquiv index="1" conf="0.999720111489296">
              <Unicode>l</Unicode>
            </TextEquiv>
          </Glyph>
          <Glyph id="w98564g1">
            <Coords points="3547,700 3547,700 3547,823 3547,823"/>
            <TextEquiv index="1" conf="0.9952547401189804">
              <Unicode>e</Unicode>
            </TextEquiv>
          </Glyph>
          <TextEquiv index="1" conf="0.9949761797519974">
            <Unicode>le</Unicode>
          </TextEquiv>
        </Word>
        <Word id="w98565">
          <Coords points="3594,700 3699,700 3699,823 3594,823"/>
          <Glyph id="w98565g0">
            <Coords points="3594,700 3594,700 3594,823 3594,823"/>
            <TextEquiv index="1" conf="0.9972347170114517">
              <Unicode>b</Unicode>
            </TextEquiv>
          </Glyph>
          <Glyph id="w98565g1">
            <Coords points="3629,700 3641,700 3641,823 3629,823"/>
            <TextEquiv index="1" conf="0.9999376833438873">
              <Unicode>r</Unicode>
            </TextEquiv>
          </Glyph>
          <Glyph id="w98565g2">
            <Coords points="3664,700 3676,700 3676,823 3664,823"/>
            <TextEquiv index="1" conf="0.977957084774971">
              <Unicode>a</Unicode>
            </TextEquiv>
          </Glyph>
          <Glyph id="w98565g3">
            <Coords points="3699,700 3699,700 3699,823 3699,823"/>
            <TextEquiv index="1" conf="0.9976417422294617">
              <Unicode>s</Unicode>
            </TextEquiv>
          </Glyph>
          <TextEquiv index="1" conf="0.9728922281244751">
            <Unicode>bras</Unicode>
          </TextEquiv>
        </Word>
        <Word id="w98566">
          <Coords points="3793,700 3793,700 3793,823 3793,823"/>
          <Glyph id="w98566g0">
            <Coords points="3793,700 3793,700 3793,823 3793,823"/>
            <TextEquiv index="1" conf="0.9834114760160446">
              <Unicode>&amp;</Unicode>
            </TextEquiv>
          </Glyph>
          <TextEquiv index="1" conf="0.9834114760160446">
            <Unicode>&amp;</Unicode>
          </TextEquiv>
        </Word>
        <Word id="w98567">
          <Coords points="3840,700 4063,700 4063,823 3840,823"/>
          <Glyph id="w98567g0">
            <Coords points="3840,700 3840,700 3840,823 3840,823"/>
            <TextEquiv index="1" conf="0.9994257688522339">
              <Unicode>l</Unicode>
            </TextEquiv>
          </Glyph>
          <Glyph id="w98567g1">
            <Coords points="3852,700 3864,700 3864,823 3852,823"/>
            <TextEquiv index="1" conf="0.8121983110904694">
              <Unicode>’</Unicode>
            </TextEquiv>
          </Glyph>
          <Glyph id="w98567g2">
            <Coords points="3887,700 3887,700 3887,823 3887,823"/>
            <TextEquiv index="1" conf="0.9999363273382187">
              <Unicode>e</Unicode>
            </TextEquiv>
          </Glyph>
          <Glyph id="w98567g3">
            <Coords points="3911,700 3911,700 3911,823 3911,823"/>
            <TextEquiv index="1" conf="0.9999511539936066">
              <Unicode>ſ</Unicode>
            </TextEquiv>
          </Glyph>
          <Glyph id="w98567g4">
            <Coords points="3946,700 3946,700 3946,823 3946,823"/>
            <TextEquiv index="1" conf="0.9999964237213135">
              <Unicode>p</Unicode>
            </TextEquiv>
          </Glyph>
          <Glyph id="w98567g5">
            <Coords points="3981,700 3981,700 3981,823 3981,823"/>
            <TextEquiv index="1" conf="0.9709002077579498">
              <Unicode>e</Unicode>
            </TextEquiv>
          </Glyph>
          <Glyph id="w98567g6">
            <Coords points="4005,700 4016,700 4016,823 4005,823"/>
            <TextEquiv index="1" conf="0.9963926821947098">
              <Unicode>e</Unicode>
            </TextEquiv>
          </Glyph>
          <Glyph id="w98567g7">
            <Coords points="4063,700 4063,700 4063,823 4063,823"/>
            <TextEquiv index="1" conf="0.99986132979393">
              <Unicode>,</Unicode>
            </TextEquiv>
          </Glyph>
          <TextEquiv index="1" conf="0.7850676820681354">
            <Unicode>l’eſpee,</Unicode>
          </TextEquiv>
        </Word>
        <Word id="w98568">
          <Coords points="4122,700 4263,700 4263,823 4122,823"/>
          <Glyph id="w98568g0">
            <Coords points="4122,700 4134,700 4134,823 4122,823"/>
            <TextEquiv index="1" conf="0.9999998509883881">
              <Unicode>p</Unicode>
            </TextEquiv>
          </Glyph>
          <Glyph id="w98568g1">
            <Coords points="4157,700 4169,700 4169,823 4157,823"/>
            <TextEquiv index="1" conf="0.9998470693826675">
              <Unicode>e</Unicode>
            </TextEquiv>
          </Glyph>
          <Glyph id="w98568g2">
            <Coords points="4193,700 4204,700 4204,823 4193,823"/>
            <TextEquiv index="1" conf="0.999993085861206">
              <Unicode>r</Unicode>
            </TextEquiv>
          </Glyph>
          <Glyph id="w98568g3">
            <Coords points="4228,700 4228,700 4228,823 4228,823"/>
            <TextEquiv index="1" conf="0.9979028105735779">
              <Unicode>c</Unicode>
            </TextEquiv>
          </Glyph>
          <Glyph id="w98568g4">
            <Coords points="4263,700 4263,700 4263,823 4263,823"/>
            <TextEquiv index="1" conf="0.9999173432588577">
              <Unicode>e</Unicode>
            </TextEquiv>
          </Glyph>
          <TextEquiv index="1" conf="0.9976606832244532">
            <Unicode>perce</Unicode>
          </TextEquiv>
        </Word>
        <Word id="w98569">
          <Coords points="4322,700 4381,700 4381,823 4322,823"/>
          <Glyph id="w98569g0">
            <Coords points="4322,700 4322,700 4322,823 4322,823"/>
            <TextEquiv index="1" conf="0.9999207109212875">
              <Unicode>ſ</Unicode>
            </TextEquiv>
          </Glyph>
          <Glyph id="w98569g1">
            <Coords points="4345,700 4345,700 4345,823 4345,823"/>
            <TextEquiv index="1" conf="0.9999573826789856">
              <Unicode>o</Unicode>
            </TextEquiv>
          </Glyph>
          <Glyph id="w98569g2">
            <Coords points="4381,700 4381,700 4381,823 4381,823"/>
            <TextEquiv index="1" conf="0.9999945163726807">
              <Unicode>n</Unicode>
            </TextEquiv>
          </Glyph>
          <TextEquiv index="1" conf="0.9998726140205126">
            <Unicode>ſon</Unicode>
          </TextEquiv>
        </Word>
        <Word id="w98570">
          <Coords points="4463,700 4733,700 4733,823 4463,823"/>
          <Glyph id="w98570g0">
            <Coords points="4463,700 4463,700 4463,823 4463,823"/>
            <TextEquiv index="1" conf="0.9999999701976776">
              <Unicode>C</Unicode>
            </TextEquiv>
          </Glyph>
          <Glyph id="w98570g1">
            <Coords points="4498,700 4498,700 4498,823 4498,823"/>
            <TextEquiv index="1" conf="0.996526449918747">
              <Unicode>o</Unicode>
            </TextEquiv>
          </Glyph>
          <Glyph id="w98570g2">
            <Coords points="4533,700 4533,700 4533,823 4533,823"/>
            <TextEquiv index="1" conf="0.9999815821647644">
              <Unicode>n</Unicode>
            </TextEquiv>
          </Glyph>
          <Glyph id="w98570g3">
            <Coords points="4568,700 4568,700 4568,823 4568,823"/>
            <TextEquiv index="1" conf="0.999993085861206">
              <Unicode>t</Unicode>
            </TextEquiv>
          </Glyph>
          <Glyph id="w98570g4">
            <Coords points="4604,700 4604,700 4604,823 4604,823"/>
            <TextEquiv index="1" conf="1.0">
              <Unicode>r</Unicode>
            </TextEquiv>
          </Glyph>
          <Glyph id="w98570g5">
            <Coords points="4639,700 4639,700 4639,823 4639,823"/>
            <TextEquiv index="1" conf="0.9999990165233612">
              <Unicode>a</Unicode>
            </TextEquiv>
          </Glyph>
          <Glyph id="w98570g6">
            <Coords points="4662,700 4674,700 4674,823 4662,823"/>
            <TextEquiv index="1" conf="0.9999490678310394">
              <Unicode>i</Unicode>
            </TextEquiv>
          </Glyph>
          <Glyph id="w98570g7">
            <Coords points="4698,700 4698,700 4698,823 4698,823"/>
            <TextEquiv index="1" conf="1.0">
              <Unicode>r</Unicode>
            </TextEquiv>
          </Glyph>
          <Glyph id="w98570g8">
            <Coords points="4721,700 4733,700 4733,823 4721,823"/>
            <TextEquiv index="1" conf="0.9999783337116241">
              <Unicode>e</Unicode>
            </TextEquiv>
          </Glyph>
          <TextEquiv index="1" conf="0.9964278530524813">
            <Unicode>Contraire</Unicode>
          </TextEquiv>
        </Word>
        <Word id="w98571">
          <Coords points="4792,700 4827,700 4827,823 4792,823"/>
          <Glyph id="w98571g0">
            <Coords points="4792,700 4792,700 4792,823 4792,823"/>
            <TextEquiv index="1" conf="0.9999325573444366">
              <Unicode>e</Unicode>
            </TextEquiv>
          </Glyph>
          <Glyph id="w98571g1">
            <Coords points="4815,700 4827,700 4827,823 4815,823"/>
            <TextEquiv index="1" conf="0.9994309395551682">
              <Unicode>n</Unicode>
            </TextEquiv>
          </Glyph>
          <TextEquiv index="1" conf="0.9993635352785524">
            <Unicode>en</Unicode>
          </TextEquiv>
        </Word>
        <Word id="w98572">
          <Coords points="4874,700 4933,700 4933,823 4874,823"/>
          <Glyph id="w98572g0">
            <Coords points="4874,700 4874,700 4874,823 4874,823"/>
            <TextEquiv index="1" conf="0.999999463558197">
              <Unicode>r</Unicode>
            </TextEquiv>
          </Glyph>
          <Glyph id="w98572g1">
            <Coords points="4897,700 4897,700 4897,823 4897,823"/>
            <TextEquiv index="1" conf="0.9887439459562302">
              <Unicode>i</Unicode>
            </TextEquiv>
          </Glyph>
          <Glyph id="w98572g2">
            <Coords points="4933,700 4933,700 4933,823 4933,823"/>
            <TextEquiv index="1" conf="0.9376474022865295">
              <Unicode>-</Unicode>
            </TextEquiv>
          </Glyph>
          <TextEquiv index="1" conf="0.9270926951208482">
            <Unicode>ri-</Unicode>
          </TextEquiv>
        </Word>
        <TextEquiv>
          <Unicode/>
        </TextEquiv>
        <TextEquiv index="1" conf="0.9910743837937332">
          <Unicode>Alexandre eſtandant le bras &amp; l’eſpee, perce ſon Contraire en ri-</Unicode>
        </TextEquiv>
      </TextLine>
      <TextLine id="r5_l002">
        <Coords points="2989,940 2993,935 3156,935 3161,940 3514,940 3519,945 3595,945 3598,948 3707,948 3710,945 3745,945 3745,838 2898,838 2898,948 2989,948 2989,940"/>
        <Word id="w98573">
          <Coords points="2951,838 3061,838 3061,948 2951,948"/>
          <Glyph id="w98573g0">
            <Coords points="2951,838 2961,838 2961,948 2951,948"/>
            <TextEquiv index="1" conf="0.9999891221523285">
              <Unicode>g</Unicode>
            </TextEquiv>
          </Glyph>
          <Glyph id="w98573g1">
            <Coords points="2981,838 2991,838 2991,948 2981,948"/>
            <TextEquiv index="1" conf="0.9997274428606033">
              <Unicode>e</Unicode>
            </TextEquiv>
          </Glyph>
          <Glyph id="w98573g2">
            <Coords points="3021,838 3021,838 3021,948 3021,948"/>
            <TextEquiv index="1" conf="0.9997951090335846">
              <Unicode>u</Unicode>
            </TextEquiv>
          </Glyph>
          <Glyph id="w98573g3">
            <Coords points="3061,838 3061,838 3061,948 3061,948"/>
            <TextEquiv index="1" conf="0.9999922513961792">
              <Unicode>r</Unicode>
            </TextEquiv>
          </Glyph>
          <TextEquiv index="1" conf="0.999503990263563">
            <Unicode>geur</Unicode>
          </TextEquiv>
        </Word>
        <Word id="w98574">
          <Coords points="3131,838 3171,838 3171,948 3131,948"/>
          <Glyph id="w98574g0">
            <Coords points="3131,838 3131,838 3131,948 3131,948"/>
            <TextEquiv index="1" conf="0.9997262507677078">
              <Unicode>a</Unicode>
            </TextEquiv>
          </Glyph>
          <Glyph id="w98574g1">
            <Coords points="3171,838 3171,838 3171,948 3171,948"/>
            <TextEquiv index="1" conf="0.9993954300880432">
              <Unicode>u</Unicode>
            </TextEquiv>
          </Glyph>
          <TextEquiv index="1" conf="0.9991218463563003">
            <Unicode>au</Unicode>
          </TextEquiv>
        </Word>
        <Word id="w98575">
          <Coords points="3231,838 3450,838 3450,948 3231,948"/>
          <Glyph id="w98575g0">
            <Coords points="3231,838 3241,838 3241,948 3231,948"/>
            <TextEquiv index="1" conf="0.9999085813760757">
              <Unicode>t</Unicode>
            </TextEquiv>
          </Glyph>
          <Glyph id="w98575g1">
            <Coords points="3261,838 3271,838 3271,948 3261,948"/>
            <TextEquiv index="1" conf="0.9995830953121185">
              <Unicode>r</Unicode>
            </TextEquiv>
          </Glyph>
          <Glyph id="w98575g2">
            <Coords points="3301,838 3301,838 3301,948 3301,948"/>
            <TextEquiv index="1" conf="0.886630932490031">
              <Unicode>a</Unicode>
            </TextEquiv>
          </Glyph>
          <Glyph id="w98575g3">
            <Coords points="3341,838 3341,838 3341,948 3341,948"/>
            <TextEquiv index="1" conf="0.9979293048381805">
              <Unicode>v</Unicode>
            </TextEquiv>
          </Glyph>
          <Glyph id="w98575g4">
            <Coords points="3381,838 3381,838 3381,948 3381,948"/>
            <TextEquiv index="1" conf="0.9999984204769135">
              <Unicode>e</Unicode>
            </TextEquiv>
          </Glyph>
          <Glyph id="w98575g5">
            <Coords points="3410,838 3410,838 3410,948 3410,948"/>
            <TextEquiv index="1" conf="1.0">
              <Unicode>r</Unicode>
            </TextEquiv>
          </Glyph>
          <Glyph id="w98575g6">
            <Coords points="3440,838 3450,838 3450,948 3440,948"/>
            <TextEquiv index="1" conf="0.9991240054368973">
              <Unicode>s</Unicode>
            </TextEquiv>
          </Glyph>
          <TextEquiv index="1" conf="0.8835691846487559">
            <Unicode>travers</Unicode>
          </TextEquiv>
        </Word>
        <Word id="w98576">
          <Coords points="3510,838 3540,838 3540,948 3510,948"/>
          <Glyph id="w98576g0">
            <Coords points="3510,838 3510,838 3510,948 3510,948"/>
            <TextEquiv index="1" conf="0.9999695420265198">
              <Unicode>d</Unicode>
            </TextEquiv>
          </Glyph>
          <Glyph id="w98576g1">
            <Coords points="3540,838 3540,838 3540,948 3540,948"/>
            <TextEquiv index="1" conf="0.9984379410743713">
              <Unicode>u</Unicode>
            </TextEquiv>
          </Glyph>
          <TextEquiv index="1" conf="0.9984075306780404">
            <Unicode>du</Unicode>
          </TextEquiv>
        </Word>
        <Word id="w98577">
          <Coords points="3590,838 3750,838 3750,948 3590,948"/>
          <Glyph id="w98577g0">
            <Coords points="3590,838 3590,838 3590,948 3590,948"/>
            <TextEquiv index="1" conf="0.9994628131389618">
              <Unicode>c</Unicode>
            </TextEquiv>
          </Glyph>
          <Glyph id="w98577g1">
            <Coords points="3620,838 3630,838 3630,948 3620,948"/>
            <TextEquiv index="1" conf="0.9796512573957443">
              <Unicode>o</Unicode>
            </TextEquiv>
          </Glyph>
          <Glyph id="w98577g2">
            <Coords points="3650,838 3660,838 3660,948 3650,948"/>
            <TextEquiv index="1" conf="0.8883999139070511">
              <Unicode>r</Unicode>
            </TextEquiv>
          </Glyph>
          <Glyph id="w98577g3">
            <Coords points="3690,838 3690,838 3690,948 3690,948"/>
            <TextEquiv index="1" conf="0.9999992251396179">
              <Unicode>p</Unicode>
            </TextEquiv>
          </Glyph>
          <Glyph id="w98577g4">
            <Coords points="3730,838 3730,838 3730,948 3730,948"/>
            <TextEquiv index="1" conf="0.999924898147583">
              <Unicode>s</Unicode>
            </TextEquiv>
          </Glyph>
          <Glyph id="w98577g5">
            <Coords points="3750,838 3750,838 3750,948 3750,948"/>
            <TextEquiv index="1" conf="0.9996435046195984">
              <Unicode>.</Unicode>
            </TextEquiv>
          </Glyph>
          <TextEquiv index="1" conf="0.86947848987616">
            <Unicode>corps.</Unicode>
          </TextEquiv>
        </Word>
        <TextEquiv>
          <Unicode/>
        </TextEquiv>
        <TextEquiv index="1" conf="0.9898777590195337">
          <Unicode>geur au travers du corps.</Unicode>
        </TextEquiv>
      </TextLine>
      <TextEquiv>
        <Unicode/>
      </TextEquiv>
    </TextRegion>
    <TextRegion id="r6" type="paragraph">
      <Coords points="3466,391 3461,396 3409,396 3399,405 3380,405 3380,420 3375,424 3366,424 3366,429 3361,434 3361,544 3366,549 3366,558 3371,563 3371,573 3390,592 3395,592 3399,596 3404,596 3409,601 3414,601 3418,606 3757,606 3762,601 3767,606 3858,606 3862,601 3867,601 3872,606 3872,615 3877,620 4192,620 4197,615 4330,615 4330,611 4335,606 4335,530 4330,525 4330,520 4321,520 4316,515 4316,448 4268,448 4264,444 4187,444 4182,439 4182,429 4178,424 4178,420 4173,420 4168,415 4159,415 4154,410 3944,410 3939,415 3905,415 3896,424 3891,424 3891,448 3886,453 3862,453 3858,458 3805,458 3800,453 3800,391 3695,391 3691,396 3691,453 3686,458 3595,458 3590,463 3586,463 3581,458 3581,405 3576,401 3571,401 3566,396 3562,396 3557,391"/>
      <TextLine id="r6_l001">
        <Coords points="3891,448 3858,458 3805,458 3800,442 3758,442 3756,425 3744,424 3732,439 3691,439 3686,458 3586,463 3581,439 3537,422 3468,423 3417,444 3407,488 3405,514 3412,540 3430,557 3475,578 3913,578 3923,591 3943,593 4270,587 4284,586 4290,575 4289,561 4274,553 4270,479 4144,473 4133,453 4100,442 3891,442 3891,448"/>
        <Word id="w98578">
          <Coords points="3571,422 3890,422 3890,593 3571,593"/>
          <Glyph id="w98578g0">
            <Coords points="3571,422 3593,422 3593,593 3571,593"/>
            <TextEquiv index="1" conf="0.9999999105930328">
              <Unicode>C</Unicode>
            </TextEquiv>
          </Glyph>
          <Glyph id="w98578g1">
            <Coords points="3639,422 3639,422 3639,593 3639,593"/>
            <TextEquiv index="1" conf="0.9999985992908478">
              <Unicode>e</Unicode>
            </TextEquiv>
          </Glyph>
          <Glyph id="w98578g2">
            <Coords points="3707,422 3707,422 3707,593 3707,593"/>
            <TextEquiv index="1" conf="0.9999909102916718">
              <Unicode>r</Unicode>
            </TextEquiv>
          </Glyph>
          <Glyph id="w98578g3">
            <Coords points="3776,422 3776,422 3776,593 3776,593"/>
            <TextEquiv index="1" conf="0.9999848008155823">
              <Unicode>c</Unicode>
            </TextEquiv>
          </Glyph>
          <Glyph id="w98578g4">
            <Coords points="3821,422 3821,422 3821,593 3821,593"/>
            <TextEquiv index="1" conf="0.9998933374881744">
              <Unicode>l</Unicode>
            </TextEquiv>
          </Glyph>
          <Glyph id="w98578g5">
            <Coords points="3867,422 3890,422 3890,593 3867,593"/>
            <TextEquiv index="1" conf="0.9999914467334747">
              <Unicode>e</Unicode>
            </TextEquiv>
          </Glyph>
          <TextEquiv index="1" conf="0.9998590092696761">
            <Unicode>Cercle</Unicode>
          </TextEquiv>
        </Word>
        <Word id="w98579">
          <Coords points="4072,422 4231,422 4231,593 4072,593"/>
          <Glyph id="w98579g0">
            <Coords points="4072,422 4163,422 4163,593 4072,593"/>
            <TextEquiv index="1" conf="0.8879459897677104">
              <Unicode>N</Unicode>
            </TextEquiv>
          </Glyph>
          <Glyph id="w98579g1">
            <Coords points="4163,422 4186,422 4186,593 4163,593"/>
            <TextEquiv index="1" conf="0.9724243084589641">
              <Unicode>.</Unicode>
            </TextEquiv>
          </Glyph>
          <Glyph id="w98579g2">
            <Coords points="4231,422 4231,422 4231,593 4231,593"/>
            <TextEquiv index="1" conf="0.9904123544692993">
              <Unicode>1</Unicode>
            </TextEquiv>
          </Glyph>
          <TextEquiv index="1" conf="0.8551817140976438">
            <Unicode>N.1</Unicode>
          </TextEquiv>
        </Word>
        <TextEquiv>
          <Unicode/>
        </TextEquiv>
        <TextEquiv index="1" conf="0.9850453307231268">
          <Unicode>Cercle N.1</Unicode>
        </TextEquiv>
      </TextLine>
      <TextEquiv>
        <Unicode/>
      </TextEquiv>
    </TextRegion>
    <ImageRegion id="r7">
      <Coords points="558,1289 558,1728 1002,1728 1002,1289"/>
    </ImageRegion>
    <TextRegion id="r8" orientation="0.375" type="paragraph">
      <Coords points="3719,1002 3714,1007 3705,1007 3700,1012 3691,1012 3681,1021 3681,1031 3676,1036 3619,1036 3614,1031 3614,1012 3609,1007 3495,1007 3490,1012 3490,1017 3485,1021 3485,1031 3480,1036 3356,1036 3352,1031 3352,1007 3208,1007 3204,1012 3204,1026 3237,1026 3242,1031 3242,1270 3275,1270 3280,1274 3275,1279 3242,1279 3242,1480 3237,1485 3204,1485 3204,1489 3199,1494 3194,1494 3189,1499 3165,1499 3161,1504 3156,1504 3151,1499 3056,1499 3051,1504 3051,1528 3046,1532 2788,1532 2788,1771 2993,1771 2998,1776 2993,1781 2788,1781 2788,2019 3213,2019 3218,2015 3242,2015 3247,2019 3247,2048 3342,2048 3347,2043 3361,2043 3361,2019 3366,2015 3619,2015 3624,2019 3624,2038 3629,2043 3753,2043 3762,2034 3762,2015 3767,2010 3796,2010 3800,2015 3953,2015 3958,2010 3996,2010 3996,1943 3991,1938 3991,1933 3968,1933 3963,1929 3963,1905 3958,1900 3953,1900 3948,1895 3953,1890 4096,1890 4101,1895 4101,1919 4116,1919 4120,1924 4211,1924 4211,1900 4216,1895 4221,1900 4221,1910 4311,1910 4321,1900 4321,1895 4326,1890 4369,1890 4373,1895 4908,1895 4913,1890 4956,1890 4961,1886 4961,1852 4966,1847 4966,1781 4961,1776 4951,1776 4946,1771 4946,1757 4942,1752 4946,1747 4966,1747 4966,1671 4927,1671 4923,1666 4923,1652 4927,1647 4946,1647 4951,1642 4956,1642 4966,1633 4966,1566 4961,1561 4961,1518 4956,1513 4961,1508 4961,1413 4951,1403 4903,1403 4899,1399 4903,1394 4956,1394 4956,1365 4966,1356 4966,1284 4961,1279 4956,1279 4951,1274 4956,1270 4961,1270 4961,1160 4956,1155 4946,1155 4942,1150 4923,1150 4918,1146 4927,1136 4961,1136 4961,1131 4966,1126 4966,1050 4927,1050 4923,1045 4923,1040 4913,1031 4679,1031 4674,1026 4674,1002 4584,1002 4579,1007 4474,1007 4474,1031 4469,1036 4407,1036 4402,1031 4402,1007 4268,1007 4249,1026 4249,1031 4244,1036 4240,1031 4240,1007 4130,1007 4130,1031 4120,1040 4116,1040 4111,1036 4101,1036 4096,1031 4077,1031 4073,1026 4073,1017 4068,1012 3839,1012 3834,1007 3820,1007 3815,1002"/>
      <TextLine id="r8_l001">
        <Coords points="3676,1036 3619,1036 3618,1035 3245,1038 3246,1160 4921,1149 4918,1146 4921,1141 4921,1038 4913,1031 4679,1031 4676,1028 4474,1029 4474,1031 4469,1036 4407,1036 4402,1031 4402,1030 4248,1031 4244,1036 4240,1031 4128,1032 4120,1040 4116,1040 4111,1036 4101,1036 4097,1032 3676,1035 3676,1036"/>
        <Word id="w98580">
          <Coords points="3334,1028 3453,1028 3453,1160 3334,1160"/>
          <Glyph id="w98580g0">
            <Coords points="3334,1028 3334,1028 3334,1160 3334,1160"/>
            <TextEquiv index="1" conf="0.9999958276748657">
              <Unicode>E</Unicode>
            </TextEquiv>
          </Glyph>
          <Glyph id="w98580g1">
            <Coords points="3387,1028 3387,1028 3387,1160 3387,1160"/>
            <TextEquiv index="1" conf="0.9999997615814209">
              <Unicode>c</Unicode>
            </TextEquiv>
          </Glyph>
          <Glyph id="w98580g2">
            <Coords points="3440,1028 3453,1028 3453,1160 3440,1160"/>
            <TextEquiv index="1" conf="0.9999958872795105">
              <Unicode>y</Unicode>
            </TextEquiv>
          </Glyph>
          <TextEquiv index="1" conf="0.999991476554932">
            <Unicode>Ecy</Unicode>
          </TextEquiv>
        </Word>
        <Word id="w98581">
          <Coords points="3519,1028 3612,1028 3612,1160 3519,1160"/>
          <Glyph id="w98581g0">
            <Coords points="3519,1028 3532,1028 3532,1160 3519,1160"/>
            <TextEquiv index="1" conf="0.9999876916408539">
              <Unicode>e</Unicode>
            </TextEquiv>
          </Glyph>
          <Glyph id="w98581g1">
            <Coords points="3572,1028 3572,1028 3572,1160 3572,1160"/>
            <TextEquiv index="1" conf="0.9999772906303406">
              <Unicode>ſ</Unicode>
            </TextEquiv>
          </Glyph>
          <Glyph id="w98581g2">
            <Coords points="3612,1028 3612,1028 3612,1160 3612,1160"/>
            <TextEquiv index="1" conf="0.9999576210975647">
              <Unicode>t</Unicode>
            </TextEquiv>
          </Glyph>
          <TextEquiv index="1" conf="0.9999226051322753">
            <Unicode>eſt</Unicode>
          </TextEquiv>
        </Word>
        <Word id="w98582">
          <Coords points="3664,1028 3823,1028 3823,1160 3664,1160"/>
          <Glyph id="w98582g0">
            <Coords points="3664,1028 3664,1028 3664,1160 3664,1160"/>
            <TextEquiv index="1" conf="0.9999997615814209">
              <Unicode>a</Unicode>
            </TextEquiv>
          </Glyph>
          <Glyph id="w98582g1">
            <Coords points="3704,1028 3717,1028 3717,1160 3704,1160"/>
            <TextEquiv index="1" conf="0.9999989569187164">
              <Unicode>u</Unicode>
            </TextEquiv>
          </Glyph>
          <Glyph id="w98582g2">
            <Coords points="3757,1028 3770,1028 3770,1160 3757,1160"/>
            <TextEquiv index="1" conf="0.9997642189264297">
              <Unicode>ſ</Unicode>
            </TextEquiv>
          </Glyph>
          <Glyph id="w98582g3">
            <Coords points="3796,1028 3796,1028 3796,1160 3796,1160"/>
            <TextEquiv index="1" conf="0.9998228996992111">
              <Unicode>ſ</Unicode>
            </TextEquiv>
          </Glyph>
          <Glyph id="w98582g4">
            <Coords points="3823,1028 3823,1028 3823,1160 3823,1160"/>
            <TextEquiv index="1" conf="0.9981338381767273">
              <Unicode>i</Unicode>
            </TextEquiv>
          </Glyph>
          <TextEquiv index="1" conf="0.9977204904047386">
            <Unicode>auſſi</Unicode>
          </TextEquiv>
        </Word>
        <Word id="w98583">
          <Coords points="3862,1028 3902,1028 3902,1160 3862,1160"/>
          <Glyph id="w98583g0">
            <Coords points="3862,1028 3862,1028 3862,1160 3862,1160"/>
            <TextEquiv index="1" conf="0.9999870657920837">
              <Unicode>l</Unicode>
            </TextEquiv>
          </Glyph>
          <Glyph id="w98583g1">
            <Coords points="3902,1028 3902,1028 3902,1160 3902,1160"/>
            <TextEquiv index="1" conf="0.9999997913837433">
              <Unicode>a</Unicode>
            </TextEquiv>
          </Glyph>
          <TextEquiv index="1" conf="0.9999868571785253">
            <Unicode>la</Unicode>
          </TextEquiv>
        </Word>
        <Word id="w98584">
          <Coords points="3955,1028 4140,1028 4140,1160 3955,1160"/>
          <Glyph id="w98584g0">
            <Coords points="3955,1028 3968,1028 3968,1160 3955,1160"/>
            <TextEquiv index="1" conf="0.9987858980894089">
              <Unicode>ſ</Unicode>
            </TextEquiv>
          </Glyph>
          <Glyph id="w98584g1">
            <Coords points="3995,1028 3995,1028 3995,1160 3995,1160"/>
            <TextEquiv index="1" conf="0.9999975264072418">
              <Unicode>u</Unicode>
            </TextEquiv>
          </Glyph>
          <Glyph id="w98584g2">
            <Coords points="4047,1028 4047,1028 4047,1160 4047,1160"/>
            <TextEquiv index="1" conf="0.999985933303833">
              <Unicode>i</Unicode>
            </TextEquiv>
          </Glyph>
          <Glyph id="w98584g3">
            <Coords points="4087,1028 4087,1028 4087,1160 4087,1160"/>
            <TextEquiv index="1" conf="0.999991238117218">
              <Unicode>t</Unicode>
            </TextEquiv>
          </Glyph>
          <Glyph id="w98584g4">
            <Coords points="4140,1028 4140,1028 4140,1160 4140,1160"/>
            <TextEquiv index="1" conf="0.9999992251396179">
              <Unicode>e</Unicode>
            </TextEquiv>
          </Glyph>
          <TextEquiv index="1" conf="0.9987598529165765">
            <Unicode>ſuite</Unicode>
          </TextEquiv>
        </Word>
        <Word id="w98585">
          <Coords points="4219,1028 4259,1028 4259,1160 4219,1160"/>
          <Glyph id="w98585g0">
            <Coords points="4219,1028 4219,1028 4219,1160 4219,1160"/>
            <TextEquiv index="1" conf="1.0">
              <Unicode>d</Unicode>
            </TextEquiv>
          </Glyph>
          <Glyph id="w98585g1">
            <Coords points="4259,1028 4259,1028 4259,1160 4259,1160"/>
            <TextEquiv index="1" conf="0.9999958276748657">
              <Unicode>u</Unicode>
            </TextEquiv>
          </Glyph>
          <TextEquiv index="1" conf="0.9999958276748657">
            <Unicode>du</Unicode>
          </TextEquiv>
        </Word>
        <Word id="w98586">
          <Coords points="4378,1028 4615,1028 4615,1160 4378,1160"/>
          <Glyph id="w98586g0">
            <Coords points="4378,1028 4378,1028 4378,1160 4378,1160"/>
            <TextEquiv index="1" conf="1.0">
              <Unicode>C</Unicode>
            </TextEquiv>
          </Glyph>
          <Glyph id="w98586g1">
            <Coords points="4430,1028 4430,1028 4430,1160 4430,1160"/>
            <TextEquiv index="1" conf="0.9999996721744537">
              <Unicode>e</Unicode>
            </TextEquiv>
          </Glyph>
          <Glyph id="w98586g2">
            <Coords points="4470,1028 4483,1028 4483,1160 4470,1160"/>
            <TextEquiv index="1" conf="0.9999993741512299">
              <Unicode>r</Unicode>
            </TextEquiv>
          </Glyph>
          <Glyph id="w98586g3">
            <Coords points="4523,1028 4523,1028 4523,1160 4523,1160"/>
            <TextEquiv index="1" conf="0.9999969899654388">
              <Unicode>c</Unicode>
            </TextEquiv>
          </Glyph>
          <Glyph id="w98586g4">
            <Coords points="4563,1028 4563,1028 4563,1160 4563,1160"/>
            <TextEquiv index="1" conf="0.9999940991401672">
              <Unicode>l</Unicode>
            </TextEquiv>
          </Glyph>
          <Glyph id="w98586g5">
            <Coords points="4602,1028 4615,1028 4615,1160 4602,1160"/>
            <TextEquiv index="1" conf="0.9999965727329254">
              <Unicode>e</Unicode>
            </TextEquiv>
          </Glyph>
          <TextEquiv index="1" conf="0.9999867082244885">
            <Unicode>Cercle</Unicode>
          </TextEquiv>
        </Word>
        <Word id="w98587">
          <Coords points="4681,1028 4946,1028 4946,1160 4681,1160"/>
          <Glyph id="w98587g0">
            <Coords points="4681,1028 4695,1028 4695,1160 4681,1160"/>
            <TextEquiv index="1" conf="0.9999996721744537">
              <Unicode>p</Unicode>
            </TextEquiv>
          </Glyph>
          <Glyph id="w98587g1">
            <Coords points="4747,1028 4747,1028 4747,1160 4747,1160"/>
            <TextEquiv index="1" conf="0.999999612569809">
              <Unicode>r</Unicode>
            </TextEquiv>
          </Glyph>
          <Glyph id="w98587g2">
            <Coords points="4787,1028 4800,1028 4800,1160 4787,1160"/>
            <TextEquiv index="1" conf="0.9999119490385056">
              <Unicode>e</Unicode>
            </TextEquiv>
          </Glyph>
          <Glyph id="w98587g3">
            <Coords points="4840,1028 4853,1028 4853,1160 4840,1160"/>
            <TextEquiv index="1" conf="0.9999986886978149">
              <Unicode>c</Unicode>
            </TextEquiv>
          </Glyph>
          <Glyph id="w98587g4">
            <Coords points="4893,1028 4906,1028 4906,1160 4893,1160"/>
            <TextEquiv index="1" conf="0.999999076128006">
              <Unicode>e</Unicode>
            </TextEquiv>
          </Glyph>
          <Glyph id="w98587g5">
            <Coords points="4946,1028 4946,1028 4946,1160 4946,1160"/>
            <TextEquiv index="1" conf="0.999992311000824">
              <Unicode>-</Unicode>
            </TextEquiv>
          </Glyph>
          <TextEquiv index="1" conf="0.999901310571846">
            <Unicode>prece-</Unicode>
          </TextEquiv>
        </Word>
        <TextEquiv>
          <Unicode/>
        </TextEquiv>
        <TextEquiv index="1" conf="0.9993910216368161">
          <Unicode>Ecy eſt auſſi la ſuite du Cercle prece-</Unicode>
        </TextEquiv>
      </TextLine>
      <TextLine id="r8_l002">
        <Coords points="3275,1270 3280,1274 3275,1279 3247,1279 3248,1286 4919,1275 4918,1150 3247,1161 3247,1270 3275,1270"/>
        <Word id="w98588">
          <Coords points="3311,1150 3471,1150 3471,1286 3311,1286"/>
          <Glyph id="w98588g0">
            <Coords points="3311,1150 3322,1150 3322,1286 3311,1286"/>
            <TextEquiv index="1" conf="0.9999997615814209">
              <Unicode>d</Unicode>
            </TextEquiv>
          </Glyph>
          <Glyph id="w98588g1">
            <Coords points="3368,1150 3368,1150 3368,1286 3368,1286"/>
            <TextEquiv index="1" conf="1.0">
              <Unicode>e</Unicode>
            </TextEquiv>
          </Glyph>
          <Glyph id="w98588g2">
            <Coords points="3402,1150 3414,1150 3414,1286 3402,1286"/>
            <TextEquiv index="1" conf="0.9999999105930328">
              <Unicode>n</Unicode>
            </TextEquiv>
          </Glyph>
          <Glyph id="w98588g3">
            <Coords points="3471,1150 3471,1150 3471,1286 3471,1286"/>
            <TextEquiv index="1" conf="0.9999953508377075">
              <Unicode>t</Unicode>
            </TextEquiv>
          </Glyph>
          <TextEquiv index="1" conf="0.9999950230137067">
            <Unicode>dent</Unicode>
          </TextEquiv>
        </Word>
        <Word id="w98589">
          <Coords points="3608,1150 3643,1150 3643,1286 3608,1286"/>
          <Glyph id="w98589g0">
            <Coords points="3608,1150 3608,1150 3608,1286 3608,1286"/>
            <TextEquiv index="1" conf="1.0">
              <Unicode>N</Unicode>
            </TextEquiv>
          </Glyph>
          <Glyph id="w98589g1">
            <Coords points="3643,1150 3643,1150 3643,1286 3643,1286"/>
            <TextEquiv index="1" conf="0.999992698431015">
              <Unicode>.</Unicode>
            </TextEquiv>
          </Glyph>
          <TextEquiv index="1" conf="0.999992698431015">
            <Unicode>N.</Unicode>
          </TextEquiv>
        </Word>
        <Word id="w98590">
          <Coords points="3700,1150 3792,1150 3792,1286 3700,1286"/>
          <Glyph id="w98590g0">
            <Coords points="3700,1150 3700,1150 3700,1286 3700,1286"/>
            <TextEquiv index="1" conf="0.9999769032001495">
              <Unicode>1</Unicode>
            </TextEquiv>
          </Glyph>
          <Glyph id="w98590g1">
            <Coords points="3746,1150 3757,1150 3757,1286 3746,1286"/>
            <TextEquiv index="1" conf="0.9999929368495941">
              <Unicode>6</Unicode>
            </TextEquiv>
          </Glyph>
          <Glyph id="w98590g2">
            <Coords points="3780,1150 3792,1150 3792,1286 3780,1286"/>
            <TextEquiv index="1" conf="0.9999508261680603">
              <Unicode>.</Unicode>
            </TextEquiv>
          </Glyph>
          <TextEquiv index="1" conf="0.9999206678640125">
            <Unicode>16.</Unicode>
          </TextEquiv>
        </Word>
        <Word id="w98591">
          <Coords points="3929,1150 4479,1150 4479,1286 3929,1286"/>
          <Glyph id="w98591g0">
            <Coords points="3929,1150 3941,1150 3941,1286 3929,1286"/>
            <TextEquiv index="1" conf="0.9999994933605194">
              <Unicode>A</Unicode>
            </TextEquiv>
          </Glyph>
          <Glyph id="w98591g1">
            <Coords points="4009,1150 4009,1150 4009,1286 4009,1286"/>
            <TextEquiv index="1" conf="0.9999662637710571">
              <Unicode>L</Unicode>
            </TextEquiv>
          </Glyph>
          <Glyph id="w98591g2">
            <Coords points="4067,1150 4067,1150 4067,1286 4067,1286"/>
            <TextEquiv index="1" conf="0.999992698431015">
              <Unicode>E</Unicode>
            </TextEquiv>
          </Glyph>
          <Glyph id="w98591g3">
            <Coords points="4135,1150 4135,1150 4135,1286 4135,1286"/>
            <TextEquiv index="1" conf="0.999998927116394">
              <Unicode>X</Unicode>
            </TextEquiv>
          </Glyph>
          <Glyph id="w98591g4">
            <Coords points="4193,1150 4204,1150 4204,1286 4193,1286"/>
            <TextEquiv index="1" conf="0.9999994933605194">
              <Unicode>A</Unicode>
            </TextEquiv>
          </Glyph>
          <Glyph id="w98591g5">
            <Coords points="4284,1150 4284,1150 4284,1286 4284,1286"/>
            <TextEquiv index="1" conf="1.0">
              <Unicode>N</Unicode>
            </TextEquiv>
          </Glyph>
          <Glyph id="w98591g6">
            <Coords points="4342,1150 4353,1150 4353,1286 4342,1286"/>
            <TextEquiv index="1" conf="0.9999881088733673">
              <Unicode>D</Unicode>
            </TextEquiv>
          </Glyph>
          <Glyph id="w98591g7">
            <Coords points="4410,1150 4422,1150 4422,1286 4410,1286"/>
            <TextEquiv index="1" conf="0.9999993145465851">
              <Unicode>R</Unicode>
            </TextEquiv>
          </Glyph>
          <Glyph id="w98591g8">
            <Coords points="4479,1150 4479,1150 4479,1286 4479,1286"/>
            <TextEquiv index="1" conf="0.9997307062149048">
              <Unicode>E</Unicode>
            </TextEquiv>
          </Glyph>
          <TextEquiv index="1" conf="0.9996750215577139">
            <Unicode>ALEXANDRE</Unicode>
          </TextEquiv>
        </Word>
        <Word id="w98592">
          <Coords points="4536,1150 4926,1150 4926,1286 4536,1286"/>
          <Glyph id="w98592g0">
            <Coords points="4536,1150 4548,1150 4548,1286 4536,1286"/>
            <TextEquiv index="1" conf="0.9999995827674866">
              <Unicode>a</Unicode>
            </TextEquiv>
          </Glyph>
          <Glyph id="w98592g1">
            <Coords points="4605,1150 4605,1150 4605,1286 4605,1286"/>
            <TextEquiv index="1" conf="0.9998721778392792">
              <Unicode>v</Unicode>
            </TextEquiv>
          </Glyph>
          <Glyph id="w98592g2">
            <Coords points="4651,1150 4662,1150 4662,1286 4651,1286"/>
            <TextEquiv index="1" conf="1.0">
              <Unicode>a</Unicode>
            </TextEquiv>
          </Glyph>
          <Glyph id="w98592g3">
            <Coords points="4697,1150 4697,1150 4697,1286 4697,1286"/>
            <TextEquiv index="1" conf="0.9999965727329254">
              <Unicode>n</Unicode>
            </TextEquiv>
          </Glyph>
          <Glyph id="w98592g4">
            <Coords points="4777,1150 4777,1150 4777,1286 4777,1286"/>
            <TextEquiv index="1" conf="0.9999082684516907">
              <Unicode>ç</Unicode>
            </TextEquiv>
          </Glyph>
          <Glyph id="w98592g5">
            <Coords points="4811,1150 4823,1150 4823,1286 4811,1286"/>
            <TextEquiv index="1" conf="0.999999612569809">
              <Unicode>a</Unicode>
            </TextEquiv>
          </Glyph>
          <Glyph id="w98592g6">
            <Coords points="4857,1150 4868,1150 4868,1286 4857,1286"/>
            <TextEquiv index="1" conf="0.9999980628490448">
              <Unicode>n</Unicode>
            </TextEquiv>
          </Glyph>
          <Glyph id="w98592g7">
            <Coords points="4926,1150 4926,1150 4926,1286 4926,1286"/>
            <TextEquiv index="1" conf="0.999979704618454">
              <Unicode>t</Unicode>
            </TextEquiv>
          </Glyph>
          <TextEquiv index="1" conf="0.9997539995003658">
            <Unicode>avançant</Unicode>
          </TextEquiv>
        </Word>
        <TextEquiv>
          <Unicode/>
        </TextEquiv>
        <TextEquiv index="1" conf="0.9997963791092237">
          <Unicode>dent N. 16. ALEXANDRE avançant</Unicode>
        </TextEquiv>
      </TextLine>
      <TextLine id="r8_l003">
        <Coords points="4493,1402 4494,1401 4500,1401 4504,1396 4504,1370 4505,1370 4546,1370 4546,1369 4559,1369 4560,1368 4686,1367 4687,1368 4688,1368 4689,1369 4733,1368 4735,1369 4747,1369 4747,1368 4749,1368 4750,1367 4864,1367 4865,1367 4865,1369 4866,1370 4867,1371 4869,1371 4869,1370 4869,1366 4869,1365 4909,1365 4911,1364 4911,1331 4911,1330 4913,1330 4914,1329 4915,1329 4920,1325 4920,1323 4921,1322 4921,1319 4920,1318 4920,1317 4916,1313 4915,1313 4914,1312 4863,1313 4862,1312 4829,1312 4829,1311 4828,1287 4826,1285 4825,1285 4823,1283 4814,1283 4812,1285 4811,1285 4809,1287 4808,1287 4807,1288 4805,1288 4803,1290 4802,1290 4800,1291 4801,1292 4800,1293 4800,1294 4799,1295 4799,1296 4798,1297 4798,1298 4796,1300 4796,1304 4795,1305 4795,1306 4794,1307 4689,1308 4683,1314 4560,1315 4560,1314 4559,1290 4558,1289 4557,1289 4556,1288 4553,1288 4552,1289 4551,1289 4550,1290 4547,1290 4546,1291 4542,1291 4540,1293 4540,1314 4539,1315 4402,1316 4402,1315 4401,1290 4349,1290 4348,1289 4346,1289 4345,1290 4344,1290 4343,1291 4338,1291 4337,1292 4336,1292 4335,1293 4312,1293 4311,1294 4310,1294 4309,1296 4309,1297 4308,1298 4308,1318 4307,1318 4143,1319 4142,1292 4141,1290 4140,1290 4139,1289 4042,1290 4041,1289 4041,1288 4039,1289 4040,1316 4039,1317 3874,1318 3873,1289 3872,1288 3872,1287 3871,1285 3865,1285 3864,1286 3863,1286 3862,1287 3854,1287 3853,1288 3851,1288 3849,1290 3749,1291 3748,1292 3747,1292 3746,1293 3745,1293 3742,1295 3743,1313 3742,1314 3602,1315 3602,1314 3601,1290 3599,1288 3597,1288 3596,1287 3592,1287 3591,1288 3590,1288 3589,1289 3588,1289 3587,1290 3584,1290 3581,1292 3582,1313 3581,1314 3398,1315 3397,1314 3391,1314 3390,1313 3337,1314 3336,1313 3311,1313 3310,1314 3273,1314 3272,1315 3268,1315 3267,1316 3265,1316 3264,1317 3261,1317 3259,1319 3258,1319 3256,1321 3255,1321 3253,1324 3253,1325 3252,1326 3252,1327 3250,1329 3250,1330 3249,1331 3249,1333 3248,1334 3248,1335 3246,1337 3246,1343 3248,1345 3248,1349 3249,1350 3249,1351 3250,1352 3250,1353 3251,1354 3251,1356 3252,1357 3252,1360 3255,1363 3256,1363 3257,1364 3258,1364 3259,1365 3260,1365 3262,1367 3430,1366 3431,1367 3438,1367 3439,1368 3533,1367 3534,1368 3677,1367 3678,1368 3678,1396 3681,1398 3685,1398 3686,1399 3697,1399 3698,1398 3704,1398 3705,1397 3705,1372 3705,1371 3896,1370 3897,1370 3897,1393 3905,1401 3906,1401 3907,1402 3911,1402 3912,1403 3914,1403 3915,1404 3924,1404 3925,1403 3928,1403 3929,1402 3932,1402 3933,1401 3935,1401 3936,1400 3937,1400 3938,1399 3939,1399 3940,1398 3941,1398 3943,1396 3944,1396 3946,1393 3946,1392 3949,1389 3949,1384 3950,1383 3950,1372 3951,1372 4083,1371 4085,1372 4087,1372 4088,1373 4197,1372 4198,1373 4200,1373 4201,1374 4205,1374 4206,1375 4246,1375 4246,1386 4247,1387 4253,1387 4254,1386 4255,1386 4256,1385 4257,1385 4258,1384 4260,1383 4263,1380 4263,1379 4264,1378 4264,1377 4265,1376 4265,1373 4266,1372 4424,1371 4425,1372 4427,1372 4428,1373 4478,1373 4478,1374 4478,1399 4480,1400 4481,1400 4482,1401 4485,1401 4486,1402 4493,1402"/>
        <Word id="w98593">
          <Coords points="3304,1283 3577,1283 3577,1404 3304,1404"/>
          <Glyph id="w98593g0">
            <Coords points="3304,1283 3316,1283 3316,1404 3304,1404"/>
            <TextEquiv index="1" conf="0.9999998509883881">
              <Unicode>e</Unicode>
            </TextEquiv>
          </Glyph>
          <Glyph id="w98593g1">
            <Coords points="3341,1283 3354,1283 3354,1404 3341,1404"/>
            <TextEquiv index="1" conf="1.0">
              <Unicode>n</Unicode>
            </TextEquiv>
          </Glyph>
          <Glyph id="w98593g2">
            <Coords points="3416,1283 3416,1283 3416,1404 3416,1404"/>
            <TextEquiv index="1" conf="0.9999998509883881">
              <Unicode>c</Unicode>
            </TextEquiv>
          </Glyph>
          <Glyph id="w98593g3">
            <Coords points="3465,1283 3478,1283 3478,1404 3465,1404"/>
            <TextEquiv index="1" conf="0.9999788403511047">
              <Unicode>o</Unicode>
            </TextEquiv>
          </Glyph>
          <Glyph id="w98593g4">
            <Coords points="3527,1283 3527,1283 3527,1404 3527,1404"/>
            <TextEquiv index="1" conf="0.9999999403953552">
              <Unicode>r</Unicode>
            </TextEquiv>
          </Glyph>
          <Glyph id="w98593g5">
            <Coords points="3577,1283 3577,1283 3577,1404 3577,1404"/>
            <TextEquiv index="1" conf="0.9999998807907104">
              <Unicode>e</Unicode>
            </TextEquiv>
          </Glyph>
          <TextEquiv index="1" conf="0.9999783635241188">
            <Unicode>encore</Unicode>
          </TextEquiv>
        </Word>
        <Word id="w98594">
          <Coords points="3627,1283 3676,1283 3676,1404 3627,1404"/>
          <Glyph id="w98594g0">
            <Coords points="3627,1283 3627,1283 3627,1404 3627,1404"/>
            <TextEquiv index="1" conf="0.9999967217445374">
              <Unicode>l</Unicode>
            </TextEquiv>
          </Glyph>
          <Glyph id="w98594g1">
            <Coords points="3664,1283 3676,1283 3676,1404 3664,1404"/>
            <TextEquiv index="1" conf="0.9999911189079285">
              <Unicode>e</Unicode>
            </TextEquiv>
          </Glyph>
          <TextEquiv index="1" conf="0.9999878406815803">
            <Unicode>le</Unicode>
          </TextEquiv>
        </Word>
        <Word id="w98595">
          <Coords points="3726,1283 3900,1283 3900,1404 3726,1404"/>
          <Glyph id="w98595g0">
            <Coords points="3726,1283 3739,1283 3739,1404 3726,1404"/>
            <TextEquiv index="1" conf="1.0">
              <Unicode>p</Unicode>
            </TextEquiv>
          </Glyph>
          <Glyph id="w98595g1">
            <Coords points="3776,1283 3788,1283 3788,1404 3776,1404"/>
            <TextEquiv index="1" conf="0.9999944269657135">
              <Unicode>i</Unicode>
            </TextEquiv>
          </Glyph>
          <Glyph id="w98595g2">
            <Coords points="3825,1283 3825,1283 3825,1404 3825,1404"/>
            <TextEquiv index="1" conf="0.9999960362911224">
              <Unicode>e</Unicode>
            </TextEquiv>
          </Glyph>
          <Glyph id="w98595g3">
            <Coords points="3887,1283 3900,1283 3900,1404 3887,1404"/>
            <TextEquiv index="1" conf="0.9999879896640778">
              <Unicode>d</Unicode>
            </TextEquiv>
          </Glyph>
          <TextEquiv index="1" conf="0.9999784530575428">
            <Unicode>pied</Unicode>
          </TextEquiv>
        </Word>
        <Word id="w98596">
          <Coords points="3962,1283 4285,1283 4285,1404 3962,1404"/>
          <Glyph id="w98596g0">
            <Coords points="3962,1283 3974,1283 3974,1404 3962,1404"/>
            <TextEquiv index="1" conf="1.0">
              <Unicode>g</Unicode>
            </TextEquiv>
          </Glyph>
          <Glyph id="w98596g1">
            <Coords points="3999,1283 4012,1283 4012,1404 3999,1404"/>
            <TextEquiv index="1" conf="0.9999998807907104">
              <Unicode>a</Unicode>
            </TextEquiv>
          </Glyph>
          <Glyph id="w98596g2">
            <Coords points="4049,1283 4061,1283 4061,1404 4049,1404"/>
            <TextEquiv index="1" conf="0.9999351501464844">
              <Unicode>u</Unicode>
            </TextEquiv>
          </Glyph>
          <Glyph id="w98596g3">
            <Coords points="4123,1283 4123,1283 4123,1404 4123,1404"/>
            <TextEquiv index="1" conf="0.9999993443489075">
              <Unicode>c</Unicode>
            </TextEquiv>
          </Glyph>
          <Glyph id="w98596g4">
            <Coords points="4161,1283 4173,1283 4173,1404 4161,1404"/>
            <TextEquiv index="1" conf="1.0">
              <Unicode>h</Unicode>
            </TextEquiv>
          </Glyph>
          <Glyph id="w98596g5">
            <Coords points="4235,1283 4248,1283 4248,1404 4235,1404"/>
            <TextEquiv index="1" conf="0.9999312609434128">
              <Unicode>e</Unicode>
            </TextEquiv>
          </Glyph>
          <Glyph id="w98596g6">
            <Coords points="4285,1283 4285,1283 4285,1404 4285,1404"/>
            <TextEquiv index="1" conf="0.9999837279319763">
              <Unicode>,</Unicode>
            </TextEquiv>
          </Glyph>
          <TextEquiv index="1" conf="0.9998493709090988">
            <Unicode>gauche,</Unicode>
          </TextEquiv>
        </Word>
        <Word id="w98597">
          <Coords points="4334,1283 4372,1283 4372,1404 4334,1404"/>
          <Glyph id="w98597g0">
            <Coords points="4334,1283 4347,1283 4347,1404 4334,1404"/>
            <TextEquiv index="1" conf="0.9999908804893494">
              <Unicode>i</Unicode>
            </TextEquiv>
          </Glyph>
          <Glyph id="w98597g1">
            <Coords points="4372,1283 4372,1283 4372,1404 4372,1404"/>
            <TextEquiv index="1" conf="0.9999960660934448">
              <Unicode>l</Unicode>
            </TextEquiv>
          </Glyph>
          <TextEquiv index="1" conf="0.9999869466186695">
            <Unicode>il</Unicode>
          </TextEquiv>
        </Word>
        <Word id="w98598">
          <Coords points="4421,1283 4471,1283 4471,1404 4421,1404"/>
          <Glyph id="w98598g0">
            <Coords points="4421,1283 4421,1283 4421,1404 4421,1404"/>
            <TextEquiv index="1" conf="0.9999958276748657">
              <Unicode>l</Unicode>
            </TextEquiv>
          </Glyph>
          <Glyph id="w98598g1">
            <Coords points="4471,1283 4471,1283 4471,1404 4471,1404"/>
            <TextEquiv index="1" conf="0.9999983012676239">
              <Unicode>e</Unicode>
            </TextEquiv>
          </Glyph>
          <TextEquiv index="1" conf="0.9999941289495773">
            <Unicode>le</Unicode>
          </TextEquiv>
        </Word>
        <Word id="w98599">
          <Coords points="4521,1283 4781,1283 4781,1404 4521,1404"/>
          <Glyph id="w98599g0">
            <Coords points="4521,1283 4545,1283 4545,1404 4521,1404"/>
            <TextEquiv index="1" conf="1.0">
              <Unicode>p</Unicode>
            </TextEquiv>
          </Glyph>
          <Glyph id="w98599g1">
            <Coords points="4583,1283 4583,1283 4583,1404 4583,1404"/>
            <TextEquiv index="1" conf="0.9999995529651642">
              <Unicode>l</Unicode>
            </TextEquiv>
          </Glyph>
          <Glyph id="w98599g2">
            <Coords points="4608,1283 4620,1283 4620,1404 4608,1404"/>
            <TextEquiv index="1" conf="0.9999999701976776">
              <Unicode>a</Unicode>
            </TextEquiv>
          </Glyph>
          <Glyph id="w98599g3">
            <Coords points="4657,1283 4670,1283 4670,1404 4657,1404"/>
            <TextEquiv index="1" conf="0.9999995529651642">
              <Unicode>n</Unicode>
            </TextEquiv>
          </Glyph>
          <Glyph id="w98599g4">
            <Coords points="4719,1283 4732,1283 4732,1404 4719,1404"/>
            <TextEquiv index="1" conf="0.9999991953372955">
              <Unicode>t</Unicode>
            </TextEquiv>
          </Glyph>
          <Glyph id="w98599g5">
            <Coords points="4769,1283 4781,1283 4781,1404 4769,1404"/>
            <TextEquiv index="1" conf="0.999987006187439">
              <Unicode>e</Unicode>
            </TextEquiv>
          </Glyph>
          <TextEquiv index="1" conf="0.9999852776761706">
            <Unicode>plante</Unicode>
          </TextEquiv>
        </Word>
        <Word id="w98600">
          <Coords points="4831,1283 4930,1283 4930,1404 4831,1404"/>
          <Glyph id="w98600g0">
            <Coords points="4831,1283 4831,1283 4831,1404 4831,1404"/>
            <TextEquiv index="1" conf="0.9999436736106873">
              <Unicode>ſ</Unicode>
            </TextEquiv>
          </Glyph>
          <Glyph id="w98600g1">
            <Coords points="4868,1283 4868,1283 4868,1404 4868,1404"/>
            <TextEquiv index="1" conf="1.0">
              <Unicode>u</Unicode>
            </TextEquiv>
          </Glyph>
          <Glyph id="w98600g2">
            <Coords points="4930,1283 4930,1283 4930,1404 4930,1404"/>
            <TextEquiv index="1" conf="0.9999993145465851">
              <Unicode>r</Unicode>
            </TextEquiv>
          </Glyph>
          <TextEquiv index="1" conf="0.9999429881958815">
            <Unicode>ſur</Unicode>
          </TextEquiv>
        </Word>
        <TextEquiv>
          <Unicode/>
        </TextEquiv>
        <TextEquiv index="1" conf="0.9971441832872537">
          <Unicode>encore le pied gauche, il le plante ſur</Unicode>
        </TextEquiv>
      </TextLine>
      <TextLine id="r8_l004">
        <Coords points="4394,1508 4395,1507 4395,1497 4490,1496 4491,1495 4587,1494 4588,1493 4626,1493 4627,1492 4889,1490 4890,1491 4898,1491 4899,1490 4900,1490 4901,1489 4903,1489 4904,1488 4905,1488 4910,1483 4911,1483 4915,1480 4916,1479 4916,1478 4917,1477 4917,1450 4916,1449 4916,1448 4915,1447 4915,1446 4913,1445 4913,1442 4910,1439 4910,1438 4908,1438 4907,1437 4904,1437 4903,1436 4858,1437 4857,1436 4857,1409 4856,1408 4855,1408 4854,1407 4852,1407 4851,1408 4850,1408 4849,1409 4846,1409 4845,1410 4844,1410 4843,1411 4841,1411 4840,1412 4839,1412 4837,1413 4837,1430 4837,1431 4792,1431 4791,1432 4791,1433 4788,1436 4694,1437 4692,1439 4605,1439 4604,1439 4604,1419 4603,1418 4603,1417 4602,1415 4601,1415 4600,1414 4572,1414 4570,1412 4567,1412 4566,1413 4559,1414 4558,1415 4557,1415 4553,1418 4553,1440 4553,1441 4316,1442 4315,1442 4315,1437 4314,1436 4314,1431 4313,1430 4313,1429 4308,1424 4308,1423 4307,1421 4306,1421 4305,1420 4304,1420 4303,1419 4299,1419 4298,1418 4296,1418 4295,1417 4285,1417 4284,1416 4274,1416 4273,1417 4257,1418 4256,1419 4255,1419 4253,1420 4253,1421 4252,1422 4252,1439 4252,1440 4117,1440 4115,1439 4115,1438 4113,1435 4075,1436 4074,1435 3996,1435 3995,1435 3995,1417 3993,1414 3902,1415 3900,1413 3834,1413 3832,1412 3832,1411 3831,1409 3827,1409 3826,1410 3825,1410 3823,1412 3823,1413 3822,1414 3822,1437 3686,1438 3685,1438 3685,1437 3684,1436 3684,1435 3683,1434 3683,1433 3683,1432 3682,1432 3681,1431 3680,1431 3677,1434 3677,1435 3676,1436 3470,1438 3469,1437 3469,1416 3466,1413 3465,1413 3464,1412 3462,1412 3461,1413 3264,1414 3263,1414 3263,1411 3263,1410 3262,1410 3261,1409 3258,1409 3257,1410 3255,1410 3254,1411 3252,1411 3251,1412 3246,1412 3245,1413 3246,1482 3245,1482 3244,1482 3244,1483 3244,1485 3245,1486 3245,1488 3246,1489 3291,1489 3292,1490 3294,1490 3295,1491 3371,1490 3372,1489 3417,1489 3493,1489 3494,1490 3507,1489 3508,1490 3511,1490 3512,1489 3633,1489 3635,1491 3672,1490 3673,1491 3673,1508 3674,1509 3675,1509 3677,1508 3677,1492 3677,1491 3771,1491 3772,1492 3850,1491 3851,1492 3884,1492 3885,1493 3975,1492 3976,1493 3982,1493 3983,1494 4022,1494 4023,1495 4108,1494 4109,1495 4116,1495 4117,1496 4200,1496 4201,1497 4327,1496 4328,1497 4341,1497 4342,1497 4342,1504 4343,1506 4344,1506 4345,1507 4391,1507 4392,1508 4394,1508"/>
        <Word id="w98601">
          <Coords points="3287,1407 3334,1407 3334,1509 3287,1509"/>
          <Glyph id="w98601g0">
            <Coords points="3287,1407 3287,1407 3287,1509 3287,1509"/>
            <TextEquiv index="1" conf="0.9999826848506927">
              <Unicode>l</Unicode>
            </TextEquiv>
          </Glyph>
          <Glyph id="w98601g1">
            <Coords points="3334,1407 3334,1407 3334,1509 3334,1509"/>
            <TextEquiv index="1" conf="0.9999993145465851">
              <Unicode>e</Unicode>
            </TextEquiv>
          </Glyph>
          <TextEquiv index="1" conf="0.9999819994091466">
            <Unicode>le</Unicode>
          </TextEquiv>
        </Word>
        <Word id="w98602">
          <Coords points="3441,1407 3810,1407 3810,1509 3441,1509"/>
          <Glyph id="w98602g0">
            <Coords points="3441,1407 3453,1407 3453,1509 3441,1509"/>
            <TextEquiv index="1" conf="1.0">
              <Unicode>D</Unicode>
            </TextEquiv>
          </Glyph>
          <Glyph id="w98602g1">
            <Coords points="3489,1407 3489,1407 3489,1509 3489,1509"/>
            <TextEquiv index="1" conf="0.9999977648258209">
              <Unicode>i</Unicode>
            </TextEquiv>
          </Glyph>
          <Glyph id="w98602g2">
            <Coords points="3524,1407 3536,1407 3536,1509 3524,1509"/>
            <TextEquiv index="1" conf="1.0">
              <Unicode>a</Unicode>
            </TextEquiv>
          </Glyph>
          <Glyph id="w98602g3">
            <Coords points="3608,1407 3608,1407 3608,1509 3608,1509"/>
            <TextEquiv index="1" conf="1.0">
              <Unicode>m</Unicode>
            </TextEquiv>
          </Glyph>
          <Glyph id="w98602g4">
            <Coords points="3679,1407 3679,1407 3679,1509 3679,1509"/>
            <TextEquiv index="1" conf="0.9999977946281433">
              <Unicode>e</Unicode>
            </TextEquiv>
          </Glyph>
          <Glyph id="w98602g5">
            <Coords points="3715,1407 3715,1407 3715,1509 3715,1509"/>
            <TextEquiv index="1" conf="0.9999894797801971">
              <Unicode>t</Unicode>
            </TextEquiv>
          </Glyph>
          <Glyph id="w98602g6">
            <Coords points="3762,1407 3762,1407 3762,1509 3762,1509"/>
            <TextEquiv index="1" conf="0.9999999701976776">
              <Unicode>r</Unicode>
            </TextEquiv>
          </Glyph>
          <Glyph id="w98602g7">
            <Coords points="3810,1407 3810,1407 3810,1509 3810,1509"/>
            <TextEquiv index="1" conf="0.9999998807907104">
              <Unicode>e</Unicode>
            </TextEquiv>
          </Glyph>
          <TextEquiv index="1" conf="0.9999848902764272">
            <Unicode>Diametre</Unicode>
          </TextEquiv>
        </Word>
        <Word id="w98603">
          <Coords points="3869,1407 3881,1407 3881,1509 3869,1509"/>
          <Glyph id="w98603g0">
            <Coords points="3869,1407 3881,1407 3881,1509 3869,1509"/>
            <TextEquiv index="1" conf="0.9999999105930328">
              <Unicode>à</Unicode>
            </TextEquiv>
          </Glyph>
          <TextEquiv index="1" conf="0.9999999105930328">
            <Unicode>à</Unicode>
          </TextEquiv>
        </Word>
        <Word id="w98604">
          <Coords points="3928,1407 3964,1407 3964,1509 3928,1509"/>
          <Glyph id="w98604g0">
            <Coords points="3928,1407 3928,1407 3928,1509 3928,1509"/>
            <TextEquiv index="1" conf="0.9999994039535522">
              <Unicode>l</Unicode>
            </TextEquiv>
          </Glyph>
          <Glyph id="w98604g1">
            <Coords points="3964,1407 3964,1407 3964,1509 3964,1509"/>
            <TextEquiv index="1" conf="0.9999999701976776">
              <Unicode>a</Unicode>
            </TextEquiv>
          </Glyph>
          <TextEquiv index="1" conf="0.9999993741512476">
            <Unicode>la</Unicode>
          </TextEquiv>
        </Word>
        <Word id="w98605">
          <Coords points="4011,1407 4249,1407 4249,1509 4011,1509"/>
          <Glyph id="w98605g0">
            <Coords points="4011,1407 4023,1407 4023,1509 4011,1509"/>
            <TextEquiv index="1" conf="0.9997028261423111">
              <Unicode>l</Unicode>
            </TextEquiv>
          </Glyph>
          <Glyph id="w98605g1">
            <Coords points="4059,1407 4071,1407 4071,1509 4059,1509"/>
            <TextEquiv index="1" conf="0.999993234872818">
              <Unicode>e</Unicode>
            </TextEquiv>
          </Glyph>
          <Glyph id="w98605g2">
            <Coords points="4106,1407 4106,1407 4106,1509 4106,1509"/>
            <TextEquiv index="1" conf="0.9999932646751404">
              <Unicode>t</Unicode>
            </TextEquiv>
          </Glyph>
          <Glyph id="w98605g3">
            <Coords points="4142,1407 4154,1407 4154,1509 4142,1509"/>
            <TextEquiv index="1" conf="0.9999784529209137">
              <Unicode>t</Unicode>
            </TextEquiv>
          </Glyph>
          <Glyph id="w98605g4">
            <Coords points="4190,1407 4190,1407 4190,1509 4190,1509"/>
            <TextEquiv index="1" conf="0.9999998807907104">
              <Unicode>r</Unicode>
            </TextEquiv>
          </Glyph>
          <Glyph id="w98605g5">
            <Coords points="4237,1407 4249,1407 4249,1509 4237,1509"/>
            <TextEquiv index="1" conf="0.9999783337116241">
              <Unicode>e</Unicode>
            </TextEquiv>
          </Glyph>
          <TextEquiv index="1" conf="0.9996460111050435">
            <Unicode>lettre</Unicode>
          </TextEquiv>
        </Word>
        <Word id="w98606">
          <Coords points="4332,1407 4380,1407 4380,1509 4332,1509"/>
          <Glyph id="w98606g0">
            <Coords points="4332,1407 4344,1407 4344,1509 4332,1509"/>
            <TextEquiv index="1" conf="0.9999009519815445">
              <Unicode>R</Unicode>
            </TextEquiv>
          </Glyph>
          <Glyph id="w98606g1">
            <Coords points="4380,1407 4380,1407 4380,1509 4380,1509"/>
            <TextEquiv index="1" conf="0.9999979734420776">
              <Unicode>,</Unicode>
            </TextEquiv>
          </Glyph>
          <TextEquiv index="1" conf="0.9998989256243487">
            <Unicode>R,</Unicode>
          </TextEquiv>
        </Word>
        <Word id="w98607">
          <Coords points="4439,1407 4831,1407 4831,1509 4439,1509"/>
          <Glyph id="w98607g0">
            <Coords points="4439,1407 4451,1407 4451,1509 4439,1509"/>
            <TextEquiv index="1" conf="0.9999210238456726">
              <Unicode>e</Unicode>
            </TextEquiv>
          </Glyph>
          <Glyph id="w98607g1">
            <Coords points="4487,1407 4487,1407 4487,1509 4487,1509"/>
            <TextEquiv index="1" conf="0.9999999403953552">
              <Unicode>n</Unicode>
            </TextEquiv>
          </Glyph>
          <Glyph id="w98607g2">
            <Coords points="4558,1407 4558,1407 4558,1509 4558,1509"/>
            <TextEquiv index="1" conf="0.9999992847442627">
              <Unicode>c</Unicode>
            </TextEquiv>
          </Glyph>
          <Glyph id="w98607g3">
            <Coords points="4594,1407 4594,1407 4594,1509 4594,1509"/>
            <TextEquiv index="1" conf="0.9999949634075165">
              <Unicode>l</Unicode>
            </TextEquiv>
          </Glyph>
          <Glyph id="w98607g4">
            <Coords points="4617,1407 4629,1407 4629,1509 4617,1509"/>
            <TextEquiv index="1" conf="0.9999965727329254">
              <Unicode>i</Unicode>
            </TextEquiv>
          </Glyph>
          <Glyph id="w98607g5">
            <Coords points="4653,1407 4665,1407 4665,1509 4653,1509"/>
            <TextEquiv index="1" conf="0.9999993741512299">
              <Unicode>n</Unicode>
            </TextEquiv>
          </Glyph>
          <Glyph id="w98607g6">
            <Coords points="4724,1407 4724,1407 4724,1509 4724,1509"/>
            <TextEquiv index="1" conf="1.0">
              <Unicode>a</Unicode>
            </TextEquiv>
          </Glyph>
          <Glyph id="w98607g7">
            <Coords points="4772,1407 4772,1407 4772,1509 4772,1509"/>
            <TextEquiv index="1" conf="0.9999999701976776">
              <Unicode>n</Unicode>
            </TextEquiv>
          </Glyph>
          <Glyph id="w98607g8">
            <Coords points="4831,1407 4831,1407 4831,1509 4831,1509"/>
            <TextEquiv index="1" conf="0.9999940097332001">
              <Unicode>t</Unicode>
            </TextEquiv>
          </Glyph>
          <TextEquiv index="1" conf="0.999905140551549">
            <Unicode>enclinant</Unicode>
          </TextEquiv>
        </Word>
        <Word id="w98608">
          <Coords points="4879,1407 4938,1407 4938,1509 4879,1509"/>
          <Glyph id="w98608g0">
            <Coords points="4879,1407 4879,1407 4879,1509 4879,1509"/>
            <TextEquiv index="1" conf="0.9999851584434509">
              <Unicode>l</Unicode>
            </TextEquiv>
          </Glyph>
          <Glyph id="w98608g1">
            <Coords points="4926,1407 4938,1407 4938,1509 4926,1509"/>
            <TextEquiv index="1" conf="0.999994158744812">
              <Unicode>e</Unicode>
            </TextEquiv>
          </Glyph>
          <TextEquiv index="1" conf="0.9999793172749563">
            <Unicode>le</Unicode>
          </TextEquiv>
        </Word>
        <TextEquiv>
          <Unicode/>
        </TextEquiv>
        <TextEquiv index="1" conf="0.9999408760131934">
          <Unicode>le Diametre à la lettre R, enclinant le</Unicode>
        </TextEquiv>
      </TextLine>
      <TextLine id="r8_l005">
        <Coords points="3046,1532 2790,1532 2790,1651 4921,1637 4920,1517 3049,1529 3046,1532"/>
        <Word id="w98609">
          <Coords points="2845,1517 3058,1517 3058,1651 2845,1651"/>
          <Glyph id="w98609g0">
            <Coords points="2845,1517 2845,1517 2845,1651 2845,1651"/>
            <TextEquiv index="1" conf="0.9999993443489075">
              <Unicode>c</Unicode>
            </TextEquiv>
          </Glyph>
          <Glyph id="w98609g1">
            <Coords points="2892,1517 2904,1517 2904,1651 2892,1651"/>
            <TextEquiv index="1" conf="0.9999988675117493">
              <Unicode>o</Unicode>
            </TextEquiv>
          </Glyph>
          <Glyph id="w98609g2">
            <Coords points="2951,1517 2951,1517 2951,1651 2951,1651"/>
            <TextEquiv index="1" conf="0.9999994933605194">
              <Unicode>r</Unicode>
            </TextEquiv>
          </Glyph>
          <Glyph id="w98609g3">
            <Coords points="2987,1517 2999,1517 2999,1651 2987,1651"/>
            <TextEquiv index="1" conf="1.0">
              <Unicode>p</Unicode>
            </TextEquiv>
          </Glyph>
          <Glyph id="w98609g4">
            <Coords points="3046,1517 3058,1517 3058,1651 3046,1651"/>
            <TextEquiv index="1" conf="0.9999981224536896">
              <Unicode>s</Unicode>
            </TextEquiv>
          </Glyph>
          <TextEquiv index="1" conf="0.9999958276808227">
            <Unicode>corps</Unicode>
          </TextEquiv>
        </Word>
        <Word id="w98610">
          <Coords points="3129,1517 3413,1517 3413,1651 3129,1651"/>
          <Glyph id="w98610g0">
            <Coords points="3129,1517 3141,1517 3141,1651 3129,1651"/>
            <TextEquiv index="1" conf="0.9999997019767761">
              <Unicode>d</Unicode>
            </TextEquiv>
          </Glyph>
          <Glyph id="w98610g1">
            <Coords points="3176,1517 3188,1517 3188,1651 3176,1651"/>
            <TextEquiv index="1" conf="0.9999996721744537">
              <Unicode>e</Unicode>
            </TextEquiv>
          </Glyph>
          <Glyph id="w98610g2">
            <Coords points="3224,1517 3224,1517 3224,1651 3224,1651"/>
            <TextEquiv index="1" conf="0.9999957382678986">
              <Unicode>ſ</Unicode>
            </TextEquiv>
          </Glyph>
          <Glyph id="w98610g3">
            <Coords points="3259,1517 3259,1517 3259,1651 3259,1651"/>
            <TextEquiv index="1" conf="0.9999971389770508">
              <Unicode>ſ</Unicode>
            </TextEquiv>
          </Glyph>
          <Glyph id="w98610g4">
            <Coords points="3295,1517 3295,1517 3295,1651 3295,1651"/>
            <TextEquiv index="1" conf="0.999998927116394">
              <Unicode>u</Unicode>
            </TextEquiv>
          </Glyph>
          <Glyph id="w98610g5">
            <Coords points="3354,1517 3366,1517 3366,1651 3354,1651"/>
            <TextEquiv index="1" conf="0.9999985694885254">
              <Unicode>s</Unicode>
            </TextEquiv>
          </Glyph>
          <Glyph id="w98610g6">
            <Coords points="3413,1517 3413,1517 3413,1651 3413,1651"/>
            <TextEquiv index="1" conf="0.9999471008777618">
              <Unicode>,</Unicode>
            </TextEquiv>
          </Glyph>
          <TextEquiv index="1" conf="0.9999368494588612">
            <Unicode>deſſus,</Unicode>
          </TextEquiv>
        </Word>
        <Word id="w98611">
          <Coords points="3460,1517 3780,1517 3780,1651 3460,1651"/>
          <Glyph id="w98611g0">
            <Coords points="3460,1517 3484,1517 3484,1651 3460,1651"/>
            <TextEquiv index="1" conf="1.0">
              <Unicode>p</Unicode>
            </TextEquiv>
          </Glyph>
          <Glyph id="w98611g1">
            <Coords points="3531,1517 3543,1517 3543,1651 3531,1651"/>
            <TextEquiv index="1" conf="0.9999931156635284">
              <Unicode>o</Unicode>
            </TextEquiv>
          </Glyph>
          <Glyph id="w98611g2">
            <Coords points="3579,1517 3591,1517 3591,1651 3579,1651"/>
            <TextEquiv index="1" conf="0.9999999105930328">
              <Unicode>r</Unicode>
            </TextEquiv>
          </Glyph>
          <Glyph id="w98611g3">
            <Coords points="3626,1517 3626,1517 3626,1651 3626,1651"/>
            <TextEquiv index="1" conf="0.9999987185001373">
              <Unicode>t</Unicode>
            </TextEquiv>
          </Glyph>
          <Glyph id="w98611g4">
            <Coords points="3662,1517 3674,1517 3674,1651 3662,1651"/>
            <TextEquiv index="1" conf="0.9999982118606567">
              <Unicode>a</Unicode>
            </TextEquiv>
          </Glyph>
          <Glyph id="w98611g5">
            <Coords points="3709,1517 3721,1517 3721,1651 3709,1651"/>
            <TextEquiv index="1" conf="0.9999966025352478">
              <Unicode>n</Unicode>
            </TextEquiv>
          </Glyph>
          <Glyph id="w98611g6">
            <Coords points="3780,1517 3780,1517 3780,1651 3780,1651"/>
            <TextEquiv index="1" conf="0.9999914765357971">
              <Unicode>t</Unicode>
            </TextEquiv>
          </Glyph>
          <TextEquiv index="1" conf="0.9999780358613982">
            <Unicode>portant</Unicode>
          </TextEquiv>
        </Word>
        <Word id="w98612">
          <Coords points="3828,1517 3887,1517 3887,1651 3828,1651"/>
          <Glyph id="w98612g0">
            <Coords points="3828,1517 3828,1517 3828,1651 3828,1651"/>
            <TextEquiv index="1" conf="0.9999971389770508">
              <Unicode>l</Unicode>
            </TextEquiv>
          </Glyph>
          <Glyph id="w98612g1">
            <Coords points="3875,1517 3887,1517 3887,1651 3875,1651"/>
            <TextEquiv index="1" conf="0.9999992847442627">
              <Unicode>e</Unicode>
            </TextEquiv>
          </Glyph>
          <TextEquiv index="1" conf="0.9999964237233598">
            <Unicode>le</Unicode>
          </TextEquiv>
        </Word>
        <Word id="w98613">
          <Coords points="3946,1517 4135,1517 4135,1651 3946,1651"/>
          <Glyph id="w98613g0">
            <Coords points="3946,1517 3958,1517 3958,1651 3946,1651"/>
            <TextEquiv index="1" conf="0.9999993741512299">
              <Unicode>c</Unicode>
            </TextEquiv>
          </Glyph>
          <Glyph id="w98613g1">
            <Coords points="3993,1517 4005,1517 4005,1651 3993,1651"/>
            <TextEquiv index="1" conf="0.9999794363975525">
              <Unicode>o</Unicode>
            </TextEquiv>
          </Glyph>
          <Glyph id="w98613g2">
            <Coords points="4041,1517 4053,1517 4053,1651 4041,1651"/>
            <TextEquiv index="1" conf="0.9997742474079132">
              <Unicode>ſ</Unicode>
            </TextEquiv>
          </Glyph>
          <Glyph id="w98613g3">
            <Coords points="4088,1517 4088,1517 4088,1651 4088,1651"/>
            <TextEquiv index="1" conf="0.999919667840004">
              <Unicode>t</Unicode>
            </TextEquiv>
          </Glyph>
          <Glyph id="w98613g4">
            <Coords points="4135,1517 4135,1517 4135,1651 4135,1651"/>
            <TextEquiv index="1" conf="0.9999960362911224">
              <Unicode>é</Unicode>
            </TextEquiv>
          </Glyph>
          <TextEquiv index="1" conf="0.9996687880183868">
            <Unicode>coſté</Unicode>
          </TextEquiv>
        </Word>
        <Word id="w98614">
          <Coords points="4207,1517 4384,1517 4384,1651 4207,1651"/>
          <Glyph id="w98614g0">
            <Coords points="4207,1517 4218,1517 4218,1651 4207,1651"/>
            <TextEquiv index="1" conf="1.0">
              <Unicode>d</Unicode>
            </TextEquiv>
          </Glyph>
          <Glyph id="w98614g1">
            <Coords points="4254,1517 4254,1517 4254,1651 4254,1651"/>
            <TextEquiv index="1" conf="0.9999998807907104">
              <Unicode>r</Unicode>
            </TextEquiv>
          </Glyph>
          <Glyph id="w98614g2">
            <Coords points="4301,1517 4301,1517 4301,1651 4301,1651"/>
            <TextEquiv index="1" conf="0.9999986290931702">
              <Unicode>o</Unicode>
            </TextEquiv>
          </Glyph>
          <Glyph id="w98614g3">
            <Coords points="4349,1517 4349,1517 4349,1651 4349,1651"/>
            <TextEquiv index="1" conf="0.9999973177909851">
              <Unicode>i</Unicode>
            </TextEquiv>
          </Glyph>
          <Glyph id="w98614g4">
            <Coords points="4384,1517 4384,1517 4384,1651 4384,1651"/>
            <TextEquiv index="1" conf="0.9999976754188538">
              <Unicode>t</Unicode>
            </TextEquiv>
          </Glyph>
          <TextEquiv index="1" conf="0.9999935031075786">
            <Unicode>droit</Unicode>
          </TextEquiv>
        </Word>
        <Word id="w98615">
          <Coords points="4443,1517 4491,1517 4491,1651 4443,1651"/>
          <Glyph id="w98615g0">
            <Coords points="4443,1517 4455,1517 4455,1651 4443,1651"/>
            <TextEquiv index="1" conf="0.9999935030937195">
              <Unicode>e</Unicode>
            </TextEquiv>
          </Glyph>
          <Glyph id="w98615g1">
            <Coords points="4491,1517 4491,1517 4491,1651 4491,1651"/>
            <TextEquiv index="1" conf="1.0">
              <Unicode>n</Unicode>
            </TextEquiv>
          </Glyph>
          <TextEquiv index="1" conf="0.9999935030937195">
            <Unicode>en</Unicode>
          </TextEquiv>
        </Word>
        <Word id="w98616">
          <Coords points="4562,1517 4810,1517 4810,1651 4562,1651"/>
          <Glyph id="w98616g0">
            <Coords points="4562,1517 4574,1517 4574,1651 4562,1651"/>
            <TextEquiv index="1" conf="0.9999999701976776">
              <Unicode>a</Unicode>
            </TextEquiv>
          </Glyph>
          <Glyph id="w98616g1">
            <Coords points="4621,1517 4633,1517 4633,1651 4621,1651"/>
            <TextEquiv index="1" conf="1.0">
              <Unicode>v</Unicode>
            </TextEquiv>
          </Glyph>
          <Glyph id="w98616g2">
            <Coords points="4668,1517 4680,1517 4680,1651 4668,1651"/>
            <TextEquiv index="1" conf="1.0">
              <Unicode>a</Unicode>
            </TextEquiv>
          </Glyph>
          <Glyph id="w98616g3">
            <Coords points="4716,1517 4728,1517 4728,1651 4716,1651"/>
            <TextEquiv index="1" conf="0.9999999701976776">
              <Unicode>n</Unicode>
            </TextEquiv>
          </Glyph>
          <Glyph id="w98616g4">
            <Coords points="4775,1517 4787,1517 4787,1651 4775,1651"/>
            <TextEquiv index="1" conf="0.9999880492687225">
              <Unicode>t</Unicode>
            </TextEquiv>
          </Glyph>
          <Glyph id="w98616g5">
            <Coords points="4810,1517 4810,1517 4810,1651 4810,1651"/>
            <TextEquiv index="1" conf="0.9999972581863403">
              <Unicode>,</Unicode>
            </TextEquiv>
          </Glyph>
          <TextEquiv index="1" conf="0.9999852478840614">
            <Unicode>avant,</Unicode>
          </TextEquiv>
        </Word>
        <Word id="w98617">
          <Coords points="4929,1517 4929,1517 4929,1651 4929,1651"/>
          <Glyph id="w98617g0">
            <Coords points="4929,1517 4929,1517 4929,1651 4929,1651"/>
            <TextEquiv index="1" conf="0.9999991655349731">
              <Unicode>&amp;</Unicode>
            </TextEquiv>
          </Glyph>
          <TextEquiv index="1" conf="0.9999991655349731">
            <Unicode>&amp;</Unicode>
          </TextEquiv>
        </Word>
        <TextEquiv>
          <Unicode/>
        </TextEquiv>
        <TextEquiv index="1" conf="0.9999809227883816">
          <Unicode>corps deſſus, portant le coſté droit en avant, &amp;</Unicode>
        </TextEquiv>
      </TextLine>
      <TextLine id="r8_l006">
        <Coords points="2993,1771 2998,1776 2995,1778 4922,1766 4921,1645 2789,1659 2789,1771 2993,1771"/>
        <Word id="w98618">
          <Coords points="2845,1645 3245,1645 3245,1778 2845,1778"/>
          <Glyph id="w98618g0">
            <Coords points="2845,1645 2845,1645 2845,1778 2845,1778"/>
            <TextEquiv index="1" conf="0.9999963343143463">
              <Unicode>e</Unicode>
            </TextEquiv>
          </Glyph>
          <Glyph id="w98618g1">
            <Coords points="2882,1645 2894,1645 2894,1778 2882,1778"/>
            <TextEquiv index="1" conf="0.9999959170818329">
              <Unicode>ſ</Unicode>
            </TextEquiv>
          </Glyph>
          <Glyph id="w98618g2">
            <Coords points="2918,1645 2930,1645 2930,1778 2918,1778"/>
            <TextEquiv index="1" conf="0.9999019205570221">
              <Unicode>t</Unicode>
            </TextEquiv>
          </Glyph>
          <Glyph id="w98618g3">
            <Coords points="2954,1645 2966,1645 2966,1778 2954,1778"/>
            <TextEquiv index="1" conf="0.9999998211860657">
              <Unicode>a</Unicode>
            </TextEquiv>
          </Glyph>
          <Glyph id="w98618g4">
            <Coords points="3003,1645 3015,1645 3015,1778 3003,1778"/>
            <TextEquiv index="1" conf="0.9999984800815582">
              <Unicode>n</Unicode>
            </TextEquiv>
          </Glyph>
          <Glyph id="w98618g5">
            <Coords points="3076,1645 3088,1645 3088,1778 3076,1778"/>
            <TextEquiv index="1" conf="1.0">
              <Unicode>d</Unicode>
            </TextEquiv>
          </Glyph>
          <Glyph id="w98618g6">
            <Coords points="3124,1645 3136,1645 3136,1778 3124,1778"/>
            <TextEquiv index="1" conf="1.0">
              <Unicode>a</Unicode>
            </TextEquiv>
          </Glyph>
          <Glyph id="w98618g7">
            <Coords points="3173,1645 3185,1645 3185,1778 3173,1778"/>
            <TextEquiv index="1" conf="0.9999954104423523">
              <Unicode>n</Unicode>
            </TextEquiv>
          </Glyph>
          <Glyph id="w98618g8">
            <Coords points="3233,1645 3245,1645 3245,1778 3233,1778"/>
            <TextEquiv index="1" conf="0.9999963939189911">
              <Unicode>t</Unicode>
            </TextEquiv>
          </Glyph>
          <TextEquiv index="1" conf="0.999884279434948">
            <Unicode>eſtandant</Unicode>
          </TextEquiv>
        </Word>
        <Word id="w98619">
          <Coords points="3294,1645 3342,1645 3342,1778 3294,1778"/>
          <Glyph id="w98619g0">
            <Coords points="3294,1645 3294,1645 3294,1778 3294,1778"/>
            <TextEquiv index="1" conf="0.9999881684780121">
              <Unicode>l</Unicode>
            </TextEquiv>
          </Glyph>
          <Glyph id="w98619g1">
            <Coords points="3330,1645 3342,1645 3342,1778 3330,1778"/>
            <TextEquiv index="1" conf="0.9999977648258209">
              <Unicode>e</Unicode>
            </TextEquiv>
          </Glyph>
          <TextEquiv index="1" conf="0.9999859333302785">
            <Unicode>le</Unicode>
          </TextEquiv>
        </Word>
        <Word id="w98620">
          <Coords points="3391,1645 3560,1645 3560,1778 3391,1778"/>
          <Glyph id="w98620g0">
            <Coords points="3391,1645 3415,1645 3415,1778 3391,1778"/>
            <TextEquiv index="1" conf="0.9999993741512299">
              <Unicode>b</Unicode>
            </TextEquiv>
          </Glyph>
          <Glyph id="w98620g1">
            <Coords points="3463,1645 3463,1645 3463,1778 3463,1778"/>
            <TextEquiv index="1" conf="0.9999999105930328">
              <Unicode>r</Unicode>
            </TextEquiv>
          </Glyph>
          <Glyph id="w98620g2">
            <Coords points="3500,1645 3500,1645 3500,1778 3500,1778"/>
            <TextEquiv index="1" conf="1.0">
              <Unicode>a</Unicode>
            </TextEquiv>
          </Glyph>
          <Glyph id="w98620g3">
            <Coords points="3548,1645 3560,1645 3560,1778 3548,1778"/>
            <TextEquiv index="1" conf="0.999983161687851">
              <Unicode>s</Unicode>
            </TextEquiv>
          </Glyph>
          <TextEquiv index="1" conf="0.9999824464442133">
            <Unicode>bras</Unicode>
          </TextEquiv>
        </Word>
        <Word id="w98621">
          <Coords points="3670,1645 3670,1645 3670,1778 3670,1778"/>
          <Glyph id="w98621g0">
            <Coords points="3670,1645 3670,1645 3670,1778 3670,1778"/>
            <TextEquiv index="1" conf="0.9999989867210388">
              <Unicode>&amp;</Unicode>
            </TextEquiv>
          </Glyph>
          <TextEquiv index="1" conf="0.9999989867210388">
            <Unicode>&amp;</Unicode>
          </TextEquiv>
        </Word>
        <Word id="w98622">
          <Coords points="3706,1645 4009,1645 4009,1778 3706,1778"/>
          <Glyph id="w98622g0">
            <Coords points="3706,1645 3718,1645 3718,1778 3706,1778"/>
            <TextEquiv index="1" conf="0.999988466501236">
              <Unicode>l</Unicode>
            </TextEquiv>
          </Glyph>
          <Glyph id="w98622g1">
            <Coords points="3730,1645 3742,1645 3742,1778 3730,1778"/>
            <TextEquiv index="1" conf="0.9994848817586899">
              <Unicode>’</Unicode>
            </TextEquiv>
          </Glyph>
          <Glyph id="w98622g2">
            <Coords points="3779,1645 3779,1645 3779,1778 3779,1778"/>
            <TextEquiv index="1" conf="0.9999998509883881">
              <Unicode>e</Unicode>
            </TextEquiv>
          </Glyph>
          <Glyph id="w98622g3">
            <Coords points="3815,1645 3815,1645 3815,1778 3815,1778"/>
            <TextEquiv index="1" conf="0.9999928772449493">
              <Unicode>ſ</Unicode>
            </TextEquiv>
          </Glyph>
          <Glyph id="w98622g4">
            <Coords points="3851,1645 3863,1645 3863,1778 3851,1778"/>
            <TextEquiv index="1" conf="1.0">
              <Unicode>p</Unicode>
            </TextEquiv>
          </Glyph>
          <Glyph id="w98622g5">
            <Coords points="3924,1645 3924,1645 3924,1778 3924,1778"/>
            <TextEquiv index="1" conf="0.9984215199947357">
              <Unicode>e</Unicode>
            </TextEquiv>
          </Glyph>
          <Glyph id="w98622g6">
            <Coords points="3973,1645 3973,1645 3973,1778 3973,1778"/>
            <TextEquiv index="1" conf="0.9999992847442627">
              <Unicode>e</Unicode>
            </TextEquiv>
          </Glyph>
          <Glyph id="w98622g7">
            <Coords points="4009,1645 4009,1645 4009,1778 4009,1778"/>
            <TextEquiv index="1" conf="0.9999727010726929">
              <Unicode>,</Unicode>
            </TextEquiv>
          </Glyph>
          <TextEquiv index="1" conf="0.9978604940217912">
            <Unicode>l’eſpee,</Unicode>
          </TextEquiv>
        </Word>
        <Word id="w98623">
          <Coords points="4045,1645 4070,1645 4070,1778 4045,1778"/>
          <Glyph id="w98623g0">
            <Coords points="4045,1645 4045,1645 4045,1778 4045,1778"/>
            <TextEquiv index="1" conf="0.9999960362911224">
              <Unicode>i</Unicode>
            </TextEquiv>
          </Glyph>
          <Glyph id="w98623g1">
            <Coords points="4070,1645 4070,1645 4070,1778 4070,1778"/>
            <TextEquiv index="1" conf="0.9999904930591583">
              <Unicode>l</Unicode>
            </TextEquiv>
          </Glyph>
          <TextEquiv index="1" conf="0.9999865293879635">
            <Unicode>il</Unicode>
          </TextEquiv>
        </Word>
        <Word id="w98624">
          <Coords points="4118,1645 4336,1645 4336,1778 4118,1778"/>
          <Glyph id="w98624g0">
            <Coords points="4118,1645 4130,1645 4130,1778 4118,1778"/>
            <TextEquiv index="1" conf="1.0">
              <Unicode>p</Unicode>
            </TextEquiv>
          </Glyph>
          <Glyph id="w98624g1">
            <Coords points="4191,1645 4191,1645 4191,1778 4191,1778"/>
            <TextEquiv index="1" conf="0.9999994337558746">
              <Unicode>e</Unicode>
            </TextEquiv>
          </Glyph>
          <Glyph id="w98624g2">
            <Coords points="4227,1645 4239,1645 4239,1778 4227,1778"/>
            <TextEquiv index="1" conf="0.9999998807907104">
              <Unicode>r</Unicode>
            </TextEquiv>
          </Glyph>
          <Glyph id="w98624g3">
            <Coords points="4288,1645 4288,1645 4288,1778 4288,1778"/>
            <TextEquiv index="1" conf="0.9999961853027344">
              <Unicode>c</Unicode>
            </TextEquiv>
          </Glyph>
          <Glyph id="w98624g4">
            <Coords points="4336,1645 4336,1645 4336,1778 4336,1778"/>
            <TextEquiv index="1" conf="0.9999997317790985">
              <Unicode>e</Unicode>
            </TextEquiv>
          </Glyph>
          <TextEquiv index="1" conf="0.9999952316323073">
            <Unicode>perce</Unicode>
          </TextEquiv>
        </Word>
        <Word id="w98625">
          <Coords points="4397,1645 4494,1645 4494,1778 4397,1778"/>
          <Glyph id="w98625g0">
            <Coords points="4397,1645 4397,1645 4397,1778 4397,1778"/>
            <TextEquiv index="1" conf="0.9997520744800568">
              <Unicode>ſ</Unicode>
            </TextEquiv>
          </Glyph>
          <Glyph id="w98625g1">
            <Coords points="4445,1645 4445,1645 4445,1778 4445,1778"/>
            <TextEquiv index="1" conf="0.9999932646751404">
              <Unicode>o</Unicode>
            </TextEquiv>
          </Glyph>
          <Glyph id="w98625g2">
            <Coords points="4494,1645 4494,1645 4494,1778 4494,1778"/>
            <TextEquiv index="1" conf="1.0">
              <Unicode>n</Unicode>
            </TextEquiv>
          </Glyph>
          <TextEquiv index="1" conf="0.9997453408250561">
            <Unicode>ſon</Unicode>
          </TextEquiv>
        </Word>
        <Word id="w98626">
          <Coords points="4603,1645 4930,1645 4930,1778 4603,1778"/>
          <Glyph id="w98626g0">
            <Coords points="4603,1645 4615,1645 4615,1778 4603,1778"/>
            <TextEquiv index="1" conf="0.9999995231628418">
              <Unicode>C</Unicode>
            </TextEquiv>
          </Glyph>
          <Glyph id="w98626g1">
            <Coords points="4664,1645 4664,1645 4664,1778 4664,1778"/>
            <TextEquiv index="1" conf="0.9999970197677612">
              <Unicode>o</Unicode>
            </TextEquiv>
          </Glyph>
          <Glyph id="w98626g2">
            <Coords points="4712,1645 4712,1645 4712,1778 4712,1778"/>
            <TextEquiv index="1" conf="0.9999999105930328">
              <Unicode>n</Unicode>
            </TextEquiv>
          </Glyph>
          <Glyph id="w98626g3">
            <Coords points="4773,1645 4773,1645 4773,1778 4773,1778"/>
            <TextEquiv index="1" conf="0.9999982714653015">
              <Unicode>t</Unicode>
            </TextEquiv>
          </Glyph>
          <Glyph id="w98626g4">
            <Coords points="4809,1645 4821,1645 4821,1778 4809,1778"/>
            <TextEquiv index="1" conf="0.9999998211860657">
              <Unicode>r</Unicode>
            </TextEquiv>
          </Glyph>
          <Glyph id="w98626g5">
            <Coords points="4845,1645 4857,1645 4857,1778 4845,1778"/>
            <TextEquiv index="1" conf="0.9999999701976776">
              <Unicode>a</Unicode>
            </TextEquiv>
          </Glyph>
          <Glyph id="w98626g6">
            <Coords points="4894,1645 4894,1645 4894,1778 4894,1778"/>
            <TextEquiv index="1" conf="0.9999907612800598">
              <Unicode>i</Unicode>
            </TextEquiv>
          </Glyph>
          <Glyph id="w98626g7">
            <Coords points="4930,1645 4930,1645 4930,1778 4930,1778"/>
            <TextEquiv index="1" conf="0.9999529719352722">
              <Unicode>-</Unicode>
            </TextEquiv>
          </Glyph>
          <TextEquiv index="1" conf="0.9999382503400012">
            <Unicode>Contrai-</Unicode>
          </TextEquiv>
        </Word>
        <TextEquiv>
          <Unicode/>
        </TextEquiv>
        <TextEquiv index="1" conf="0.999927687048912">
          <Unicode>eſtandant le bras &amp; l’eſpee, il perce ſon Contrai-</Unicode>
        </TextEquiv>
      </TextLine>
      <TextLine id="r8_l007">
        <Coords points="3948,1895 3953,1890 4096,1890 4100,1894 4323,1892 4326,1890 4369,1890 4371,1892 4921,1889 4920,1770 2789,1784 2790,1903 3948,1895 3948,1895"/>
        <Word id="w98627">
          <Coords points="2829,1770 2886,1770 2886,1903 2829,1903"/>
          <Glyph id="w98627g0">
            <Coords points="2829,1770 2841,1770 2841,1903 2829,1903"/>
            <TextEquiv index="1" conf="0.9999971687793732">
              <Unicode>r</Unicode>
            </TextEquiv>
          </Glyph>
          <Glyph id="w98627g1">
            <Coords points="2886,1770 2886,1770 2886,1903 2886,1903"/>
            <TextEquiv index="1" conf="0.999995768070221">
              <Unicode>e</Unicode>
            </TextEquiv>
          </Glyph>
          <TextEquiv index="1" conf="0.9999929368615756">
            <Unicode>re</Unicode>
          </TextEquiv>
        </Word>
        <Word id="w98628">
          <Coords points="2954,1770 2999,1770 2999,1903 2954,1903"/>
          <Glyph id="w98628g0">
            <Coords points="2954,1770 2965,1770 2965,1903 2954,1903"/>
            <TextEquiv index="1" conf="0.9999793171882629">
              <Unicode>e</Unicode>
            </TextEquiv>
          </Glyph>
          <Glyph id="w98628g1">
            <Coords points="2999,1770 2999,1770 2999,1903 2999,1903"/>
            <TextEquiv index="1" conf="0.9999979734420776">
              <Unicode>n</Unicode>
            </TextEquiv>
          </Glyph>
          <TextEquiv index="1" conf="0.9999772906722555">
            <Unicode>en</Unicode>
          </TextEquiv>
        </Word>
        <Word id="w98629">
          <Coords points="3068,1770 3329,1770 3329,1903 3068,1903"/>
          <Glyph id="w98629g0">
            <Coords points="3068,1770 3079,1770 3079,1903 3068,1903"/>
            <TextEquiv index="1" conf="0.9999997019767761">
              <Unicode>r</Unicode>
            </TextEquiv>
          </Glyph>
          <Glyph id="w98629g1">
            <Coords points="3102,1770 3113,1770 3113,1903 3102,1903"/>
            <TextEquiv index="1" conf="0.9999898076057434">
              <Unicode>i</Unicode>
            </TextEquiv>
          </Glyph>
          <Glyph id="w98629g2">
            <Coords points="3158,1770 3170,1770 3170,1903 3158,1903"/>
            <TextEquiv index="1" conf="1.0">
              <Unicode>g</Unicode>
            </TextEquiv>
          </Glyph>
          <Glyph id="w98629g3">
            <Coords points="3215,1770 3215,1770 3215,1903 3215,1903"/>
            <TextEquiv index="1" conf="0.9999997913837433">
              <Unicode>e</Unicode>
            </TextEquiv>
          </Glyph>
          <Glyph id="w98629g4">
            <Coords points="3261,1770 3261,1770 3261,1903 3261,1903"/>
            <TextEquiv index="1" conf="0.9999998807907104">
              <Unicode>u</Unicode>
            </TextEquiv>
          </Glyph>
          <Glyph id="w98629g5">
            <Coords points="3317,1770 3329,1770 3329,1903 3317,1903"/>
            <TextEquiv index="1" conf="0.9999995529651642">
              <Unicode>r</Unicode>
            </TextEquiv>
          </Glyph>
          <TextEquiv index="1" conf="0.999988734733475">
            <Unicode>rigeur</Unicode>
          </TextEquiv>
        </Word>
        <Word id="w98630">
          <Coords points="3385,1770 3442,1770 3442,1903 3385,1903"/>
          <Glyph id="w98630g0">
            <Coords points="3385,1770 3397,1770 3397,1903 3385,1903"/>
            <TextEquiv index="1" conf="0.9999999105930328">
              <Unicode>a</Unicode>
            </TextEquiv>
          </Glyph>
          <Glyph id="w98630g1">
            <Coords points="3431,1770 3442,1770 3442,1903 3431,1903"/>
            <TextEquiv index="1" conf="0.9999998509883881">
              <Unicode>u</Unicode>
            </TextEquiv>
          </Glyph>
          <TextEquiv index="1" conf="0.9999997615814342">
            <Unicode>au</Unicode>
          </TextEquiv>
        </Word>
        <Word id="w98631">
          <Coords points="3522,1770 3805,1770 3805,1903 3522,1903"/>
          <Glyph id="w98631g0">
            <Coords points="3522,1770 3522,1770 3522,1903 3522,1903"/>
            <TextEquiv index="1" conf="0.9999962747097015">
              <Unicode>t</Unicode>
            </TextEquiv>
          </Glyph>
          <Glyph id="w98631g1">
            <Coords points="3556,1770 3567,1770 3567,1903 3556,1903"/>
            <TextEquiv index="1" conf="1.0">
              <Unicode>r</Unicode>
            </TextEquiv>
          </Glyph>
          <Glyph id="w98631g2">
            <Coords points="3601,1770 3601,1770 3601,1903 3601,1903"/>
            <TextEquiv index="1" conf="1.0">
              <Unicode>a</Unicode>
            </TextEquiv>
          </Glyph>
          <Glyph id="w98631g3">
            <Coords points="3658,1770 3669,1770 3669,1903 3658,1903"/>
            <TextEquiv index="1" conf="0.9999999403953552">
              <Unicode>v</Unicode>
            </TextEquiv>
          </Glyph>
          <Glyph id="w98631g4">
            <Coords points="3714,1770 3726,1770 3726,1903 3714,1903"/>
            <TextEquiv index="1" conf="0.9999992549419403">
              <Unicode>e</Unicode>
            </TextEquiv>
          </Glyph>
          <Glyph id="w98631g5">
            <Coords points="3760,1770 3760,1770 3760,1903 3760,1903"/>
            <TextEquiv index="1" conf="0.9999997913837433">
              <Unicode>r</Unicode>
            </TextEquiv>
          </Glyph>
          <Glyph id="w98631g6">
            <Coords points="3805,1770 3805,1770 3805,1903 3805,1903"/>
            <TextEquiv index="1" conf="1.0">
              <Unicode>s</Unicode>
            </TextEquiv>
          </Glyph>
          <TextEquiv index="1" conf="0.9999952614347274">
            <Unicode>travers</Unicode>
          </TextEquiv>
        </Word>
        <Word id="w98632">
          <Coords points="3896,1770 3941,1770 3941,1903 3896,1903"/>
          <Glyph id="w98632g0">
            <Coords points="3896,1770 3907,1770 3907,1903 3896,1903"/>
            <TextEquiv index="1" conf="1.0">
              <Unicode>d</Unicode>
            </TextEquiv>
          </Glyph>
          <Glyph id="w98632g1">
            <Coords points="3941,1770 3941,1770 3941,1903 3941,1903"/>
            <TextEquiv index="1" conf="0.9999999403953552">
              <Unicode>u</Unicode>
            </TextEquiv>
          </Glyph>
          <TextEquiv index="1" conf="0.9999999403953552">
            <Unicode>du</Unicode>
          </TextEquiv>
        </Word>
        <Word id="w98633">
          <Coords points="4044,1770 4293,1770 4293,1903 4044,1903"/>
          <Glyph id="w98633g0">
            <Coords points="4044,1770 4044,1770 4044,1903 4044,1903"/>
            <TextEquiv index="1" conf="0.9999983906745911">
              <Unicode>c</Unicode>
            </TextEquiv>
          </Glyph>
          <Glyph id="w98633g1">
            <Coords points="4089,1770 4100,1770 4100,1903 4089,1903"/>
            <TextEquiv index="1" conf="0.9999974966049194">
              <Unicode>o</Unicode>
            </TextEquiv>
          </Glyph>
          <Glyph id="w98633g2">
            <Coords points="4146,1770 4146,1770 4146,1903 4146,1903"/>
            <TextEquiv index="1" conf="0.9999997615814209">
              <Unicode>r</Unicode>
            </TextEquiv>
          </Glyph>
          <Glyph id="w98633g3">
            <Coords points="4180,1770 4203,1770 4203,1903 4180,1903"/>
            <TextEquiv index="1" conf="1.0">
              <Unicode>p</Unicode>
            </TextEquiv>
          </Glyph>
          <Glyph id="w98633g4">
            <Coords points="4248,1770 4248,1770 4248,1903 4248,1903"/>
            <TextEquiv index="1" conf="0.9999998509883881">
              <Unicode>s</Unicode>
            </TextEquiv>
          </Glyph>
          <Glyph id="w98633g5">
            <Coords points="4293,1770 4293,1770 4293,1903 4293,1903"/>
            <TextEquiv index="1" conf="0.9999934732913971">
              <Unicode>;</Unicode>
            </TextEquiv>
          </Glyph>
          <TextEquiv index="1" conf="0.9999889731757454">
            <Unicode>corps;</Unicode>
          </TextEquiv>
        </Word>
        <Word id="w98634">
          <Coords points="4407,1770 4691,1770 4691,1903 4407,1903"/>
          <Glyph id="w98634g0">
            <Coords points="4407,1770 4407,1770 4407,1903 4407,1903"/>
            <TextEquiv index="1" conf="0.9998968690633774">
              <Unicode>c</Unicode>
            </TextEquiv>
          </Glyph>
          <Glyph id="w98634g1">
            <Coords points="4452,1770 4464,1770 4464,1903 4452,1903"/>
            <TextEquiv index="1" conf="0.9999885261058807">
              <Unicode>o</Unicode>
            </TextEquiv>
          </Glyph>
          <Glyph id="w98634g2">
            <Coords points="4532,1770 4532,1770 4532,1903 4532,1903"/>
            <TextEquiv index="1" conf="1.0">
              <Unicode>m</Unicode>
            </TextEquiv>
          </Glyph>
          <Glyph id="w98634g3">
            <Coords points="4622,1770 4622,1770 4622,1903 4622,1903"/>
            <TextEquiv index="1" conf="1.0">
              <Unicode>m</Unicode>
            </TextEquiv>
          </Glyph>
          <Glyph id="w98634g4">
            <Coords points="4691,1770 4691,1770 4691,1903 4691,1903"/>
            <TextEquiv index="1" conf="0.9999995529651642">
              <Unicode>e</Unicode>
            </TextEquiv>
          </Glyph>
          <TextEquiv index="1" conf="0.9998849493689675">
            <Unicode>comme</Unicode>
          </TextEquiv>
        </Word>
        <Word id="w98635">
          <Coords points="4747,1770 4781,1770 4781,1903 4747,1903"/>
          <Glyph id="w98635g0">
            <Coords points="4747,1770 4747,1770 4747,1903 4747,1903"/>
            <TextEquiv index="1" conf="0.9999864101409912">
              <Unicode>i</Unicode>
            </TextEquiv>
          </Glyph>
          <Glyph id="w98635g1">
            <Coords points="4781,1770 4781,1770 4781,1903 4781,1903"/>
            <TextEquiv index="1" conf="0.9999943673610687">
              <Unicode>l</Unicode>
            </TextEquiv>
          </Glyph>
          <TextEquiv index="1" conf="0.9999807775786067">
            <Unicode>il</Unicode>
          </TextEquiv>
        </Word>
        <Word id="w98636">
          <Coords points="4838,1770 4929,1770 4929,1903 4838,1903"/>
          <Glyph id="w98636g0">
            <Coords points="4838,1770 4849,1770 4849,1903 4838,1903"/>
            <TextEquiv index="1" conf="0.9999979138374329">
              <Unicode>e</Unicode>
            </TextEquiv>
          </Glyph>
          <Glyph id="w98636g1">
            <Coords points="4883,1770 4883,1770 4883,1903 4883,1903"/>
            <TextEquiv index="1" conf="0.9999980926513672">
              <Unicode>ſ</Unicode>
            </TextEquiv>
          </Glyph>
          <Glyph id="w98636g2">
            <Coords points="4918,1770 4929,1770 4929,1903 4918,1903"/>
            <TextEquiv index="1" conf="0.999855101108551">
              <Unicode>t</Unicode>
            </TextEquiv>
          </Glyph>
          <TextEquiv index="1" conf="0.9998511081799849">
            <Unicode>eſt</Unicode>
          </TextEquiv>
        </Word>
        <TextEquiv>
          <Unicode/>
        </TextEquiv>
        <TextEquiv index="1" conf="0.999977545245834">
          <Unicode>re en rigeur au travers du corps; comme il eſt</Unicode>
        </TextEquiv>
      </TextLine>
      <TextLine id="r8_l008">
        <Coords points="2788,2019 3213,2019 3218,2015 3242,2015 3247,2019 3247,2020 3361,2020 3361,2019 3366,2015 3619,2015 3623,2018 3762,2017 3762,2015 3767,2010 3796,2010 3800,2015 3951,2015 3951,1898 2788,1906 2788,2019"/>
        <Word id="w98637">
          <Coords points="2846,1898 3292,1898 3292,2020 2846,2020"/>
          <Glyph id="w98637g0">
            <Coords points="2846,1898 2858,1898 2858,2020 2846,2020"/>
            <TextEquiv index="1" conf="0.9999998509883881">
              <Unicode>d</Unicode>
            </TextEquiv>
          </Glyph>
          <Glyph id="w98637g1">
            <Coords points="2908,1898 2908,1898 2908,2020 2908,2020"/>
            <TextEquiv index="1" conf="0.9999997019767761">
              <Unicode>e</Unicode>
            </TextEquiv>
          </Glyph>
          <Glyph id="w98637g2">
            <Coords points="2982,1898 2982,1898 2982,2020 2982,2020"/>
            <TextEquiv index="1" conf="1.0">
              <Unicode>m</Unicode>
            </TextEquiv>
          </Glyph>
          <Glyph id="w98637g3">
            <Coords points="3044,1898 3057,1898 3057,2020 3044,2020"/>
            <TextEquiv index="1" conf="0.9999987483024597">
              <Unicode>o</Unicode>
            </TextEquiv>
          </Glyph>
          <Glyph id="w98637g4">
            <Coords points="3094,1898 3106,1898 3106,2020 3094,2020"/>
            <TextEquiv index="1" conf="0.9999959170818329">
              <Unicode>n</Unicode>
            </TextEquiv>
          </Glyph>
          <Glyph id="w98637g5">
            <Coords points="3156,1898 3156,1898 3156,2020 3156,2020"/>
            <TextEquiv index="1" conf="0.9999503195285797">
              <Unicode>ſ</Unicode>
            </TextEquiv>
          </Glyph>
          <Glyph id="w98637g6">
            <Coords points="3193,1898 3193,1898 3193,2020 3193,2020"/>
            <TextEquiv index="1" conf="0.9997923970222473">
              <Unicode>t</Unicode>
            </TextEquiv>
          </Glyph>
          <Glyph id="w98637g7">
            <Coords points="3230,1898 3243,1898 3243,2020 3230,2020"/>
            <TextEquiv index="1" conf="0.9999987483024597">
              <Unicode>r</Unicode>
            </TextEquiv>
          </Glyph>
          <Glyph id="w98637g8">
            <Coords points="3280,1898 3292,1898 3292,2020 3280,2020"/>
            <TextEquiv index="1" conf="0.9998850673437119">
              <Unicode>é</Unicode>
            </TextEquiv>
          </Glyph>
          <TextEquiv index="1" conf="0.9996207930617701">
            <Unicode>demonſtré</Unicode>
          </TextEquiv>
        </Word>
        <Word id="w98638">
          <Coords points="3342,1898 3453,1898 3453,2020 3342,2020"/>
          <Glyph id="w98638g0">
            <Coords points="3342,1898 3354,1898 3354,2020 3342,2020"/>
            <TextEquiv index="1" conf="1.0">
              <Unicode>p</Unicode>
            </TextEquiv>
          </Glyph>
          <Glyph id="w98638g1">
            <Coords points="3404,1898 3404,1898 3404,2020 3404,2020"/>
            <TextEquiv index="1" conf="1.0">
              <Unicode>a</Unicode>
            </TextEquiv>
          </Glyph>
          <Glyph id="w98638g2">
            <Coords points="3453,1898 3453,1898 3453,2020 3453,2020"/>
            <TextEquiv index="1" conf="0.9999997913837433">
              <Unicode>r</Unicode>
            </TextEquiv>
          </Glyph>
          <TextEquiv index="1" conf="0.9999997913837433">
            <Unicode>par</Unicode>
          </TextEquiv>
        </Word>
        <Word id="w98639">
          <Coords points="3490,1898 3590,1898 3590,2020 3490,2020"/>
          <Glyph id="w98639g0">
            <Coords points="3490,1898 3503,1898 3503,2020 3490,2020"/>
            <TextEquiv index="1" conf="0.9999487400054932">
              <Unicode>l</Unicode>
            </TextEquiv>
          </Glyph>
          <Glyph id="w98639g1">
            <Coords points="3540,1898 3552,1898 3552,2020 3540,2020"/>
            <TextEquiv index="1" conf="0.9999998211860657">
              <Unicode>e</Unicode>
            </TextEquiv>
          </Glyph>
          <Glyph id="w98639g2">
            <Coords points="3590,1898 3590,1898 3590,2020 3590,2020"/>
            <TextEquiv index="1" conf="0.9999999701976776">
              <Unicode>s</Unicode>
            </TextEquiv>
          </Glyph>
          <TextEquiv index="1" conf="0.9999485313999354">
            <Unicode>les</Unicode>
          </TextEquiv>
        </Word>
        <Word id="w98640">
          <Coords points="3652,1898 3974,1898 3974,2020 3652,2020"/>
          <Glyph id="w98640g0">
            <Coords points="3652,1898 3664,1898 3664,2020 3652,2020"/>
            <TextEquiv index="1" conf="0.9999988973140717">
              <Unicode>f</Unicode>
            </TextEquiv>
          </Glyph>
          <Glyph id="w98640g1">
            <Coords points="3676,1898 3689,1898 3689,2020 3676,2020"/>
            <TextEquiv index="1" conf="0.9999242871999741">
              <Unicode>i</Unicode>
            </TextEquiv>
          </Glyph>
          <Glyph id="w98640g2">
            <Coords points="3726,1898 3738,1898 3738,2020 3726,2020"/>
            <TextEquiv index="1" conf="1.0">
              <Unicode>g</Unicode>
            </TextEquiv>
          </Glyph>
          <Glyph id="w98640g3">
            <Coords points="3776,1898 3788,1898 3788,2020 3776,2020"/>
            <TextEquiv index="1" conf="0.9999972879886627">
              <Unicode>u</Unicode>
            </TextEquiv>
          </Glyph>
          <Glyph id="w98640g4">
            <Coords points="3838,1898 3850,1898 3850,2020 3838,2020"/>
            <TextEquiv index="1" conf="0.9999999403953552">
              <Unicode>r</Unicode>
            </TextEquiv>
          </Glyph>
          <Glyph id="w98640g5">
            <Coords points="3887,1898 3900,1898 3900,2020 3887,2020"/>
            <TextEquiv index="1" conf="0.9999933838844299">
              <Unicode>e</Unicode>
            </TextEquiv>
          </Glyph>
          <Glyph id="w98640g6">
            <Coords points="3937,1898 3937,1898 3937,2020 3937,2020"/>
            <TextEquiv index="1" conf="0.9999998211860657">
              <Unicode>s</Unicode>
            </TextEquiv>
          </Glyph>
          <Glyph id="w98640g7">
            <Coords points="3974,1898 3974,1898 3974,2020 3974,2020"/>
            <TextEquiv index="1" conf="0.9999177008867264">
              <Unicode>.</Unicode>
            </TextEquiv>
          </Glyph>
          <TextEquiv index="1" conf="0.9998313268029028">
            <Unicode>figures.</Unicode>
          </TextEquiv>
        </Word>
        <TextEquiv>
          <Unicode/>
        </TextEquiv>
        <TextEquiv index="1" conf="0.9999622215445225">
          <Unicode>demonſtré par les figures.</Unicode>
        </TextEquiv>
      </TextLine>
      <TextEquiv>
        <Unicode/>
      </TextEquiv>
    </TextRegion>
    <TextRegion id="r9" orientation="0.625" type="paragraph">
      <Coords points="2669,740 2674,744 2674,1036 2678,1040 2678,1327 2683,1332 2683,1618 2688,1623 2688,1914 2693,1919 2693,2206 2697,2210 2697,2497 2702,2502 2702,2506 2626,2506 2621,2511 2621,2521 2616,2525 2616,2530 2611,2535 2597,2535 2592,2540 2502,2540 2497,2535 2487,2535 2483,2530 2483,2511 2478,2506 2311,2506 2306,2511 2239,2511 2234,2516 2239,2521 2239,2549 2244,2554 2268,2554 2268,2626 2263,2631 1575,2631 1570,2635 1542,2635 1537,2640 1537,2654 1532,2659 1528,2659 1523,2664 1403,2664 1399,2659 1399,2635 1394,2631 1346,2631 1341,2635 1150,2635 1146,2631 1141,2631 1136,2635 959,2635 955,2640 883,2640 878,2645 878,2650 873,2654 849,2654 845,2659 845,2669 725,2669 721,2664 716,2664 711,2659 701,2659 697,2654 692,2654 682,2645 678,2645 673,2640 649,2640 644,2645 525,2645 525,2578 520,2573 520,2287 568,2287 573,2282 568,2277 525,2277 520,2272 520,2163 525,2158 525,2153 520,2148 520,2081 525,2077 525,1914 530,1914 534,1910 530,1905 520,1905 520,1790 716,1790 721,1785 721,1757 826,1757 826,1766 830,1771 835,1766 835,1761 840,1757 945,1757 950,1761 950,1781 955,1785 974,1785 978,1781 978,1733 1002,1733 1007,1728 1007,1656 1117,1656 1122,1652 1117,1647 1007,1647 1007,1289 1002,1284 969,1284 969,1265 988,1265 993,1260 1074,1260 1079,1255 1265,1255 1270,1260 1274,1260 1279,1255 1375,1255 1379,1260 1456,1260 1461,1265 1461,1274 1465,1279 1485,1279 1489,1284 1528,1284 1532,1279 1532,1255 1537,1255 1542,1251 1637,1251 1642,1255 1642,1279 1647,1284 1652,1279 1652,1260 1656,1255 1757,1255 1761,1260 1776,1260 1781,1265 1781,1274 1785,1279 1962,1279 1967,1274 2000,1274 2005,1270 2005,1260 2010,1255 2010,1251 2105,1251 2110,1255 2110,1270 2115,1274 2206,1274 2210,1270 2210,1251 2215,1246 2315,1246 2315,1274 2320,1279 2334,1279 2339,1274 2339,1270 2363,1246 2492,1246 2492,1251 2497,1255 2497,1270 2502,1274 2564,1274 2568,1270 2568,1251 2573,1251 2578,1246 2669,1246 2674,1241 2674,1179 2669,1174 2430,1174 2425,1179 2425,1188 2420,1193 2420,1198 2416,1198 2411,1203 2301,1203 2296,1198 2292,1198 2292,1179 2287,1174 2158,1174 2153,1179 2153,1188 2143,1198 2048,1198 2048,1179 2043,1174 1800,1174 1795,1179 1642,1179 1637,1184 1637,1203 1633,1208 1633,1212 1613,1212 1609,1217 1508,1217 1508,1188 1504,1184 1284,1184 1279,1188 1279,1208 1274,1212 1169,1212 1169,1188 1165,1184 1103,1184 1098,1188 1098,1212 988,1212 988,1188 983,1184 764,1184 759,1188 735,1188 730,1193 730,1212 725,1217 625,1217 620,1212 620,1146 625,1146 630,1141 630,1131 635,1126 635,1079 644,1079 649,1074 649,1069 654,1064 649,1060 635,1060 635,1045 630,1040 620,1040 620,974 630,974 644,959 644,940 639,935 635,935 630,931 630,864 635,859 635,849 639,845 639,826 644,826 649,821 649,816 644,811 515,811 515,735 520,735 525,730 525,725 530,721 530,706 539,706 544,701 544,697 549,692 549,687 553,682 553,649 644,649 644,658 649,663 663,663 668,668 697,668 701,673 701,692 706,697 792,697 797,692 797,668 897,668 902,673 902,692 907,697 912,692 1007,692 1012,697 1045,697 1055,687 1055,678 1064,668 1212,668 1217,673 1217,687 1222,692 1289,692 1294,697 1346,697 1351,692 1384,692 1389,687 1485,687 1485,692 1489,697 1570,697 1575,692 1575,687 1666,687 1671,682 1676,682 1680,678 1680,673 1690,663 1709,663 1714,658 1723,658 1728,654 1819,654 1824,658 1824,678 1828,682 1838,682 1847,673 1847,658 1867,658 1871,654 1933,654 1938,649 2029,649 2038,658 2038,673 2043,678 2072,678 2077,673 2077,658 2253,658 2253,678 2258,682 2334,682 2339,678 2339,658 2540,658 2545,663 2545,678 2549,682 2650,682 2654,678 2654,669 2669,669"/>
      <TextLine id="r9_l001">
        <Coords points="2674,744 2669,740 2669,669 2654,669 2654,678 2650,682 2549,682 2545,678 2545,663 2544,662 2339,664 2339,678 2334,682 2258,682 2253,678 2253,665 2077,667 2077,673 2072,678 2043,678 2038,673 2038,667 1847,669 1847,673 1838,682 1828,682 1824,678 1824,670 1681,671 1680,673 1680,678 1676,682 1671,682 1666,687 1575,687 1575,692 1570,697 1489,697 1485,692 1485,687 1389,687 1384,692 1351,692 1346,697 1294,697 1289,692 1222,692 1217,687 1217,676 1055,678 1055,687 1045,697 1012,697 1007,692 912,692 907,697 902,692 902,680 797,681 797,692 792,697 706,697 701,692 701,682 555,684 555,811 644,811 649,816 649,821 645,824 2674,802 2674,744"/>
        <Word id="w98641">
          <Coords points="634,662 932,662 932,824 634,824"/>
          <Glyph id="w98641g0">
            <Coords points="634,662 646,662 646,824 634,824"/>
            <TextEquiv index="1" conf="0.9984374642372131">
              <Unicode>A</Unicode>
            </TextEquiv>
          </Glyph>
          <Glyph id="w98641g1">
            <Coords points="670,662 670,662 670,824 670,824"/>
            <TextEquiv index="1" conf="0.9988430440425873">
              <Unicode>l</Unicode>
            </TextEquiv>
          </Glyph>
          <Glyph id="w98641g2">
            <Coords points="693,662 693,662 693,824 693,824"/>
            <TextEquiv index="1" conf="0.9999358505010605">
              <Unicode>e</Unicode>
            </TextEquiv>
          </Glyph>
          <Glyph id="w98641g3">
            <Coords points="741,662 741,662 741,824 741,824"/>
            <TextEquiv index="1" conf="0.9998952746391296">
              <Unicode>x</Unicode>
            </TextEquiv>
          </Glyph>
          <Glyph id="w98641g4">
            <Coords points="777,662 777,662 777,824 777,824"/>
            <TextEquiv index="1" conf="0.9945375025272369">
              <Unicode>a</Unicode>
            </TextEquiv>
          </Glyph>
          <Glyph id="w98641g5">
            <Coords points="813,662 813,662 813,824 813,824"/>
            <TextEquiv index="1" conf="0.9936754107475281">
              <Unicode>n</Unicode>
            </TextEquiv>
          </Glyph>
          <Glyph id="w98641g6">
            <Coords points="860,662 872,662 872,824 860,824"/>
            <TextEquiv index="1" conf="0.9999391585588455">
              <Unicode>d</Unicode>
            </TextEquiv>
          </Glyph>
          <Glyph id="w98641g7">
            <Coords points="896,662 896,662 896,824 896,824"/>
            <TextEquiv index="1" conf="0.9999877512454987">
              <Unicode>r</Unicode>
            </TextEquiv>
          </Glyph>
          <Glyph id="w98641g8">
            <Coords points="920,662 932,662 932,824 920,824"/>
            <TextEquiv index="1" conf="0.9999897181987762">
              <Unicode>e</Unicode>
            </TextEquiv>
          </Glyph>
          <TextEquiv index="1" conf="0.985313134204319">
            <Unicode>Alexandre</Unicode>
          </TextEquiv>
        </Word>
        <Word id="w98642">
          <Coords points="991,662 1218,662 1218,824 991,824"/>
          <Glyph id="w98642g0">
            <Coords points="991,662 991,662 991,824 991,824"/>
            <TextEquiv index="1" conf="0.9999992251396179">
              <Unicode>p</Unicode>
            </TextEquiv>
          </Glyph>
          <Glyph id="w98642g1">
            <Coords points="1027,662 1027,662 1027,824 1027,824"/>
            <TextEquiv index="1" conf="0.9998881816864014">
              <Unicode>o</Unicode>
            </TextEquiv>
          </Glyph>
          <Glyph id="w98642g2">
            <Coords points="1051,662 1063,662 1063,824 1051,824"/>
            <TextEquiv index="1" conf="0.9999131560325623">
              <Unicode>u</Unicode>
            </TextEquiv>
          </Glyph>
          <Glyph id="w98642g3">
            <Coords points="1099,662 1099,662 1099,824 1099,824"/>
            <TextEquiv index="1" conf="0.9999959766864777">
              <Unicode>r</Unicode>
            </TextEquiv>
          </Glyph>
          <Glyph id="w98642g4">
            <Coords points="1122,662 1134,662 1134,824 1122,824"/>
            <TextEquiv index="1" conf="0.9997177273035049">
              <Unicode>ſ</Unicode>
            </TextEquiv>
          </Glyph>
          <Glyph id="w98642g5">
            <Coords points="1158,662 1158,662 1158,824 1158,824"/>
            <TextEquiv index="1" conf="0.99986432492733">
              <Unicode>u</Unicode>
            </TextEquiv>
          </Glyph>
          <Glyph id="w98642g6">
            <Coords points="1194,662 1194,662 1194,824 1194,824"/>
            <TextEquiv index="1" conf="0.9988323599100113">
              <Unicode>i</Unicode>
            </TextEquiv>
          </Glyph>
          <Glyph id="w98642g7">
            <Coords points="1218,662 1218,662 1218,824 1218,824"/>
            <TextEquiv index="1" conf="0.9999641180038452">
              <Unicode>t</Unicode>
            </TextEquiv>
          </Glyph>
          <TextEquiv index="1" conf="0.9981759932662374">
            <Unicode>pourſuit</Unicode>
          </TextEquiv>
        </Word>
        <Word id="w98643">
          <Coords points="1265,662 1659,662 1659,824 1265,824"/>
          <Glyph id="w98643g0">
            <Coords points="1265,662 1277,662 1277,824 1265,824"/>
            <TextEquiv index="1" conf="0.9999999701976776">
              <Unicode>p</Unicode>
            </TextEquiv>
          </Glyph>
          <Glyph id="w98643g1">
            <Coords points="1301,662 1313,662 1313,824 1301,824"/>
            <TextEquiv index="1" conf="0.9999863803386688">
              <Unicode>r</Unicode>
            </TextEquiv>
          </Glyph>
          <Glyph id="w98643g2">
            <Coords points="1337,662 1337,662 1337,824 1337,824"/>
            <TextEquiv index="1" conf="0.9998342245817184">
              <Unicode>o</Unicode>
            </TextEquiv>
          </Glyph>
          <Glyph id="w98643g3">
            <Coords points="1385,662 1385,662 1385,824 1385,824"/>
            <TextEquiv index="1" conf="0.9989291876554489">
              <Unicode>m</Unicode>
            </TextEquiv>
          </Glyph>
          <Glyph id="w98643g4">
            <Coords points="1420,662 1432,662 1432,824 1420,824"/>
            <TextEquiv index="1" conf="0.9999938309192657">
              <Unicode>p</Unicode>
            </TextEquiv>
          </Glyph>
          <Glyph id="w98643g5">
            <Coords points="1456,662 1468,662 1468,824 1456,824"/>
            <TextEquiv index="1" conf="0.9048582762479782">
              <Unicode>t</Unicode>
            </TextEquiv>
          </Glyph>
          <Glyph id="w98643g6">
            <Coords points="1492,662 1492,662 1492,824 1492,824"/>
            <TextEquiv index="1" conf="0.997794896364212">
              <Unicode>e</Unicode>
            </TextEquiv>
          </Glyph>
          <Glyph id="w98643g7">
            <Coords points="1539,662 1539,662 1539,824 1539,824"/>
            <TextEquiv index="1" conf="0.9936979711055756">
              <Unicode>m</Unicode>
            </TextEquiv>
          </Glyph>
          <Glyph id="w98643g8">
            <Coords points="1575,662 1587,662 1587,824 1575,824"/>
            <TextEquiv index="1" conf="0.9998326748609543">
              <Unicode>e</Unicode>
            </TextEquiv>
          </Glyph>
          <Glyph id="w98643g9">
            <Coords points="1611,662 1611,662 1611,824 1611,824"/>
            <TextEquiv index="1" conf="0.999999076128006">
              <Unicode>n</Unicode>
            </TextEquiv>
          </Glyph>
          <Glyph id="w98643g10">
            <Coords points="1647,662 1659,662 1659,824 1647,824"/>
            <TextEquiv index="1" conf="0.9999549090862274">
              <Unicode>t</Unicode>
            </TextEquiv>
          </Glyph>
          <TextEquiv index="1" conf="0.8958549133618852">
            <Unicode>promptement</Unicode>
          </TextEquiv>
        </Word>
        <Word id="w98644">
          <Coords points="1718,662 2088,662 2088,824 1718,824"/>
          <Glyph id="w98644g0">
            <Coords points="1718,662 1718,662 1718,824 1718,824"/>
            <TextEquiv index="1" conf="0.9999990165233612">
              <Unicode>a</Unicode>
            </TextEquiv>
          </Glyph>
          <Glyph id="w98644g1">
            <Coords points="1742,662 1754,662 1754,824 1742,824"/>
            <TextEquiv index="1" conf="0.9830636382102966">
              <Unicode>ſ</Unicode>
            </TextEquiv>
          </Glyph>
          <Glyph id="w98644g2">
            <Coords points="1778,662 1778,662 1778,824 1778,824"/>
            <TextEquiv index="1" conf="0.9995337426662445">
              <Unicode>ſ</Unicode>
            </TextEquiv>
          </Glyph>
          <Glyph id="w98644g3">
            <Coords points="1802,662 1802,662 1802,824 1802,824"/>
            <TextEquiv index="1" conf="0.9529308974742889">
              <Unicode>o</Unicode>
            </TextEquiv>
          </Glyph>
          <Glyph id="w98644g4">
            <Coords points="1837,662 1837,662 1837,824 1837,824"/>
            <TextEquiv index="1" conf="0.5375046581029892">
              <Unicode>u</Unicode>
            </TextEquiv>
          </Glyph>
          <Glyph id="w98644g5">
            <Coords points="1873,662 1873,662 1873,824 1873,824"/>
            <TextEquiv index="1" conf="0.9999732375144958">
              <Unicode>r</Unicode>
            </TextEquiv>
          </Glyph>
          <Glyph id="w98644g6">
            <Coords points="1909,662 1921,662 1921,824 1909,824"/>
            <TextEquiv index="1" conf="0.9998531192541122">
              <Unicode>d</Unicode>
            </TextEquiv>
          </Glyph>
          <Glyph id="w98644g7">
            <Coords points="1945,662 1945,662 1945,824 1945,824"/>
            <TextEquiv index="1" conf="0.8906756341457367">
              <Unicode>i</Unicode>
            </TextEquiv>
          </Glyph>
          <Glyph id="w98644g8">
            <Coords points="1957,662 1957,662 1957,824 1957,824"/>
            <TextEquiv index="1" conf="0.9919535666704178">
              <Unicode>ſ</Unicode>
            </TextEquiv>
          </Glyph>
          <Glyph id="w98644g9">
            <Coords points="1980,662 1992,662 1992,824 1980,824"/>
            <TextEquiv index="1" conf="0.9986619651317596">
              <Unicode>ſ</Unicode>
            </TextEquiv>
          </Glyph>
          <Glyph id="w98644g10">
            <Coords points="2016,662 2016,662 2016,824 2016,824"/>
            <TextEquiv index="1" conf="0.934440553188324">
              <Unicode>a</Unicode>
            </TextEquiv>
          </Glyph>
          <Glyph id="w98644g11">
            <Coords points="2052,662 2052,662 2052,824 2052,824"/>
            <TextEquiv index="1" conf="0.9999971091747284">
              <Unicode>n</Unicode>
            </TextEquiv>
          </Glyph>
          <Glyph id="w98644g12">
            <Coords points="2088,662 2088,662 2088,824 2088,824"/>
            <TextEquiv index="1" conf="0.9998763352632523">
              <Unicode>t</Unicode>
            </TextEquiv>
          </Glyph>
          <TextEquiv index="1" conf="0.4148327407433885">
            <Unicode>aſſourdiſſant</Unicode>
          </TextEquiv>
        </Word>
        <Word id="w98645">
          <Coords points="2147,662 2183,662 2183,824 2147,824"/>
          <Glyph id="w98645g0">
            <Coords points="2147,662 2147,662 2147,824 2147,824"/>
            <TextEquiv index="1" conf="0.999872624874115">
              <Unicode>l</Unicode>
            </TextEquiv>
          </Glyph>
          <Glyph id="w98645g1">
            <Coords points="2183,662 2183,662 2183,824 2183,824"/>
            <TextEquiv index="1" conf="0.9998606890439987">
              <Unicode>a</Unicode>
            </TextEquiv>
          </Glyph>
          <TextEquiv index="1" conf="0.9997333316628643">
            <Unicode>la</Unicode>
          </TextEquiv>
        </Word>
        <Word id="w98646">
          <Coords points="2231,662 2350,662 2350,824 2231,824"/>
          <Glyph id="w98646g0">
            <Coords points="2231,662 2231,662 2231,824 2231,824"/>
            <TextEquiv index="1" conf="0.9997451901435852">
              <Unicode>l</Unicode>
            </TextEquiv>
          </Glyph>
          <Glyph id="w98646g1">
            <Coords points="2255,662 2255,662 2255,824 2255,824"/>
            <TextEquiv index="1" conf="0.9999552667140961">
              <Unicode>a</Unicode>
            </TextEquiv>
          </Glyph>
          <Glyph id="w98646g2">
            <Coords points="2302,662 2314,662 2314,824 2302,824"/>
            <TextEquiv index="1" conf="0.9985438138246536">
              <Unicode>m</Unicode>
            </TextEquiv>
          </Glyph>
          <Glyph id="w98646g3">
            <Coords points="2338,662 2350,662 2350,824 2338,824"/>
            <TextEquiv index="1" conf="0.9978075921535492">
              <Unicode>e</Unicode>
            </TextEquiv>
          </Glyph>
          <TextEquiv index="1" conf="0.9960561587018216">
            <Unicode>lame</Unicode>
          </TextEquiv>
        </Word>
        <Word id="w98647">
          <Coords points="2409,662 2433,662 2433,824 2409,824"/>
          <Glyph id="w98647g0">
            <Coords points="2409,662 2409,662 2409,824 2409,824"/>
            <TextEquiv index="1" conf="0.9999710321426392">
              <Unicode>d</Unicode>
            </TextEquiv>
          </Glyph>
          <Glyph id="w98647g1">
            <Coords points="2433,662 2433,662 2433,824 2433,824"/>
            <TextEquiv index="1" conf="0.9819764047861099">
              <Unicode>e</Unicode>
            </TextEquiv>
          </Glyph>
          <TextEquiv index="1" conf="0.9819479590336844">
            <Unicode>de</Unicode>
          </TextEquiv>
        </Word>
        <Word id="w98648">
          <Coords points="2493,662 2529,662 2529,824 2493,824"/>
          <Glyph id="w98648g0">
            <Coords points="2493,662 2505,662 2505,824 2493,824"/>
            <TextEquiv index="1" conf="0.9975596815347672">
              <Unicode>ſ</Unicode>
            </TextEquiv>
          </Glyph>
          <Glyph id="w98648g1">
            <Coords points="2529,662 2529,662 2529,824 2529,824"/>
            <TextEquiv index="1" conf="0.8768968731164932">
              <Unicode>a</Unicode>
            </TextEquiv>
          </Glyph>
          <TextEquiv index="1" conf="0.8747569654849221">
            <Unicode>ſa</Unicode>
          </TextEquiv>
        </Word>
        <Word id="w98649">
          <Coords points="2576,662 2695,662 2695,824 2576,824"/>
          <Glyph id="w98649g0">
            <Coords points="2576,662 2588,662 2588,824 2576,824"/>
            <TextEquiv index="1" conf="0.9999999403953552">
              <Unicode>p</Unicode>
            </TextEquiv>
          </Glyph>
          <Glyph id="w98649g1">
            <Coords points="2612,662 2624,662 2624,824 2612,824"/>
            <TextEquiv index="1" conf="0.9998643398284912">
              <Unicode>a</Unicode>
            </TextEquiv>
          </Glyph>
          <Glyph id="w98649g2">
            <Coords points="2660,662 2660,662 2660,824 2660,824"/>
            <TextEquiv index="1" conf="0.9999966323375702">
              <Unicode>r</Unicode>
            </TextEquiv>
          </Glyph>
          <Glyph id="w98649g3">
            <Coords points="2695,662 2695,662 2695,824 2695,824"/>
            <TextEquiv index="1" conf="0.9999920725822449">
              <Unicode>-</Unicode>
            </TextEquiv>
          </Glyph>
          <TextEquiv index="1" conf="0.9998529867114064">
            <Unicode>par-</Unicode>
          </TextEquiv>
        </Word>
        <TextEquiv>
          <Unicode/>
        </TextEquiv>
        <TextEquiv index="1" conf="0.983892519559179">
          <Unicode>Alexandre pourſuit promptement aſſourdiſſant la lame de ſa par-</Unicode>
        </TextEquiv>
      </TextLine>
      <TextLine id="r9_l002">
        <Coords points="2674,806 673,828 675,947 2674,925 2674,806"/>
        <Word id="w98650">
          <Coords points="711,806 819,806 819,947 711,947"/>
          <Glyph id="w98650g0">
            <Coords points="711,806 721,806 721,947 711,947"/>
            <TextEquiv index="1" conf="0.9904609471559525">
              <Unicode>t</Unicode>
            </TextEquiv>
          </Glyph>
          <Glyph id="w98650g1">
            <Coords points="743,806 743,806 743,947 743,947"/>
            <TextEquiv index="1" conf="0.9997512251138687">
              <Unicode>i</Unicode>
            </TextEquiv>
          </Glyph>
          <Glyph id="w98650g2">
            <Coords points="776,806 776,806 776,947 776,947"/>
            <TextEquiv index="1" conf="0.972274899482727">
              <Unicode>e</Unicode>
            </TextEquiv>
          </Glyph>
          <Glyph id="w98650g3">
            <Coords points="808,806 819,806 819,947 808,947"/>
            <TextEquiv index="1" conf="0.9997896403074265">
              <Unicode>,</Unicode>
            </TextEquiv>
          </Glyph>
          <TextEquiv index="1" conf="0.9625582214883308">
            <Unicode>tie,</Unicode>
          </TextEquiv>
        </Word>
        <Word id="w98651">
          <Coords points="862,806 959,806 959,947 862,947"/>
          <Glyph id="w98651g0">
            <Coords points="862,806 862,806 862,947 862,947"/>
            <TextEquiv index="1" conf="0.9999999701976776">
              <Unicode>p</Unicode>
            </TextEquiv>
          </Glyph>
          <Glyph id="w98651g1">
            <Coords points="895,806 905,806 905,947 895,947"/>
            <TextEquiv index="1" conf="0.9998115450143814">
              <Unicode>u</Unicode>
            </TextEquiv>
          </Glyph>
          <Glyph id="w98651g2">
            <Coords points="938,806 938,806 938,947 938,947"/>
            <TextEquiv index="1" conf="0.999943345785141">
              <Unicode>i</Unicode>
            </TextEquiv>
          </Glyph>
          <Glyph id="w98651g3">
            <Coords points="959,806 959,806 959,947 959,947"/>
            <TextEquiv index="1" conf="0.9912107288837433">
              <Unicode>s</Unicode>
            </TextEquiv>
          </Glyph>
          <TextEquiv index="1" conf="0.9909677550642686">
            <Unicode>puis</Unicode>
          </TextEquiv>
        </Word>
        <Word id="w98652">
          <Coords points="1014,806 1490,806 1490,947 1014,947"/>
          <Glyph id="w98652g0">
            <Coords points="1014,806 1024,806 1024,947 1014,947"/>
            <TextEquiv index="1" conf="0.9999310970306396">
              <Unicode>l</Unicode>
            </TextEquiv>
          </Glyph>
          <Glyph id="w98652g1">
            <Coords points="1035,806 1046,806 1046,947 1035,947"/>
            <TextEquiv index="1" conf="0.9999669790267944">
              <Unicode>’</Unicode>
            </TextEquiv>
          </Glyph>
          <Glyph id="w98652g2">
            <Coords points="1068,806 1068,806 1068,947 1068,947"/>
            <TextEquiv index="1" conf="0.9999998509883881">
              <Unicode>a</Unicode>
            </TextEquiv>
          </Glyph>
          <Glyph id="w98652g3">
            <Coords points="1100,806 1111,806 1111,947 1100,947"/>
            <TextEquiv index="1" conf="0.9977483004331589">
              <Unicode>b</Unicode>
            </TextEquiv>
          </Glyph>
          <Glyph id="w98652g4">
            <Coords points="1143,806 1143,806 1143,947 1143,947"/>
            <TextEquiv index="1" conf="0.9996303617954254">
              <Unicode>a</Unicode>
            </TextEquiv>
          </Glyph>
          <Glyph id="w98652g5">
            <Coords points="1176,806 1187,806 1187,947 1176,947"/>
            <TextEquiv index="1" conf="0.9586516171693802">
              <Unicode>n</Unicode>
            </TextEquiv>
          </Glyph>
          <Glyph id="w98652g6">
            <Coords points="1230,806 1241,806 1241,947 1230,947"/>
            <TextEquiv index="1" conf="0.9589519500732422">
              <Unicode>d</Unicode>
            </TextEquiv>
          </Glyph>
          <Glyph id="w98652g7">
            <Coords points="1262,806 1262,806 1262,947 1262,947"/>
            <TextEquiv index="1" conf="0.9722751528024673">
              <Unicode>o</Unicode>
            </TextEquiv>
          </Glyph>
          <Glyph id="w98652g8">
            <Coords points="1327,806 1327,806 1327,947 1327,947"/>
            <TextEquiv index="1" conf="0.6101780136426289">
              <Unicode>n</Unicode>
            </TextEquiv>
          </Glyph>
          <Glyph id="w98652g9">
            <Coords points="1360,806 1371,806 1371,947 1360,947"/>
            <TextEquiv index="1" conf="0.9999995529651642">
              <Unicode>a</Unicode>
            </TextEquiv>
          </Glyph>
          <Glyph id="w98652g10">
            <Coords points="1403,806 1403,806 1403,947 1403,947"/>
            <TextEquiv index="1" conf="0.9999998211860657">
              <Unicode>n</Unicode>
            </TextEquiv>
          </Glyph>
          <Glyph id="w98652g11">
            <Coords points="1436,806 1446,806 1446,947 1436,947"/>
            <TextEquiv index="1" conf="0.9997988343238831">
              <Unicode>t</Unicode>
            </TextEquiv>
          </Glyph>
          <Glyph id="w98652g12">
            <Coords points="1479,806 1490,806 1490,947 1479,947"/>
            <TextEquiv index="1" conf="0.9998186975717545">
              <Unicode>,</Unicode>
            </TextEquiv>
          </Glyph>
          <TextEquiv index="1" conf="0.5436922100198723">
            <Unicode>l’abandonant,</Unicode>
          </TextEquiv>
        </Word>
        <Word id="w98653">
          <Coords points="1533,806 1565,806 1565,947 1533,947"/>
          <Glyph id="w98653g0">
            <Coords points="1533,806 1544,806 1544,947 1533,947"/>
            <TextEquiv index="1" conf="0.9998885542154312">
              <Unicode>i</Unicode>
            </TextEquiv>
          </Glyph>
          <Glyph id="w98653g1">
            <Coords points="1565,806 1565,806 1565,947 1565,947"/>
            <TextEquiv index="1" conf="0.9999309033155441">
              <Unicode>l</Unicode>
            </TextEquiv>
          </Glyph>
          <TextEquiv index="1" conf="0.9998194652315096">
            <Unicode>il</Unicode>
          </TextEquiv>
        </Word>
        <Word id="w98654">
          <Coords points="1598,806 1739,806 1739,947 1598,947"/>
          <Glyph id="w98654g0">
            <Coords points="1598,806 1609,806 1609,947 1598,947"/>
            <TextEquiv index="1" conf="1.0">
              <Unicode>p</Unicode>
            </TextEquiv>
          </Glyph>
          <Glyph id="w98654g1">
            <Coords points="1641,806 1641,806 1641,947 1641,947"/>
            <TextEquiv index="1" conf="0.9999933540821075">
              <Unicode>o</Unicode>
            </TextEquiv>
          </Glyph>
          <Glyph id="w98654g2">
            <Coords points="1674,806 1674,806 1674,947 1674,947"/>
            <TextEquiv index="1" conf="1.0">
              <Unicode>r</Unicode>
            </TextEquiv>
          </Glyph>
          <Glyph id="w98654g3">
            <Coords points="1706,806 1706,806 1706,947 1706,947"/>
            <TextEquiv index="1" conf="0.9999976754188538">
              <Unicode>t</Unicode>
            </TextEquiv>
          </Glyph>
          <Glyph id="w98654g4">
            <Coords points="1739,806 1739,806 1739,947 1739,947"/>
            <TextEquiv index="1" conf="0.9999957978725433">
              <Unicode>e</Unicode>
            </TextEquiv>
          </Glyph>
          <TextEquiv index="1" conf="0.9999868274266487">
            <Unicode>porte</Unicode>
          </TextEquiv>
        </Word>
        <Word id="w98655">
          <Coords points="1782,806 1814,806 1814,947 1782,947"/>
          <Glyph id="w98655g0">
            <Coords points="1782,806 1782,806 1782,947 1782,947"/>
            <TextEquiv index="1" conf="0.9999949336051941">
              <Unicode>l</Unicode>
            </TextEquiv>
          </Glyph>
          <Glyph id="w98655g1">
            <Coords points="1814,806 1814,806 1814,947 1814,947"/>
            <TextEquiv index="1" conf="0.9999820590019226">
              <Unicode>a</Unicode>
            </TextEquiv>
          </Glyph>
          <TextEquiv index="1" conf="0.9999769926980129">
            <Unicode>la</Unicode>
          </TextEquiv>
        </Word>
        <Word id="w98656">
          <Coords points="1868,806 2020,806 2020,947 1868,947"/>
          <Glyph id="w98656g0">
            <Coords points="1868,806 1868,806 1868,947 1868,947"/>
            <TextEquiv index="1" conf="0.9985053539276123">
              <Unicode>ſ</Unicode>
            </TextEquiv>
          </Glyph>
          <Glyph id="w98656g1">
            <Coords points="1890,806 1890,806 1890,947 1890,947"/>
            <TextEquiv index="1" conf="0.9999315589666367">
              <Unicode>i</Unicode>
            </TextEquiv>
          </Glyph>
          <Glyph id="w98656g2">
            <Coords points="1912,806 1922,806 1922,947 1912,947"/>
            <TextEquiv index="1" conf="0.9994669854640961">
              <Unicode>e</Unicode>
            </TextEquiv>
          </Glyph>
          <Glyph id="w98656g3">
            <Coords points="1944,806 1944,806 1944,947 1944,947"/>
            <TextEquiv index="1" conf="0.9910590648651123">
              <Unicode>n</Unicode>
            </TextEquiv>
          </Glyph>
          <Glyph id="w98656g4">
            <Coords points="1977,806 1987,806 1987,947 1977,947"/>
            <TextEquiv index="1" conf="0.9845396131277084">
              <Unicode>n</Unicode>
            </TextEquiv>
          </Glyph>
          <Glyph id="w98656g5">
            <Coords points="2020,806 2020,806 2020,947 2020,947"/>
            <TextEquiv index="1" conf="0.9998548626899719">
              <Unicode>e</Unicode>
            </TextEquiv>
          </Glyph>
          <TextEquiv index="1" conf="0.9735512581455397">
            <Unicode>ſienne</Unicode>
          </TextEquiv>
        </Word>
        <Word id="w98657">
          <Coords points="2085,806 2117,806 2117,947 2085,947"/>
          <Glyph id="w98657g0">
            <Coords points="2085,806 2085,806 2085,947 2085,947"/>
            <TextEquiv index="1" conf="0.9999721348285675">
              <Unicode>e</Unicode>
            </TextEquiv>
          </Glyph>
          <Glyph id="w98657g1">
            <Coords points="2117,806 2117,806 2117,947 2117,947"/>
            <TextEquiv index="1" conf="0.9999969303607941">
              <Unicode>n</Unicode>
            </TextEquiv>
          </Glyph>
          <TextEquiv index="1" conf="0.9999690652748976">
            <Unicode>en</Unicode>
          </TextEquiv>
        </Word>
        <Word id="w98658">
          <Coords points="2193,806 2583,806 2583,947 2193,947"/>
          <Glyph id="w98658g0">
            <Coords points="2193,806 2193,806 2193,947 2193,947"/>
            <TextEquiv index="1" conf="0.9998955428600311">
              <Unicode>c</Unicode>
            </TextEquiv>
          </Glyph>
          <Glyph id="w98658g1">
            <Coords points="2225,806 2225,806 2225,947 2225,947"/>
            <TextEquiv index="1" conf="0.9999371320009232">
              <Unicode>i</Unicode>
            </TextEquiv>
          </Glyph>
          <Glyph id="w98658g2">
            <Coords points="2247,806 2258,806 2258,947 2247,947"/>
            <TextEquiv index="1" conf="0.999992161989212">
              <Unicode>r</Unicode>
            </TextEquiv>
          </Glyph>
          <Glyph id="w98658g3">
            <Coords points="2280,806 2280,806 2280,947 2280,947"/>
            <TextEquiv index="1" conf="0.9942902773618698">
              <Unicode>c</Unicode>
            </TextEquiv>
          </Glyph>
          <Glyph id="w98658g4">
            <Coords points="2312,806 2312,806 2312,947 2312,947"/>
            <TextEquiv index="1" conf="0.99968521296978">
              <Unicode>o</Unicode>
            </TextEquiv>
          </Glyph>
          <Glyph id="w98658g5">
            <Coords points="2344,806 2344,806 2344,947 2344,947"/>
            <TextEquiv index="1" conf="0.9999966621398926">
              <Unicode>n</Unicode>
            </TextEquiv>
          </Glyph>
          <Glyph id="w98658g6">
            <Coords points="2377,806 2388,806 2388,947 2377,947"/>
            <TextEquiv index="1" conf="0.7034130543470383">
              <Unicode>f</Unicode>
            </TextEquiv>
          </Glyph>
          <Glyph id="w98658g7">
            <Coords points="2409,806 2409,806 2409,947 2409,947"/>
            <TextEquiv index="1" conf="0.9998238682746887">
              <Unicode>e</Unicode>
            </TextEquiv>
          </Glyph>
          <Glyph id="w98658g8">
            <Coords points="2442,806 2442,806 2442,947 2442,947"/>
            <TextEquiv index="1" conf="0.9996243417263031">
              <Unicode>r</Unicode>
            </TextEquiv>
          </Glyph>
          <Glyph id="w98658g9">
            <Coords points="2474,806 2474,806 2474,947 2474,947"/>
            <TextEquiv index="1" conf="0.9999511241912842">
              <Unicode>e</Unicode>
            </TextEquiv>
          </Glyph>
          <Glyph id="w98658g10">
            <Coords points="2507,806 2507,806 2507,947 2507,947"/>
            <TextEquiv index="1" conf="0.9989847391843796">
              <Unicode>n</Unicode>
            </TextEquiv>
          </Glyph>
          <Glyph id="w98658g11">
            <Coords points="2572,806 2583,806 2583,947 2572,947"/>
            <TextEquiv index="1" conf="0.9354868531227112">
              <Unicode>e</Unicode>
            </TextEquiv>
          </Glyph>
          <TextEquiv index="1" conf="0.6528974888196835">
            <Unicode>circonferene</Unicode>
          </TextEquiv>
        </Word>
        <Word id="w98659">
          <Coords points="2647,806 2680,806 2680,947 2647,947"/>
          <Glyph id="w98659g0">
            <Coords points="2647,806 2658,806 2658,947 2647,947"/>
            <TextEquiv index="1" conf="0.9965148866176605">
              <Unicode>d</Unicode>
            </TextEquiv>
          </Glyph>
          <Glyph id="w98659g1">
            <Coords points="2680,806 2680,806 2680,947 2680,947"/>
            <TextEquiv index="1" conf="0.9945871084928513">
              <Unicode>e</Unicode>
            </TextEquiv>
          </Glyph>
          <TextEquiv index="1" conf="0.9911208596511405">
            <Unicode>de</Unicode>
          </TextEquiv>
        </Word>
        <TextEquiv>
          <Unicode/>
        </TextEquiv>
        <TextEquiv index="1" conf="0.9843377444913478">
          <Unicode>tie, puis l’abandonant, il porte la ſienne en circonferene de</Unicode>
        </TextEquiv>
      </TextLine>
      <TextLine id="r9_l003">
        <Coords points="2674,1036 2674,929 662,951 663,1072 2675,1050 2674,1036 2674,1036"/>
        <Word id="w98660">
          <Coords points="724,929 848,929 848,1072 724,1072"/>
          <Glyph id="w98660g0">
            <Coords points="724,929 724,929 724,1072 724,1072"/>
            <TextEquiv index="1" conf="0.5039104446768761">
              <Unicode>h</Unicode>
            </TextEquiv>
          </Glyph>
          <Glyph id="w98660g1">
            <Coords points="769,929 769,929 769,1072 769,1072"/>
            <TextEquiv index="1" conf="0.9999999105930328">
              <Unicode>a</Unicode>
            </TextEquiv>
          </Glyph>
          <Glyph id="w98660g2">
            <Coords points="803,929 803,929 803,1072 803,1072"/>
            <TextEquiv index="1" conf="0.9999761879444122">
              <Unicode>u</Unicode>
            </TextEquiv>
          </Glyph>
          <Glyph id="w98660g3">
            <Coords points="848,929 848,929 848,1072 848,1072"/>
            <TextEquiv index="1" conf="0.9999715089797974">
              <Unicode>t</Unicode>
            </TextEquiv>
          </Glyph>
          <TextEquiv index="1" conf="0.5038840439018162">
            <Unicode>haut</Unicode>
          </TextEquiv>
        </Word>
        <Word id="w98661">
          <Coords points="882,929 916,929 916,1072 882,1072"/>
          <Glyph id="w98661g0">
            <Coords points="882,929 893,929 893,1072 882,1072"/>
            <TextEquiv index="1" conf="0.9997767955064774">
              <Unicode>e</Unicode>
            </TextEquiv>
          </Glyph>
          <Glyph id="w98661g1">
            <Coords points="916,929 916,929 916,1072 916,1072"/>
            <TextEquiv index="1" conf="0.9999944865703583">
              <Unicode>n</Unicode>
            </TextEquiv>
          </Glyph>
          <TextEquiv index="1" conf="0.9997712833074579">
            <Unicode>en</Unicode>
          </TextEquiv>
        </Word>
        <Word id="w98662">
          <Coords points="972,929 1073,929 1073,1072 972,1072"/>
          <Glyph id="w98662g0">
            <Coords points="972,929 972,929 972,1072 972,1072"/>
            <TextEquiv index="1" conf="0.7482961267232895">
              <Unicode>b</Unicode>
            </TextEquiv>
          </Glyph>
          <Glyph id="w98662g1">
            <Coords points="1006,929 1017,929 1017,1072 1006,1072"/>
            <TextEquiv index="1" conf="0.9989718198776245">
              <Unicode>a</Unicode>
            </TextEquiv>
          </Glyph>
          <Glyph id="w98662g2">
            <Coords points="1040,929 1040,929 1040,1072 1040,1072"/>
            <TextEquiv index="1" conf="0.9668430089950562">
              <Unicode>s</Unicode>
            </TextEquiv>
          </Glyph>
          <Glyph id="w98662g3">
            <Coords points="1062,929 1073,929 1073,1072 1062,1072"/>
            <TextEquiv index="1" conf="0.9983639270067215">
              <Unicode>,</Unicode>
            </TextEquiv>
          </Glyph>
          <TextEquiv index="1" conf="0.7215585489682229">
            <Unicode>bas,</Unicode>
          </TextEquiv>
        </Word>
        <Word id="w98663">
          <Coords points="1107,929 1141,929 1141,1072 1107,1072"/>
          <Glyph id="w98663g0">
            <Coords points="1107,929 1107,929 1107,1072 1107,1072"/>
            <TextEquiv index="1" conf="0.9999062120914459">
              <Unicode>e</Unicode>
            </TextEquiv>
          </Glyph>
          <Glyph id="w98663g1">
            <Coords points="1130,929 1141,929 1141,1072 1130,1072"/>
            <TextEquiv index="1" conf="0.9999446123838425">
              <Unicode>n</Unicode>
            </TextEquiv>
          </Glyph>
          <TextEquiv index="1" conf="0.9998508296699771">
            <Unicode>en</Unicode>
          </TextEquiv>
        </Word>
        <Word id="w98664">
          <Coords points="1186,929 1231,929 1231,1072 1186,1072"/>
          <Glyph id="w98664g0">
            <Coords points="1186,929 1186,929 1186,1072 1186,1072"/>
            <TextEquiv index="1" conf="0.9999930262565613">
              <Unicode>f</Unicode>
            </TextEquiv>
          </Glyph>
          <Glyph id="w98664g1">
            <Coords points="1208,929 1208,929 1208,1072 1208,1072"/>
            <TextEquiv index="1" conf="0.9997143745422363">
              <Unicode>i</Unicode>
            </TextEquiv>
          </Glyph>
          <Glyph id="w98664g2">
            <Coords points="1231,929 1231,929 1231,1072 1231,1072"/>
            <TextEquiv index="1" conf="0.9992173165082932">
              <Unicode>n</Unicode>
            </TextEquiv>
          </Glyph>
          <TextEquiv index="1" conf="0.9989249483099749">
            <Unicode>fin</Unicode>
          </TextEquiv>
        </Word>
        <Word id="w98665">
          <Coords points="1287,929 1310,929 1310,1072 1287,1072"/>
          <Glyph id="w98665g0">
            <Coords points="1287,929 1287,929 1287,1072 1287,1072"/>
            <TextEquiv index="1" conf="0.9999916851520538">
              <Unicode>i</Unicode>
            </TextEquiv>
          </Glyph>
          <Glyph id="w98665g1">
            <Coords points="1310,929 1310,929 1310,1072 1310,1072"/>
            <TextEquiv index="1" conf="0.9999907612800598">
              <Unicode>l</Unicode>
            </TextEquiv>
          </Glyph>
          <TextEquiv index="1" conf="0.9999824465089322">
            <Unicode>il</Unicode>
          </TextEquiv>
        </Word>
        <Word id="w98666">
          <Coords points="1366,929 1434,929 1434,1072 1366,1072"/>
          <Glyph id="w98666g0">
            <Coords points="1366,929 1366,929 1366,1072 1366,1072"/>
            <TextEquiv index="1" conf="0.9998043924570084">
              <Unicode>m</Unicode>
            </TextEquiv>
          </Glyph>
          <Glyph id="w98666g1">
            <Coords points="1400,929 1400,929 1400,1072 1400,1072"/>
            <TextEquiv index="1" conf="0.9999675750732422">
              <Unicode>e</Unicode>
            </TextEquiv>
          </Glyph>
          <Glyph id="w98666g2">
            <Coords points="1434,929 1434,929 1434,1072 1434,1072"/>
            <TextEquiv index="1" conf="0.9999977946281433">
              <Unicode>t</Unicode>
            </TextEquiv>
          </Glyph>
          <TextEquiv index="1" conf="0.9997697690038365">
            <Unicode>met</Unicode>
          </TextEquiv>
        </Word>
        <Word id="w98667">
          <Coords points="1479,929 1512,929 1512,1072 1479,1072"/>
          <Glyph id="w98667g0">
            <Coords points="1479,929 1479,929 1479,1072 1479,1072"/>
            <TextEquiv index="1" conf="0.9999779760837555">
              <Unicode>ſ</Unicode>
            </TextEquiv>
          </Glyph>
          <Glyph id="w98667g1">
            <Coords points="1512,929 1512,929 1512,1072 1512,1072"/>
            <TextEquiv index="1" conf="0.9999850392341614">
              <Unicode>a</Unicode>
            </TextEquiv>
          </Glyph>
          <TextEquiv index="1" conf="0.9999630156474115">
            <Unicode>ſa</Unicode>
          </TextEquiv>
        </Word>
        <Word id="w98668">
          <Coords points="1569,929 1726,929 1726,1072 1569,1072"/>
          <Glyph id="w98668g0">
            <Coords points="1569,929 1569,929 1569,1072 1569,1072"/>
            <TextEquiv index="1" conf="1.0">
              <Unicode>p</Unicode>
            </TextEquiv>
          </Glyph>
          <Glyph id="w98668g1">
            <Coords points="1602,929 1602,929 1602,1072 1602,1072"/>
            <TextEquiv index="1" conf="0.9999960362911224">
              <Unicode>o</Unicode>
            </TextEquiv>
          </Glyph>
          <Glyph id="w98668g2">
            <Coords points="1636,929 1636,929 1636,1072 1636,1072"/>
            <TextEquiv index="1" conf="0.9999671280384064">
              <Unicode>i</Unicode>
            </TextEquiv>
          </Glyph>
          <Glyph id="w98668g3">
            <Coords points="1659,929 1659,929 1659,1072 1659,1072"/>
            <TextEquiv index="1" conf="0.9999946653842926">
              <Unicode>n</Unicode>
            </TextEquiv>
          </Glyph>
          <Glyph id="w98668g4">
            <Coords points="1692,929 1692,929 1692,1072 1692,1072"/>
            <TextEquiv index="1" conf="0.9999918043613434">
              <Unicode>t</Unicode>
            </TextEquiv>
          </Glyph>
          <Glyph id="w98668g5">
            <Coords points="1726,929 1726,929 1726,1072 1726,1072"/>
            <TextEquiv index="1" conf="0.9999920725822449">
              <Unicode>e</Unicode>
            </TextEquiv>
          </Glyph>
          <TextEquiv index="1" conf="0.9999417077290842">
            <Unicode>pointe</Unicode>
          </TextEquiv>
        </Word>
        <Word id="w98669">
          <Coords points="1782,929 1816,929 1816,1072 1782,1072"/>
          <Glyph id="w98669g0">
            <Coords points="1782,929 1782,929 1782,1072 1782,1072"/>
            <TextEquiv index="1" conf="0.9999976456165314">
              <Unicode>a</Unicode>
            </TextEquiv>
          </Glyph>
          <Glyph id="w98669g1">
            <Coords points="1816,929 1816,929 1816,1072 1816,1072"/>
            <TextEquiv index="1" conf="0.9999983608722687">
              <Unicode>u</Unicode>
            </TextEquiv>
          </Glyph>
          <TextEquiv index="1" conf="0.9999960064926592">
            <Unicode>au</Unicode>
          </TextEquiv>
        </Word>
        <Word id="w98670">
          <Coords points="1873,929 1985,929 1985,1072 1873,1072"/>
          <Glyph id="w98670g0">
            <Coords points="1873,929 1873,929 1873,1072 1873,1072"/>
            <TextEquiv index="1" conf="0.9999835789203644">
              <Unicode>c</Unicode>
            </TextEquiv>
          </Glyph>
          <Glyph id="w98670g1">
            <Coords points="1906,929 1906,929 1906,1072 1906,1072"/>
            <TextEquiv index="1" conf="0.9999880194664001">
              <Unicode>o</Unicode>
            </TextEquiv>
          </Glyph>
          <Glyph id="w98670g2">
            <Coords points="1929,929 1929,929 1929,1072 1929,1072"/>
            <TextEquiv index="1" conf="0.9994109272956848">
              <Unicode>ſ</Unicode>
            </TextEquiv>
          </Glyph>
          <Glyph id="w98670g3">
            <Coords points="1951,929 1963,929 1963,1072 1951,1072"/>
            <TextEquiv index="1" conf="0.9484740197658539">
              <Unicode>t</Unicode>
            </TextEquiv>
          </Glyph>
          <Glyph id="w98670g4">
            <Coords points="1985,929 1985,929 1985,1072 1985,1072"/>
            <TextEquiv index="1" conf="0.9999896585941315">
              <Unicode>é</Unicode>
            </TextEquiv>
          </Glyph>
          <TextEquiv index="1" conf="0.9478785749743952">
            <Unicode>coſté</Unicode>
          </TextEquiv>
        </Word>
        <Word id="w98671">
          <Coords points="2064,929 2176,929 2176,1072 2064,1072"/>
          <Glyph id="w98671g0">
            <Coords points="2064,929 2064,929 2064,1072 2064,1072"/>
            <TextEquiv index="1" conf="0.9974985122680664">
              <Unicode>d</Unicode>
            </TextEquiv>
          </Glyph>
          <Glyph id="w98671g1">
            <Coords points="2086,929 2098,929 2098,1072 2086,1072"/>
            <TextEquiv index="1" conf="0.9923924952745438">
              <Unicode>r</Unicode>
            </TextEquiv>
          </Glyph>
          <Glyph id="w98671g2">
            <Coords points="2120,929 2120,929 2120,1072 2120,1072"/>
            <TextEquiv index="1" conf="0.9998374581336975">
              <Unicode>o</Unicode>
            </TextEquiv>
          </Glyph>
          <Glyph id="w98671g3">
            <Coords points="2154,929 2154,929 2154,1072 2154,1072"/>
            <TextEquiv index="1" conf="0.9999857246875763">
              <Unicode>i</Unicode>
            </TextEquiv>
          </Glyph>
          <Glyph id="w98671g4">
            <Coords points="2176,929 2176,929 2176,1072 2176,1072"/>
            <TextEquiv index="1" conf="0.9999836385250092">
              <Unicode>t</Unicode>
            </TextEquiv>
          </Glyph>
          <TextEquiv index="1" conf="0.9897188132946686">
            <Unicode>droit</Unicode>
          </TextEquiv>
        </Word>
        <Word id="w98672">
          <Coords points="2244,929 2267,929 2267,1072 2244,1072"/>
          <Glyph id="w98672g0">
            <Coords points="2244,929 2244,929 2244,1072 2244,1072"/>
            <TextEquiv index="1" conf="0.9999819993972778">
              <Unicode>d</Unicode>
            </TextEquiv>
          </Glyph>
          <Glyph id="w98672g1">
            <Coords points="2267,929 2267,929 2267,1072 2267,1072"/>
            <TextEquiv index="1" conf="0.9999425858259201">
              <Unicode>e</Unicode>
            </TextEquiv>
          </Glyph>
          <TextEquiv index="1" conf="0.9999245862566877">
            <Unicode>de</Unicode>
          </TextEquiv>
        </Word>
        <Word id="w98673">
          <Coords points="2323,929 2368,929 2368,1072 2323,1072"/>
          <Glyph id="w98673g0">
            <Coords points="2323,929 2334,929 2334,1072 2323,1072"/>
            <TextEquiv index="1" conf="0.999227300286293">
              <Unicode>ſ</Unicode>
            </TextEquiv>
          </Glyph>
          <Glyph id="w98673g1">
            <Coords points="2357,929 2368,929 2368,1072 2357,1072"/>
            <TextEquiv index="1" conf="0.999495267868042">
              <Unicode>a</Unicode>
            </TextEquiv>
          </Glyph>
          <TextEquiv index="1" conf="0.9987229581607089">
            <Unicode>ſa</Unicode>
          </TextEquiv>
        </Word>
        <Word id="w98674">
          <Coords points="2435,929 2683,929 2683,1072 2435,1072"/>
          <Glyph id="w98674g0">
            <Coords points="2435,929 2435,929 2435,1072 2435,1072"/>
            <TextEquiv index="1" conf="0.9999999403953552">
              <Unicode>p</Unicode>
            </TextEquiv>
          </Glyph>
          <Glyph id="w98674g1">
            <Coords points="2469,929 2480,929 2480,1072 2469,1072"/>
            <TextEquiv index="1" conf="0.9999906718730927">
              <Unicode>a</Unicode>
            </TextEquiv>
          </Glyph>
          <Glyph id="w98674g2">
            <Coords points="2514,929 2514,929 2514,1072 2514,1072"/>
            <TextEquiv index="1" conf="1.0">
              <Unicode>r</Unicode>
            </TextEquiv>
          </Glyph>
          <Glyph id="w98674g3">
            <Coords points="2548,929 2548,929 2548,1072 2548,1072"/>
            <TextEquiv index="1" conf="0.999993622303009">
              <Unicode>t</Unicode>
            </TextEquiv>
          </Glyph>
          <Glyph id="w98674g4">
            <Coords points="2570,929 2570,929 2570,1072 2570,1072"/>
            <TextEquiv index="1" conf="0.9999974071979523">
              <Unicode>i</Unicode>
            </TextEquiv>
          </Glyph>
          <Glyph id="w98674g5">
            <Coords points="2604,929 2616,929 2616,1072 2604,1072"/>
            <TextEquiv index="1" conf="0.9999805390834808">
              <Unicode>e</Unicode>
            </TextEquiv>
          </Glyph>
          <Glyph id="w98674g6">
            <Coords points="2683,929 2683,929 2683,1072 2683,1072"/>
            <TextEquiv index="1" conf="0.9985035955905914">
              <Unicode>,</Unicode>
            </TextEquiv>
          </Glyph>
          <TextEquiv index="1" conf="0.9984658334941043">
            <Unicode>partie,</Unicode>
          </TextEquiv>
        </Word>
        <TextEquiv>
          <Unicode/>
        </TextEquiv>
        <TextEquiv index="1" conf="0.9835584678328955">
          <Unicode>haut en bas, en fin il met ſa pointe au coſté droit de ſa partie,</Unicode>
        </TextEquiv>
      </TextLine>
      <TextLine id="r9_l004">
        <Coords points="2678,1055 664,1077 665,1198 730,1197 730,1193 735,1188 759,1188 764,1184 983,1184 988,1188 988,1194 1098,1193 1098,1188 1103,1184 1165,1184 1169,1188 1169,1192 1279,1191 1279,1188 1284,1184 1504,1184 1508,1188 1508,1188 1637,1187 1637,1184 1642,1179 1795,1179 1800,1174 2043,1174 2048,1179 2048,1182 2153,1181 2153,1179 2158,1174 2287,1174 2292,1179 2292,1180 2425,1178 2430,1174 2669,1174 2671,1176 2678,1176 2678,1055"/>
        <Word id="w98675">
          <Coords points="759,1055 981,1055 981,1198 759,1198"/>
          <Glyph id="w98675g0">
            <Coords points="759,1055 771,1055 771,1198 759,1198"/>
            <TextEquiv index="1" conf="0.9715226739645004">
              <Unicode>l</Unicode>
            </TextEquiv>
          </Glyph>
          <Glyph id="w98675g1">
            <Coords points="783,1055 796,1055 796,1198 783,1198"/>
            <TextEquiv index="1" conf="0.9910578280687332">
              <Unicode>a</Unicode>
            </TextEquiv>
          </Glyph>
          <Glyph id="w98675g2">
            <Coords points="833,1055 833,1055 833,1198 833,1198"/>
            <TextEquiv index="1" conf="0.9999613463878632">
              <Unicode>n</Unicode>
            </TextEquiv>
          </Glyph>
          <Glyph id="w98675g3">
            <Coords points="858,1055 870,1055 870,1198 858,1198"/>
            <TextEquiv index="1" conf="0.9999889433383942">
              <Unicode>t</Unicode>
            </TextEquiv>
          </Glyph>
          <Glyph id="w98675g4">
            <Coords points="895,1055 907,1055 907,1198 895,1198"/>
            <TextEquiv index="1" conf="0.9989214986562729">
              <Unicode>a</Unicode>
            </TextEquiv>
          </Glyph>
          <Glyph id="w98675g5">
            <Coords points="932,1055 932,1055 932,1198 932,1198"/>
            <TextEquiv index="1" conf="0.9997344315052032">
              <Unicode>n</Unicode>
            </TextEquiv>
          </Glyph>
          <Glyph id="w98675g6">
            <Coords points="969,1055 981,1055 981,1198 969,1198"/>
            <TextEquiv index="1" conf="0.9999859929084778">
              <Unicode>t</Unicode>
            </TextEquiv>
          </Glyph>
          <TextEquiv index="1" conf="0.9614800434656234">
            <Unicode>lantant</Unicode>
          </TextEquiv>
        </Word>
        <Word id="w98676">
          <Coords points="1018,1055 1043,1055 1043,1198 1018,1198"/>
          <Glyph id="w98676g0">
            <Coords points="1018,1055 1018,1055 1018,1198 1018,1198"/>
            <TextEquiv index="1" conf="0.9997573792934418">
              <Unicode>l</Unicode>
            </TextEquiv>
          </Glyph>
          <Glyph id="w98676g1">
            <Coords points="1043,1055 1043,1055 1043,1198 1043,1198"/>
            <TextEquiv index="1" conf="0.9993501603603363">
              <Unicode>e</Unicode>
            </TextEquiv>
          </Glyph>
          <TextEquiv index="1" conf="0.9991076973183306">
            <Unicode>le</Unicode>
          </TextEquiv>
        </Word>
        <Word id="w98677">
          <Coords points="1093,1055 1204,1055 1204,1198 1093,1198"/>
          <Glyph id="w98677g0">
            <Coords points="1093,1055 1093,1055 1093,1198 1093,1198"/>
            <TextEquiv index="1" conf="0.9999996423721313">
              <Unicode>p</Unicode>
            </TextEquiv>
          </Glyph>
          <Glyph id="w98677g1">
            <Coords points="1117,1055 1130,1055 1130,1198 1117,1198"/>
            <TextEquiv index="1" conf="0.9969816505908966">
              <Unicode>i</Unicode>
            </TextEquiv>
          </Glyph>
          <Glyph id="w98677g2">
            <Coords points="1142,1055 1154,1055 1154,1198 1142,1198"/>
            <TextEquiv index="1" conf="0.9999368339776993">
              <Unicode>e</Unicode>
            </TextEquiv>
          </Glyph>
          <Glyph id="w98677g3">
            <Coords points="1191,1055 1204,1055 1204,1198 1191,1198"/>
            <TextEquiv index="1" conf="0.9996351599693298">
              <Unicode>d</Unicode>
            </TextEquiv>
          </Glyph>
          <TextEquiv index="1" conf="0.9965546029898509">
            <Unicode>pied</Unicode>
          </TextEquiv>
        </Word>
        <Word id="w98678">
          <Coords points="1241,1055 1389,1055 1389,1198 1241,1198"/>
          <Glyph id="w98678g0">
            <Coords points="1241,1055 1241,1055 1241,1198 1241,1198"/>
            <TextEquiv index="1" conf="0.9999715089797974">
              <Unicode>e</Unicode>
            </TextEquiv>
          </Glyph>
          <Glyph id="w98678g1">
            <Coords points="1266,1055 1266,1055 1266,1198 1266,1198"/>
            <TextEquiv index="1" conf="0.9999559819698334">
              <Unicode>ſ</Unicode>
            </TextEquiv>
          </Glyph>
          <Glyph id="w98678g2">
            <Coords points="1290,1055 1290,1055 1290,1198 1290,1198"/>
            <TextEquiv index="1" conf="0.998001828789711">
              <Unicode>l</Unicode>
            </TextEquiv>
          </Glyph>
          <Glyph id="w98678g3">
            <Coords points="1315,1055 1315,1055 1315,1198 1315,1198"/>
            <TextEquiv index="1" conf="0.9999430924654007">
              <Unicode>e</Unicode>
            </TextEquiv>
          </Glyph>
          <Glyph id="w98678g4">
            <Coords points="1352,1055 1352,1055 1352,1198 1352,1198"/>
            <TextEquiv index="1" conf="0.9811080247163773">
              <Unicode>v</Unicode>
            </TextEquiv>
          </Glyph>
          <Glyph id="w98678g5">
            <Coords points="1389,1055 1389,1055 1389,1198 1389,1198"/>
            <TextEquiv index="1" conf="0.998303696513176">
              <Unicode>é</Unicode>
            </TextEquiv>
          </Glyph>
          <TextEquiv index="1" conf="0.9773601736866405">
            <Unicode>eſlevé</Unicode>
          </TextEquiv>
        </Word>
        <Word id="w98679">
          <Coords points="1439,1055 1476,1055 1476,1198 1439,1198"/>
          <Glyph id="w98679g0">
            <Coords points="1439,1055 1439,1055 1439,1198 1439,1198"/>
            <TextEquiv index="1" conf="0.9999993145465851">
              <Unicode>a</Unicode>
            </TextEquiv>
          </Glyph>
          <Glyph id="w98679g1">
            <Coords points="1476,1055 1476,1055 1476,1198 1476,1198"/>
            <TextEquiv index="1" conf="0.9999970197677612">
              <Unicode>u</Unicode>
            </TextEquiv>
          </Glyph>
          <TextEquiv index="1" conf="0.9999963343163891">
            <Unicode>au</Unicode>
          </TextEquiv>
        </Word>
        <Word id="w98680">
          <Coords points="1538,1055 1686,1055 1686,1198 1538,1198"/>
          <Glyph id="w98680g0">
            <Coords points="1538,1055 1550,1055 1550,1198 1538,1198"/>
            <TextEquiv index="1" conf="0.9999687075614929">
              <Unicode>d</Unicode>
            </TextEquiv>
          </Glyph>
          <Glyph id="w98680g1">
            <Coords points="1575,1055 1575,1055 1575,1198 1575,1198"/>
            <TextEquiv index="1" conf="0.9998891800642014">
              <Unicode>e</Unicode>
            </TextEquiv>
          </Glyph>
          <Glyph id="w98680g2">
            <Coords points="1599,1055 1599,1055 1599,1198 1599,1198"/>
            <TextEquiv index="1" conf="0.9999393969774246">
              <Unicode>ſ</Unicode>
            </TextEquiv>
          </Glyph>
          <Glyph id="w98680g3">
            <Coords points="1624,1055 1624,1055 1624,1198 1624,1198"/>
            <TextEquiv index="1" conf="0.9997913092374802">
              <Unicode>ſ</Unicode>
            </TextEquiv>
          </Glyph>
          <Glyph id="w98680g4">
            <Coords points="1649,1055 1649,1055 1649,1198 1649,1198"/>
            <TextEquiv index="1" conf="0.999438464641571">
              <Unicode>u</Unicode>
            </TextEquiv>
          </Glyph>
          <Glyph id="w98680g5">
            <Coords points="1686,1055 1686,1055 1686,1198 1686,1198"/>
            <TextEquiv index="1" conf="0.9944881796836853">
              <Unicode>s</Unicode>
            </TextEquiv>
          </Glyph>
          <TextEquiv index="1" conf="0.9935208846426993">
            <Unicode>deſſus</Unicode>
          </TextEquiv>
        </Word>
        <Word id="w98681">
          <Coords points="1735,1055 2094,1055 2094,1198 1735,1198"/>
          <Glyph id="w98681g0">
            <Coords points="1735,1055 1748,1055 1748,1198 1735,1198"/>
            <TextEquiv index="1" conf="0.9996617436408997">
              <Unicode>d</Unicode>
            </TextEquiv>
          </Glyph>
          <Glyph id="w98681g1">
            <Coords points="1773,1055 1773,1055 1773,1198 1773,1198"/>
            <TextEquiv index="1" conf="0.9999058544635773">
              <Unicode>u</Unicode>
            </TextEquiv>
          </Glyph>
          <Glyph id="w98681g2">
            <Coords points="1847,1055 1847,1055 1847,1198 1847,1198"/>
            <TextEquiv index="1" conf="0.9999997019767761">
              <Unicode>D</Unicode>
            </TextEquiv>
          </Glyph>
          <Glyph id="w98681g3">
            <Coords points="1884,1055 1884,1055 1884,1198 1884,1198"/>
            <TextEquiv index="1" conf="0.9996237754821777">
              <Unicode>i</Unicode>
            </TextEquiv>
          </Glyph>
          <Glyph id="w98681g4">
            <Coords points="1909,1055 1909,1055 1909,1198 1909,1198"/>
            <TextEquiv index="1" conf="0.9999866783618927">
              <Unicode>a</Unicode>
            </TextEquiv>
          </Glyph>
          <Glyph id="w98681g5">
            <Coords points="1958,1055 1970,1055 1970,1198 1958,1198"/>
            <TextEquiv index="1" conf="0.9997240602970123">
              <Unicode>m</Unicode>
            </TextEquiv>
          </Glyph>
          <Glyph id="w98681g6">
            <Coords points="1995,1055 2007,1055 2007,1198 1995,1198"/>
            <TextEquiv index="1" conf="0.9977300763130188">
              <Unicode>e</Unicode>
            </TextEquiv>
          </Glyph>
          <Glyph id="w98681g7">
            <Coords points="2032,1055 2032,1055 2032,1198 2032,1198"/>
            <TextEquiv index="1" conf="0.9998991936445236">
              <Unicode>t</Unicode>
            </TextEquiv>
          </Glyph>
          <Glyph id="w98681g8">
            <Coords points="2057,1055 2069,1055 2069,1198 2057,1198"/>
            <TextEquiv index="1" conf="0.999994695186615">
              <Unicode>r</Unicode>
            </TextEquiv>
          </Glyph>
          <Glyph id="w98681g9">
            <Coords points="2094,1055 2094,1055 2094,1198 2094,1198"/>
            <TextEquiv index="1" conf="0.9989995360374451">
              <Unicode>e</Unicode>
            </TextEquiv>
          </Glyph>
          <TextEquiv index="1" conf="0.9955320697480474">
            <Unicode>duDiametre</Unicode>
          </TextEquiv>
        </Word>
        <Word id="w98682">
          <Coords points="2131,1055 2218,1055 2218,1198 2131,1198"/>
          <Glyph id="w98682g0">
            <Coords points="2131,1055 2143,1055 2143,1198 2131,1198"/>
            <TextEquiv index="1" conf="0.9971697628498077">
              <Unicode>ſ</Unicode>
            </TextEquiv>
          </Glyph>
          <Glyph id="w98682g1">
            <Coords points="2168,1055 2168,1055 2168,1198 2168,1198"/>
            <TextEquiv index="1" conf="0.9999815821647644">
              <Unicode>u</Unicode>
            </TextEquiv>
          </Glyph>
          <Glyph id="w98682g2">
            <Coords points="2205,1055 2218,1055 2218,1198 2205,1198"/>
            <TextEquiv index="1" conf="0.9999998807907104">
              <Unicode>r</Unicode>
            </TextEquiv>
          </Glyph>
          <TextEquiv index="1" conf="0.997151278271704">
            <Unicode>ſur</Unicode>
          </TextEquiv>
        </Word>
        <Word id="w98683">
          <Coords points="2255,1055 2279,1055 2279,1198 2255,1198"/>
          <Glyph id="w98683g0">
            <Coords points="2255,1055 2255,1055 2255,1198 2255,1198"/>
            <TextEquiv index="1" conf="0.9999049156904221">
              <Unicode>l</Unicode>
            </TextEquiv>
          </Glyph>
          <Glyph id="w98683g1">
            <Coords points="2279,1055 2279,1055 2279,1198 2279,1198"/>
            <TextEquiv index="1" conf="0.9999973475933075">
              <Unicode>a</Unicode>
            </TextEquiv>
          </Glyph>
          <TextEquiv index="1" conf="0.9999022635359318">
            <Unicode>la</Unicode>
          </TextEquiv>
        </Word>
        <Word id="w98684">
          <Coords points="2329,1055 2465,1055 2465,1198 2329,1198"/>
          <Glyph id="w98684g0">
            <Coords points="2329,1055 2329,1055 2329,1198 2329,1198"/>
            <TextEquiv index="1" conf="0.9999798834323883">
              <Unicode>l</Unicode>
            </TextEquiv>
          </Glyph>
          <Glyph id="w98684g1">
            <Coords points="2354,1055 2354,1055 2354,1198 2354,1198"/>
            <TextEquiv index="1" conf="0.9999670088291168">
              <Unicode>i</Unicode>
            </TextEquiv>
          </Glyph>
          <Glyph id="w98684g2">
            <Coords points="2391,1055 2391,1055 2391,1198 2391,1198"/>
            <TextEquiv index="1" conf="0.9999996721744537">
              <Unicode>g</Unicode>
            </TextEquiv>
          </Glyph>
          <Glyph id="w98684g3">
            <Coords points="2415,1055 2428,1055 2428,1198 2415,1198"/>
            <TextEquiv index="1" conf="0.9976977854967117">
              <Unicode>n</Unicode>
            </TextEquiv>
          </Glyph>
          <Glyph id="w98684g4">
            <Coords points="2452,1055 2465,1055 2465,1198 2452,1198"/>
            <TextEquiv index="1" conf="0.9966550767421722">
              <Unicode>e</Unicode>
            </TextEquiv>
          </Glyph>
          <TextEquiv index="1" conf="0.9943074294294161">
            <Unicode>ligne</Unicode>
          </TextEquiv>
        </Word>
        <Word id="w98685">
          <Coords points="2564,1055 2576,1055 2576,1198 2564,1198"/>
          <Glyph id="w98685g0">
            <Coords points="2564,1055 2576,1055 2576,1198 2564,1198"/>
            <TextEquiv index="1" conf="0.9999995231628418">
              <Unicode>N</Unicode>
            </TextEquiv>
          </Glyph>
          <TextEquiv index="1" conf="0.9999995231628418">
            <Unicode>N</Unicode>
          </TextEquiv>
        </Word>
        <Word id="w98686">
          <Coords points="2650,1055 2687,1055 2687,1198 2650,1198"/>
          <Glyph id="w98686g0">
            <Coords points="2650,1055 2663,1055 2663,1198 2650,1198"/>
            <TextEquiv index="1" conf="0.9810663610696793">
              <Unicode>L</Unicode>
            </TextEquiv>
          </Glyph>
          <Glyph id="w98686g1">
            <Coords points="2687,1055 2687,1055 2687,1198 2687,1198"/>
            <TextEquiv index="1" conf="0.999870166182518">
              <Unicode>.</Unicode>
            </TextEquiv>
          </Glyph>
          <TextEquiv index="1" conf="0.9809389854788184">
            <Unicode>L.</Unicode>
          </TextEquiv>
        </Word>
        <TextEquiv>
          <Unicode/>
        </TextEquiv>
        <TextEquiv index="1" conf="0.9952685344414632">
          <Unicode>lantant le pied eſlevé au deſſus duDiametre ſur la ligne N L.</Unicode>
        </TextEquiv>
      </TextLine>
      <TextLine id="r9_l005">
        <Coords points="2683,1332 2678,1327 2678,1270 2566,1271 2564,1274 2502,1274 2499,1271 2339,1273 2339,1274 2334,1279 2320,1279 2315,1274 2315,1273 1963,1277 1962,1279 1846,1279 1649,1281 1647,1284 1644,1281 1529,1282 1528,1284 1489,1284 1488,1282 1011,1288 1013,1408 2683,1390 2683,1332"/>
        <Word id="w98687">
          <Coords points="1045,1270 1185,1270 1185,1408 1045,1408"/>
          <Glyph id="w98687g0">
            <Coords points="1045,1270 1045,1270 1045,1408 1045,1408"/>
            <TextEquiv index="1" conf="0.5838441451390585">
              <Unicode>’</Unicode>
            </TextEquiv>
          </Glyph>
          <Glyph id="w98687g1">
            <Coords points="1109,1270 1109,1270 1109,1408 1109,1408"/>
            <TextEquiv index="1" conf="0.9999999403953552">
              <Unicode>E</Unicode>
            </TextEquiv>
          </Glyph>
          <Glyph id="w98687g2">
            <Coords points="1147,1270 1147,1270 1147,1408 1147,1408"/>
            <TextEquiv index="1" conf="0.9999582171440125">
              <Unicode>ſ</Unicode>
            </TextEquiv>
          </Glyph>
          <Glyph id="w98687g3">
            <Coords points="1185,1270 1185,1270 1185,1408 1185,1408"/>
            <TextEquiv index="1" conf="0.9997456967830658">
              <Unicode>t</Unicode>
            </TextEquiv>
          </Glyph>
          <TextEquiv index="1" conf="0.5836712484330508">
            <Unicode>’Eſt</Unicode>
          </TextEquiv>
        </Word>
        <Word id="w98688">
          <Coords points="1248,1270 1286,1270 1286,1408 1248,1408"/>
          <Glyph id="w98688g0">
            <Coords points="1248,1270 1248,1270 1248,1408 1248,1408"/>
            <TextEquiv index="1" conf="0.9999839961528778">
              <Unicode>l</Unicode>
            </TextEquiv>
          </Glyph>
          <Glyph id="w98688g1">
            <Coords points="1286,1270 1286,1270 1286,1408 1286,1408"/>
            <TextEquiv index="1" conf="0.9999993741512299">
              <Unicode>a</Unicode>
            </TextEquiv>
          </Glyph>
          <TextEquiv index="1" conf="0.9999833703141237">
            <Unicode>la</Unicode>
          </TextEquiv>
        </Word>
        <Word id="w98689">
          <Coords points="1349,1270 1527,1270 1527,1408 1349,1408"/>
          <Glyph id="w98689g0">
            <Coords points="1349,1270 1349,1270 1349,1408 1349,1408"/>
            <TextEquiv index="1" conf="0.9980729669332504">
              <Unicode>ſ</Unicode>
            </TextEquiv>
          </Glyph>
          <Glyph id="w98689g1">
            <Coords points="1375,1270 1387,1270 1387,1408 1375,1408"/>
            <TextEquiv index="1" conf="0.9999146610498428">
              <Unicode>u</Unicode>
            </TextEquiv>
          </Glyph>
          <Glyph id="w98689g2">
            <Coords points="1438,1270 1438,1270 1438,1408 1438,1408"/>
            <TextEquiv index="1" conf="0.999998539686203">
              <Unicode>i</Unicode>
            </TextEquiv>
          </Glyph>
          <Glyph id="w98689g3">
            <Coords points="1476,1270 1476,1270 1476,1408 1476,1408"/>
            <TextEquiv index="1" conf="0.9999972581863403">
              <Unicode>t</Unicode>
            </TextEquiv>
          </Glyph>
          <Glyph id="w98689g4">
            <Coords points="1514,1270 1527,1270 1527,1408 1514,1408"/>
            <TextEquiv index="1" conf="0.9999983906745911">
              <Unicode>e</Unicode>
            </TextEquiv>
          </Glyph>
          <TextEquiv index="1" conf="0.9979819926858008">
            <Unicode>ſuite</Unicode>
          </TextEquiv>
        </Word>
        <Word id="w98690">
          <Coords points="1615,1270 1679,1270 1679,1408 1615,1408"/>
          <Glyph id="w98690g0">
            <Coords points="1615,1270 1628,1270 1628,1408 1615,1408"/>
            <TextEquiv index="1" conf="1.0">
              <Unicode>d</Unicode>
            </TextEquiv>
          </Glyph>
          <Glyph id="w98690g1">
            <Coords points="1666,1270 1679,1270 1679,1408 1666,1408"/>
            <TextEquiv index="1" conf="0.9999990463256836">
              <Unicode>e</Unicode>
            </TextEquiv>
          </Glyph>
          <TextEquiv index="1" conf="0.9999990463256836">
            <Unicode>de</Unicode>
          </TextEquiv>
        </Word>
        <Word id="w98691">
          <Coords points="1730,1270 2186,1270 2186,1408 1730,1408"/>
          <Glyph id="w98691g0">
            <Coords points="1730,1270 1742,1270 1742,1408 1730,1408"/>
            <TextEquiv index="1" conf="0.9999950528144836">
              <Unicode>l</Unicode>
            </TextEquiv>
          </Glyph>
          <Glyph id="w98691g1">
            <Coords points="1755,1270 1755,1270 1755,1408 1755,1408"/>
            <TextEquiv index="1" conf="0.9995125979185104">
              <Unicode>’</Unicode>
            </TextEquiv>
          </Glyph>
          <Glyph id="w98691g2">
            <Coords points="1793,1270 1806,1270 1806,1408 1793,1408"/>
            <TextEquiv index="1" conf="0.9999743700027466">
              <Unicode>o</Unicode>
            </TextEquiv>
          </Glyph>
          <Glyph id="w98691g3">
            <Coords points="1844,1270 1856,1270 1856,1408 1844,1408"/>
            <TextEquiv index="1" conf="1.0">
              <Unicode>p</Unicode>
            </TextEquiv>
          </Glyph>
          <Glyph id="w98691g4">
            <Coords points="1920,1270 1920,1270 1920,1408 1920,1408"/>
            <TextEquiv index="1" conf="0.9999982714653015">
              <Unicode>e</Unicode>
            </TextEquiv>
          </Glyph>
          <Glyph id="w98691g5">
            <Coords points="1958,1270 1970,1270 1970,1408 1958,1408"/>
            <TextEquiv index="1" conf="0.9999999403953552">
              <Unicode>r</Unicode>
            </TextEquiv>
          </Glyph>
          <Glyph id="w98691g6">
            <Coords points="1996,1270 2008,1270 2008,1408 1996,1408"/>
            <TextEquiv index="1" conf="0.9999946355819702">
              <Unicode>a</Unicode>
            </TextEquiv>
          </Glyph>
          <Glyph id="w98691g7">
            <Coords points="2046,1270 2046,1270 2046,1408 2046,1408"/>
            <TextEquiv index="1" conf="0.999997466802597">
              <Unicode>t</Unicode>
            </TextEquiv>
          </Glyph>
          <Glyph id="w98691g8">
            <Coords points="2084,1270 2084,1270 2084,1408 2084,1408"/>
            <TextEquiv index="1" conf="0.9999991357326508">
              <Unicode>i</Unicode>
            </TextEquiv>
          </Glyph>
          <Glyph id="w98691g9">
            <Coords points="2122,1270 2135,1270 2135,1408 2122,1408"/>
            <TextEquiv index="1" conf="0.9999971985816956">
              <Unicode>o</Unicode>
            </TextEquiv>
          </Glyph>
          <Glyph id="w98691g10">
            <Coords points="2173,1270 2186,1270 2186,1408 2173,1408"/>
            <TextEquiv index="1" conf="0.999838262796402">
              <Unicode>n</Unicode>
            </TextEquiv>
          </Glyph>
          <TextEquiv index="1" conf="0.999307040035487">
            <Unicode>l’operation</Unicode>
          </TextEquiv>
        </Word>
        <Word id="w98692">
          <Coords points="2287,1270 2338,1270 2338,1408 2287,1408"/>
          <Glyph id="w98692g0">
            <Coords points="2287,1270 2300,1270 2300,1408 2287,1408"/>
            <TextEquiv index="1" conf="1.0">
              <Unicode>d</Unicode>
            </TextEquiv>
          </Glyph>
          <Glyph id="w98692g1">
            <Coords points="2325,1270 2338,1270 2338,1408 2325,1408"/>
            <TextEquiv index="1" conf="0.9999999403953552">
              <Unicode>u</Unicode>
            </TextEquiv>
          </Glyph>
          <TextEquiv index="1" conf="0.9999999403953552">
            <Unicode>du</Unicode>
          </TextEquiv>
        </Word>
        <Word id="w98693">
          <Coords points="2465,1270 2693,1270 2693,1408 2465,1408"/>
          <Glyph id="w98693g0">
            <Coords points="2465,1270 2465,1270 2465,1408 2465,1408"/>
            <TextEquiv index="1" conf="1.0">
              <Unicode>C</Unicode>
            </TextEquiv>
          </Glyph>
          <Glyph id="w98693g1">
            <Coords points="2515,1270 2515,1270 2515,1408 2515,1408"/>
            <TextEquiv index="1" conf="0.9999993145465851">
              <Unicode>e</Unicode>
            </TextEquiv>
          </Glyph>
          <Glyph id="w98693g2">
            <Coords points="2566,1270 2566,1270 2566,1408 2566,1408"/>
            <TextEquiv index="1" conf="0.9999999105930328">
              <Unicode>r</Unicode>
            </TextEquiv>
          </Glyph>
          <Glyph id="w98693g3">
            <Coords points="2617,1270 2617,1270 2617,1408 2617,1408"/>
            <TextEquiv index="1" conf="0.9999412000179291">
              <Unicode>c</Unicode>
            </TextEquiv>
          </Glyph>
          <Glyph id="w98693g4">
            <Coords points="2642,1270 2655,1270 2655,1408 2642,1408"/>
            <TextEquiv index="1" conf="0.9999919831752777">
              <Unicode>l</Unicode>
            </TextEquiv>
          </Glyph>
          <Glyph id="w98693g5">
            <Coords points="2693,1270 2693,1270 2693,1408 2693,1408"/>
            <TextEquiv index="1" conf="0.9999986290931702">
              <Unicode>e</Unicode>
            </TextEquiv>
          </Glyph>
          <TextEquiv index="1" conf="0.9999310380418799">
            <Unicode>Cercle</Unicode>
          </TextEquiv>
        </Word>
        <TextEquiv>
          <Unicode/>
        </TextEquiv>
        <TextEquiv index="1" conf="0.9889559382409381">
          <Unicode>’Eſt la ſuite de l’operation du Cercle</Unicode>
        </TextEquiv>
      </TextLine>
      <TextLine id="r9_l006">
        <Coords points="2683,1397 1018,1415 1019,1532 2683,1514 2683,1397"/>
        <Word id="w98694">
          <Coords points="1061,1397 1534,1397 1534,1532 1061,1532"/>
          <Glyph id="w98694g0">
            <Coords points="1061,1397 1084,1397 1084,1532 1061,1532"/>
            <TextEquiv index="1" conf="0.9999999105930328">
              <Unicode>p</Unicode>
            </TextEquiv>
          </Glyph>
          <Glyph id="w98694g1">
            <Coords points="1120,1397 1120,1397 1120,1532 1120,1532"/>
            <TextEquiv index="1" conf="0.9999999701976776">
              <Unicode>r</Unicode>
            </TextEquiv>
          </Glyph>
          <Glyph id="w98694g2">
            <Coords points="1167,1397 1179,1397 1179,1532 1167,1532"/>
            <TextEquiv index="1" conf="0.9995688796043396">
              <Unicode>e</Unicode>
            </TextEquiv>
          </Glyph>
          <Glyph id="w98694g3">
            <Coords points="1226,1397 1226,1397 1226,1532 1226,1532"/>
            <TextEquiv index="1" conf="0.9999993145465851">
              <Unicode>c</Unicode>
            </TextEquiv>
          </Glyph>
          <Glyph id="w98694g4">
            <Coords points="1274,1397 1285,1397 1285,1532 1274,1532"/>
            <TextEquiv index="1" conf="0.9999988377094269">
              <Unicode>e</Unicode>
            </TextEquiv>
          </Glyph>
          <Glyph id="w98694g5">
            <Coords points="1333,1397 1345,1397 1345,1532 1333,1532"/>
            <TextEquiv index="1" conf="0.9999993145465851">
              <Unicode>d</Unicode>
            </TextEquiv>
          </Glyph>
          <Glyph id="w98694g6">
            <Coords points="1392,1397 1392,1397 1392,1532 1392,1532"/>
            <TextEquiv index="1" conf="1.0">
              <Unicode>e</Unicode>
            </TextEquiv>
          </Glyph>
          <Glyph id="w98694g7">
            <Coords points="1427,1397 1439,1397 1439,1532 1427,1532"/>
            <TextEquiv index="1" conf="0.9999986588954926">
              <Unicode>n</Unicode>
            </TextEquiv>
          </Glyph>
          <Glyph id="w98694g8">
            <Coords points="1498,1397 1498,1397 1498,1532 1498,1532"/>
            <TextEquiv index="1" conf="0.9999899566173553">
              <Unicode>t</Unicode>
            </TextEquiv>
          </Glyph>
          <Glyph id="w98694g9">
            <Coords points="1522,1397 1534,1397 1534,1532 1522,1532"/>
            <TextEquiv index="1" conf="0.9992490261793137">
              <Unicode>,</Unicode>
            </TextEquiv>
          </Glyph>
          <TextEquiv index="1" conf="0.9988042092843048">
            <Unicode>precedent,</Unicode>
          </TextEquiv>
        </Word>
        <Word id="w98695">
          <Coords points="1617,1397 1664,1397 1664,1532 1617,1532"/>
          <Glyph id="w98695g0">
            <Coords points="1617,1397 1628,1397 1628,1532 1617,1532"/>
            <TextEquiv index="1" conf="0.9999770224094391">
              <Unicode>N</Unicode>
            </TextEquiv>
          </Glyph>
          <Glyph id="w98695g1">
            <Coords points="1652,1397 1664,1397 1664,1532 1652,1532"/>
            <TextEquiv index="1" conf="0.9999980926513672">
              <Unicode>.</Unicode>
            </TextEquiv>
          </Glyph>
          <TextEquiv index="1" conf="0.9999751151046326">
            <Unicode>N.</Unicode>
          </TextEquiv>
        </Word>
        <Word id="w98696">
          <Coords points="1699,1397 1794,1397 1794,1532 1699,1532"/>
          <Glyph id="w98696g0">
            <Coords points="1699,1397 1711,1397 1711,1532 1699,1532"/>
            <TextEquiv index="1" conf="0.9995261281728745">
              <Unicode>1</Unicode>
            </TextEquiv>
          </Glyph>
          <Glyph id="w98696g1">
            <Coords points="1759,1397 1759,1397 1759,1532 1759,1532"/>
            <TextEquiv index="1" conf="0.9999995231628418">
              <Unicode>5</Unicode>
            </TextEquiv>
          </Glyph>
          <Glyph id="w98696g2">
            <Coords points="1794,1397 1794,1397 1794,1532 1794,1532"/>
            <TextEquiv index="1" conf="0.9998984336853027">
              <Unicode>.</Unicode>
            </TextEquiv>
          </Glyph>
          <TextEquiv index="1" conf="0.9994241334248014">
            <Unicode>15.</Unicode>
          </TextEquiv>
        </Word>
        <Word id="w98697">
          <Coords points="1865,1397 2421,1397 2421,1532 1865,1532"/>
          <Glyph id="w98697g0">
            <Coords points="1865,1397 1889,1397 1889,1532 1865,1532"/>
            <TextEquiv index="1" conf="0.9999999403953552">
              <Unicode>A</Unicode>
            </TextEquiv>
          </Glyph>
          <Glyph id="w98697g1">
            <Coords points="1948,1397 1948,1397 1948,1532 1948,1532"/>
            <TextEquiv index="1" conf="0.9999912977218628">
              <Unicode>L</Unicode>
            </TextEquiv>
          </Glyph>
          <Glyph id="w98697g2">
            <Coords points="2007,1397 2007,1397 2007,1532 2007,1532"/>
            <TextEquiv index="1" conf="0.9999943971633911">
              <Unicode>E</Unicode>
            </TextEquiv>
          </Glyph>
          <Glyph id="w98697g3">
            <Coords points="2078,1397 2078,1397 2078,1532 2078,1532"/>
            <TextEquiv index="1" conf="0.9999982118606567">
              <Unicode>X</Unicode>
            </TextEquiv>
          </Glyph>
          <Glyph id="w98697g4">
            <Coords points="2137,1397 2149,1397 2149,1532 2137,1532"/>
            <TextEquiv index="1" conf="1.0">
              <Unicode>A</Unicode>
            </TextEquiv>
          </Glyph>
          <Glyph id="w98697g5">
            <Coords points="2220,1397 2220,1397 2220,1532 2220,1532"/>
            <TextEquiv index="1" conf="1.0">
              <Unicode>N</Unicode>
            </TextEquiv>
          </Glyph>
          <Glyph id="w98697g6">
            <Coords points="2279,1397 2291,1397 2291,1532 2279,1532"/>
            <TextEquiv index="1" conf="0.9999936521053314">
              <Unicode>D</Unicode>
            </TextEquiv>
          </Glyph>
          <Glyph id="w98697g7">
            <Coords points="2350,1397 2362,1397 2362,1532 2350,1532"/>
            <TextEquiv index="1" conf="0.9999443739652634">
              <Unicode>R</Unicode>
            </TextEquiv>
          </Glyph>
          <Glyph id="w98697g8">
            <Coords points="2409,1397 2421,1397 2421,1532 2409,1532"/>
            <TextEquiv index="1" conf="0.9995882511138916">
              <Unicode>E</Unicode>
            </TextEquiv>
          </Glyph>
          <TextEquiv index="1" conf="0.9995101579232318">
            <Unicode>ALEXANDRE</Unicode>
          </TextEquiv>
        </Word>
        <Word id="w98698">
          <Coords points="2480,1397 2705,1397 2705,1532 2480,1532"/>
          <Glyph id="w98698g0">
            <Coords points="2480,1397 2504,1397 2504,1532 2480,1532"/>
            <TextEquiv index="1" conf="1.0">
              <Unicode>p</Unicode>
            </TextEquiv>
          </Glyph>
          <Glyph id="w98698g1">
            <Coords points="2551,1397 2563,1397 2563,1532 2551,1532"/>
            <TextEquiv index="1" conf="0.9999626576900482">
              <Unicode>o</Unicode>
            </TextEquiv>
          </Glyph>
          <Glyph id="w98698g2">
            <Coords points="2598,1397 2610,1397 2610,1532 2598,1532"/>
            <TextEquiv index="1" conf="0.9999954700469971">
              <Unicode>u</Unicode>
            </TextEquiv>
          </Glyph>
          <Glyph id="w98698g3">
            <Coords points="2669,1397 2669,1397 2669,1532 2669,1532"/>
            <TextEquiv index="1" conf="0.9999998807907104">
              <Unicode>r</Unicode>
            </TextEquiv>
          </Glyph>
          <Glyph id="w98698g4">
            <Coords points="2705,1397 2705,1397 2705,1532 2705,1532"/>
            <TextEquiv index="1" conf="0.9997724741697311">
              <Unicode>-</Unicode>
            </TextEquiv>
          </Glyph>
          <TextEquiv index="1" conf="0.9997304924257423">
            <Unicode>pour-</Unicode>
          </TextEquiv>
        </Word>
        <TextEquiv>
          <Unicode/>
        </TextEquiv>
        <TextEquiv index="1" conf="0.9979911121455106">
          <Unicode>precedent, N. 15. ALEXANDRE pour-</Unicode>
        </TextEquiv>
      </TextLine>
      <TextLine id="r9_l007">
        <Coords points="2683,1618 2683,1520 1016,1538 1016,1647 1117,1647 1122,1652 1119,1653 2684,1637 2683,1618 2683,1618"/>
        <Word id="w98699">
          <Coords points="1056,1520 1349,1520 1349,1653 1056,1653"/>
          <Glyph id="w98699g0">
            <Coords points="1056,1520 1056,1520 1056,1653 1056,1653"/>
            <TextEquiv index="1" conf="0.9999768435955048">
              <Unicode>ſ</Unicode>
            </TextEquiv>
          </Glyph>
          <Glyph id="w98699g1">
            <Coords points="1090,1520 1101,1520 1101,1653 1090,1653"/>
            <TextEquiv index="1" conf="0.9999960958957672">
              <Unicode>u</Unicode>
            </TextEquiv>
          </Glyph>
          <Glyph id="w98699g2">
            <Coords points="1146,1520 1146,1520 1146,1653 1146,1653"/>
            <TextEquiv index="1" conf="0.999996155500412">
              <Unicode>i</Unicode>
            </TextEquiv>
          </Glyph>
          <Glyph id="w98699g3">
            <Coords points="1191,1520 1203,1520 1203,1653 1191,1653"/>
            <TextEquiv index="1" conf="0.9999963343143463">
              <Unicode>v</Unicode>
            </TextEquiv>
          </Glyph>
          <Glyph id="w98699g4">
            <Coords points="1236,1520 1248,1520 1248,1653 1236,1653"/>
            <TextEquiv index="1" conf="0.9999995827674866">
              <Unicode>a</Unicode>
            </TextEquiv>
          </Glyph>
          <Glyph id="w98699g5">
            <Coords points="1282,1520 1293,1520 1293,1653 1282,1653"/>
            <TextEquiv index="1" conf="0.9999893307685852">
              <Unicode>n</Unicode>
            </TextEquiv>
          </Glyph>
          <Glyph id="w98699g6">
            <Coords points="1349,1520 1349,1520 1349,1653 1349,1653"/>
            <TextEquiv index="1" conf="0.9999755620956421">
              <Unicode>t</Unicode>
            </TextEquiv>
          </Glyph>
          <TextEquiv index="1" conf="0.9999299067489333">
            <Unicode>ſuivant</Unicode>
          </TextEquiv>
        </Word>
        <Word id="w98700">
          <Coords points="1406,1520 2015,1520 2015,1653 1406,1653"/>
          <Glyph id="w98700g0">
            <Coords points="1406,1520 1428,1520 1428,1653 1406,1653"/>
            <TextEquiv index="1" conf="1.0">
              <Unicode>p</Unicode>
            </TextEquiv>
          </Glyph>
          <Glyph id="w98700g1">
            <Coords points="1473,1520 1473,1520 1473,1653 1473,1653"/>
            <TextEquiv index="1" conf="1.0">
              <Unicode>r</Unicode>
            </TextEquiv>
          </Glyph>
          <Glyph id="w98700g2">
            <Coords points="1518,1520 1530,1520 1530,1653 1518,1653"/>
            <TextEquiv index="1" conf="0.9999885857105255">
              <Unicode>o</Unicode>
            </TextEquiv>
          </Glyph>
          <Glyph id="w98700g3">
            <Coords points="1597,1520 1609,1520 1609,1653 1597,1653"/>
            <TextEquiv index="1" conf="1.0">
              <Unicode>m</Unicode>
            </TextEquiv>
          </Glyph>
          <Glyph id="w98700g4">
            <Coords points="1665,1520 1676,1520 1676,1653 1665,1653"/>
            <TextEquiv index="1" conf="1.0">
              <Unicode>p</Unicode>
            </TextEquiv>
          </Glyph>
          <Glyph id="w98700g5">
            <Coords points="1721,1520 1721,1520 1721,1653 1721,1653"/>
            <TextEquiv index="1" conf="0.9999996423721313">
              <Unicode>t</Unicode>
            </TextEquiv>
          </Glyph>
          <Glyph id="w98700g6">
            <Coords points="1767,1520 1778,1520 1778,1653 1767,1653"/>
            <TextEquiv index="1" conf="0.9999996423721313">
              <Unicode>e</Unicode>
            </TextEquiv>
          </Glyph>
          <Glyph id="w98700g7">
            <Coords points="1834,1520 1846,1520 1846,1653 1834,1653"/>
            <TextEquiv index="1" conf="0.9999999403953552">
              <Unicode>m</Unicode>
            </TextEquiv>
          </Glyph>
          <Glyph id="w98700g8">
            <Coords points="1913,1520 1913,1520 1913,1653 1913,1653"/>
            <TextEquiv index="1" conf="1.0">
              <Unicode>e</Unicode>
            </TextEquiv>
          </Glyph>
          <Glyph id="w98700g9">
            <Coords points="1958,1520 1958,1520 1958,1653 1958,1653"/>
            <TextEquiv index="1" conf="0.9999999105930328">
              <Unicode>n</Unicode>
            </TextEquiv>
          </Glyph>
          <Glyph id="w98700g10">
            <Coords points="2015,1520 2015,1520 2015,1653 2015,1653"/>
            <TextEquiv index="1" conf="0.9999947547912598">
              <Unicode>t</Unicode>
            </TextEquiv>
          </Glyph>
          <TextEquiv index="1" conf="0.9999824763089444">
            <Unicode>promptement</Unicode>
          </TextEquiv>
        </Word>
        <Word id="w98701">
          <Coords points="2105,1520 2308,1520 2308,1653 2105,1653"/>
          <Glyph id="w98701g0">
            <Coords points="2105,1520 2105,1520 2105,1653 2105,1653"/>
            <TextEquiv index="1" conf="0.999999463558197">
              <Unicode>e</Unicode>
            </TextEquiv>
          </Glyph>
          <Glyph id="w98701g1">
            <Coords points="2150,1520 2150,1520 2150,1653 2150,1653"/>
            <TextEquiv index="1" conf="1.0">
              <Unicode>n</Unicode>
            </TextEquiv>
          </Glyph>
          <Glyph id="w98701g2">
            <Coords points="2206,1520 2206,1520 2206,1653 2206,1653"/>
            <TextEquiv index="1" conf="0.9999962151050568">
              <Unicode>t</Unicode>
            </TextEquiv>
          </Glyph>
          <Glyph id="w98701g3">
            <Coords points="2252,1520 2252,1520 2252,1653 2252,1653"/>
            <TextEquiv index="1" conf="0.9999999701976776">
              <Unicode>r</Unicode>
            </TextEquiv>
          </Glyph>
          <Glyph id="w98701g4">
            <Coords points="2297,1520 2308,1520 2308,1653 2297,1653"/>
            <TextEquiv index="1" conf="0.9999805390834808">
              <Unicode>e</Unicode>
            </TextEquiv>
          </Glyph>
          <TextEquiv index="1" conf="0.9999761880312485">
            <Unicode>entre</Unicode>
          </TextEquiv>
        </Word>
        <Word id="w98702">
          <Coords points="2387,1520 2432,1520 2432,1653 2387,1653"/>
          <Glyph id="w98702g0">
            <Coords points="2387,1520 2398,1520 2398,1653 2387,1653"/>
            <TextEquiv index="1" conf="0.9999987483024597">
              <Unicode>d</Unicode>
            </TextEquiv>
          </Glyph>
          <Glyph id="w98702g1">
            <Coords points="2432,1520 2432,1520 2432,1653 2432,1653"/>
            <TextEquiv index="1" conf="0.9999999105930328">
              <Unicode>u</Unicode>
            </TextEquiv>
          </Glyph>
          <TextEquiv index="1" conf="0.9999986588956045">
            <Unicode>du</Unicode>
          </TextEquiv>
        </Word>
        <Word id="w98703">
          <Coords points="2534,1520 2703,1520 2703,1653 2534,1653"/>
          <Glyph id="w98703g0">
            <Coords points="2534,1520 2556,1520 2556,1653 2534,1653"/>
            <TextEquiv index="1" conf="1.0">
              <Unicode>p</Unicode>
            </TextEquiv>
          </Glyph>
          <Glyph id="w98703g1">
            <Coords points="2590,1520 2590,1520 2590,1653 2590,1653"/>
            <TextEquiv index="1" conf="0.9999996721744537">
              <Unicode>i</Unicode>
            </TextEquiv>
          </Glyph>
          <Glyph id="w98703g2">
            <Coords points="2635,1520 2635,1520 2635,1653 2635,1653"/>
            <TextEquiv index="1" conf="0.9999972283840179">
              <Unicode>e</Unicode>
            </TextEquiv>
          </Glyph>
          <Glyph id="w98703g3">
            <Coords points="2692,1520 2703,1520 2703,1653 2692,1653"/>
            <TextEquiv index="1" conf="0.9999939203262329">
              <Unicode>d</Unicode>
            </TextEquiv>
          </Glyph>
          <TextEquiv index="1" conf="0.9999908209044568">
            <Unicode>pied</Unicode>
          </TextEquiv>
        </Word>
        <TextEquiv>
          <Unicode/>
        </TextEquiv>
        <TextEquiv index="1" conf="0.9999829043041576">
          <Unicode>ſuivant promptement entre du pied</Unicode>
        </TextEquiv>
      </TextLine>
      <TextLine id="r9_l008">
        <Coords points="2688,1699 2687,1641 1019,1659 1021,1775 2688,1757 2688,1699"/>
        <Word id="w98704">
          <Coords points="1090,1641 1413,1641 1413,1775 1090,1775"/>
          <Glyph id="w98704g0">
            <Coords points="1090,1641 1090,1641 1090,1775 1090,1775"/>
            <TextEquiv index="1" conf="0.9999999105930328">
              <Unicode>g</Unicode>
            </TextEquiv>
          </Glyph>
          <Glyph id="w98704g1">
            <Coords points="1127,1641 1139,1641 1139,1775 1127,1775"/>
            <TextEquiv index="1" conf="0.9999997913837433">
              <Unicode>a</Unicode>
            </TextEquiv>
          </Glyph>
          <Glyph id="w98704g2">
            <Coords points="1177,1641 1177,1641 1177,1775 1177,1775"/>
            <TextEquiv index="1" conf="0.9999991655349731">
              <Unicode>u</Unicode>
            </TextEquiv>
          </Glyph>
          <Glyph id="w98704g3">
            <Coords points="1252,1641 1252,1641 1252,1775 1252,1775"/>
            <TextEquiv index="1" conf="0.9999998807907104">
              <Unicode>c</Unicode>
            </TextEquiv>
          </Glyph>
          <Glyph id="w98704g4">
            <Coords points="1289,1641 1301,1641 1301,1775 1289,1775"/>
            <TextEquiv index="1" conf="0.9999994039535522">
              <Unicode>h</Unicode>
            </TextEquiv>
          </Glyph>
          <Glyph id="w98704g5">
            <Coords points="1364,1641 1364,1641 1364,1775 1364,1775"/>
            <TextEquiv index="1" conf="0.9999982118606567">
              <Unicode>e</Unicode>
            </TextEquiv>
          </Glyph>
          <Glyph id="w98704g6">
            <Coords points="1413,1641 1413,1641 1413,1775 1413,1775"/>
            <TextEquiv index="1" conf="0.9999514222145081">
              <Unicode>,</Unicode>
            </TextEquiv>
          </Glyph>
          <TextEquiv index="1" conf="0.9999477865122521">
            <Unicode>gauche,</Unicode>
          </TextEquiv>
        </Word>
        <Word id="w98705">
          <Coords points="1488,1641 2036,1641 2036,1775 1488,1775"/>
          <Glyph id="w98705g0">
            <Coords points="1488,1641 1501,1641 1501,1775 1488,1775"/>
            <TextEquiv index="1" conf="0.9999988377094269">
              <Unicode>a</Unicode>
            </TextEquiv>
          </Glyph>
          <Glyph id="w98705g1">
            <Coords points="1538,1641 1538,1641 1538,1775 1538,1775"/>
            <TextEquiv index="1" conf="0.9999756515026093">
              <Unicode>ſ</Unicode>
            </TextEquiv>
          </Glyph>
          <Glyph id="w98705g2">
            <Coords points="1575,1641 1575,1641 1575,1775 1575,1775"/>
            <TextEquiv index="1" conf="0.9999814629554749">
              <Unicode>ſ</Unicode>
            </TextEquiv>
          </Glyph>
          <Glyph id="w98705g3">
            <Coords points="1613,1641 1625,1641 1625,1775 1613,1775"/>
            <TextEquiv index="1" conf="0.9999895691871643">
              <Unicode>o</Unicode>
            </TextEquiv>
          </Glyph>
          <Glyph id="w98705g4">
            <Coords points="1663,1641 1675,1641 1675,1775 1663,1775"/>
            <TextEquiv index="1" conf="0.9999992549419403">
              <Unicode>u</Unicode>
            </TextEquiv>
          </Glyph>
          <Glyph id="w98705g5">
            <Coords points="1725,1641 1725,1641 1725,1775 1725,1775"/>
            <TextEquiv index="1" conf="0.9999982714653015">
              <Unicode>r</Unicode>
            </TextEquiv>
          </Glyph>
          <Glyph id="w98705g6">
            <Coords points="1787,1641 1787,1641 1787,1775 1787,1775"/>
            <TextEquiv index="1" conf="1.0">
              <Unicode>d</Unicode>
            </TextEquiv>
          </Glyph>
          <Glyph id="w98705g7">
            <Coords points="1824,1641 1824,1641 1824,1775 1824,1775"/>
            <TextEquiv index="1" conf="0.9999986886978149">
              <Unicode>i</Unicode>
            </TextEquiv>
          </Glyph>
          <Glyph id="w98705g8">
            <Coords points="1849,1641 1862,1641 1862,1775 1849,1775"/>
            <TextEquiv index="1" conf="0.999979704618454">
              <Unicode>ſ</Unicode>
            </TextEquiv>
          </Glyph>
          <Glyph id="w98705g9">
            <Coords points="1887,1641 1887,1641 1887,1775 1887,1775"/>
            <TextEquiv index="1" conf="0.9999755322933197">
              <Unicode>ſ</Unicode>
            </TextEquiv>
          </Glyph>
          <Glyph id="w98705g10">
            <Coords points="1924,1641 1924,1641 1924,1775 1924,1775"/>
            <TextEquiv index="1" conf="1.0">
              <Unicode>a</Unicode>
            </TextEquiv>
          </Glyph>
          <Glyph id="w98705g11">
            <Coords points="1974,1641 1974,1641 1974,1775 1974,1775"/>
            <TextEquiv index="1" conf="0.9999999701976776">
              <Unicode>n</Unicode>
            </TextEquiv>
          </Glyph>
          <Glyph id="w98705g12">
            <Coords points="2036,1641 2036,1641 2036,1775 2036,1775"/>
            <TextEquiv index="1" conf="0.9999944865703583">
              <Unicode>t</Unicode>
            </TextEquiv>
          </Glyph>
          <TextEquiv index="1" conf="0.999891434986706">
            <Unicode>aſſourdiſſant</Unicode>
          </TextEquiv>
        </Word>
        <Word id="w98706">
          <Coords points="2098,1641 2161,1641 2161,1775 2098,1775"/>
          <Glyph id="w98706g0">
            <Coords points="2098,1641 2111,1641 2111,1775 2098,1775"/>
            <TextEquiv index="1" conf="0.9999901652336121">
              <Unicode>u</Unicode>
            </TextEquiv>
          </Glyph>
          <Glyph id="w98706g1">
            <Coords points="2161,1641 2161,1641 2161,1775 2161,1775"/>
            <TextEquiv index="1" conf="0.9999999701976776">
              <Unicode>n</Unicode>
            </TextEquiv>
          </Glyph>
          <TextEquiv index="1" conf="0.9999901354315828">
            <Unicode>un</Unicode>
          </TextEquiv>
        </Word>
        <Word id="w98707">
          <Coords points="2248,1641 2435,1641 2435,1775 2248,1775"/>
          <Glyph id="w98707g0">
            <Coords points="2248,1641 2273,1641 2273,1775 2248,1775"/>
            <TextEquiv index="1" conf="1.0">
              <Unicode>p</Unicode>
            </TextEquiv>
          </Glyph>
          <Glyph id="w98707g1">
            <Coords points="2323,1641 2323,1641 2323,1775 2323,1775"/>
            <TextEquiv index="1" conf="0.9999987185001373">
              <Unicode>e</Unicode>
            </TextEquiv>
          </Glyph>
          <Glyph id="w98707g2">
            <Coords points="2372,1641 2372,1641 2372,1775 2372,1775"/>
            <TextEquiv index="1" conf="0.9998454600572586">
              <Unicode>t</Unicode>
            </TextEquiv>
          </Glyph>
          <Glyph id="w98707g3">
            <Coords points="2397,1641 2410,1641 2410,1775 2397,1775"/>
            <TextEquiv index="1" conf="0.9999997913837433">
              <Unicode>i</Unicode>
            </TextEquiv>
          </Glyph>
          <Glyph id="w98707g4">
            <Coords points="2435,1641 2435,1641 2435,1775 2435,1775"/>
            <TextEquiv index="1" conf="0.9999969601631165">
              <Unicode>t</Unicode>
            </TextEquiv>
          </Glyph>
          <TextEquiv index="1" conf="0.9998409308091107">
            <Unicode>petit</Unicode>
          </TextEquiv>
        </Word>
        <Word id="w98708">
          <Coords points="2497,1641 2547,1641 2547,1775 2497,1775"/>
          <Glyph id="w98708g0">
            <Coords points="2497,1641 2509,1641 2509,1775 2497,1775"/>
            <TextEquiv index="1" conf="0.9999942183494568">
              <Unicode>l</Unicode>
            </TextEquiv>
          </Glyph>
          <Glyph id="w98708g1">
            <Coords points="2534,1641 2547,1641 2547,1775 2534,1775"/>
            <TextEquiv index="1" conf="0.9999964535236359">
              <Unicode>a</Unicode>
            </TextEquiv>
          </Glyph>
          <TextEquiv index="1" conf="0.9999906718935971">
            <Unicode>la</Unicode>
          </TextEquiv>
        </Word>
        <Word id="w98709">
          <Coords points="2634,1641 2709,1641 2709,1775 2634,1775"/>
          <Glyph id="w98709g0">
            <Coords points="2634,1641 2634,1641 2634,1775 2634,1775"/>
            <TextEquiv index="1" conf="0.9999401569366455">
              <Unicode>l</Unicode>
            </TextEquiv>
          </Glyph>
          <Glyph id="w98709g1">
            <Coords points="2659,1641 2671,1641 2671,1775 2659,1775"/>
            <TextEquiv index="1" conf="0.9999980926513672">
              <Unicode>a</Unicode>
            </TextEquiv>
          </Glyph>
          <Glyph id="w98709g2">
            <Coords points="2709,1641 2709,1641 2709,1775 2709,1775"/>
            <TextEquiv index="1" conf="0.9999935328960419">
              <Unicode>-</Unicode>
            </TextEquiv>
          </Glyph>
          <TextEquiv index="1" conf="0.9999317829975417">
            <Unicode>la-</Unicode>
          </TextEquiv>
        </Word>
        <TextEquiv>
          <Unicode/>
        </TextEquiv>
        <TextEquiv index="1" conf="0.9999746648040978">
          <Unicode>gauche, aſſourdiſſant un petit la la-</Unicode>
        </TextEquiv>
      </TextLine>
      <TextLine id="r9_l009">
        <Coords points="2688,1769 561,1792 562,1908 2688,1885 2688,1769"/>
        <Word id="w98710">
          <Coords points="640,1769 712,1769 712,1908 640,1908"/>
          <Glyph id="w98710g0">
            <Coords points="640,1769 640,1769 640,1908 640,1908"/>
            <TextEquiv index="1" conf="1.0">
              <Unicode>m</Unicode>
            </TextEquiv>
          </Glyph>
          <Glyph id="w98710g1">
            <Coords points="712,1769 712,1769 712,1908 712,1908"/>
            <TextEquiv index="1" conf="0.9999994933605194">
              <Unicode>e</Unicode>
            </TextEquiv>
          </Glyph>
          <TextEquiv index="1" conf="0.9999994933605194">
            <Unicode>me</Unicode>
          </TextEquiv>
        </Word>
        <Word id="w98711">
          <Coords points="796,1769 856,1769 856,1908 796,1908"/>
          <Glyph id="w98711g0">
            <Coords points="796,1769 808,1769 808,1908 796,1908"/>
            <TextEquiv index="1" conf="1.0">
              <Unicode>d</Unicode>
            </TextEquiv>
          </Glyph>
          <Glyph id="w98711g1">
            <Coords points="856,1769 856,1769 856,1908 856,1908"/>
            <TextEquiv index="1" conf="0.9999996721744537">
              <Unicode>e</Unicode>
            </TextEquiv>
          </Glyph>
          <TextEquiv index="1" conf="0.9999996721744537">
            <Unicode>de</Unicode>
          </TextEquiv>
        </Word>
        <Word id="w98712">
          <Coords points="903,1769 951,1769 951,1908 903,1908"/>
          <Glyph id="w98712g0">
            <Coords points="903,1769 915,1769 915,1908 903,1908"/>
            <TextEquiv index="1" conf="0.9999273121356964">
              <Unicode>ſ</Unicode>
            </TextEquiv>
          </Glyph>
          <Glyph id="w98712g1">
            <Coords points="939,1769 951,1769 951,1908 939,1908"/>
            <TextEquiv index="1" conf="0.9999999105930328">
              <Unicode>a</Unicode>
            </TextEquiv>
          </Glyph>
          <TextEquiv index="1" conf="0.999927222735228">
            <Unicode>ſa</Unicode>
          </TextEquiv>
        </Word>
        <Word id="w98713">
          <Coords points="1011,1769 1286,1769 1286,1908 1011,1908"/>
          <Glyph id="w98713g0">
            <Coords points="1011,1769 1023,1769 1023,1908 1011,1908"/>
            <TextEquiv index="1" conf="1.0">
              <Unicode>p</Unicode>
            </TextEquiv>
          </Glyph>
          <Glyph id="w98713g1">
            <Coords points="1059,1769 1071,1769 1071,1908 1059,1908"/>
            <TextEquiv index="1" conf="0.9999999105930328">
              <Unicode>a</Unicode>
            </TextEquiv>
          </Glyph>
          <Glyph id="w98713g2">
            <Coords points="1107,1769 1119,1769 1119,1908 1107,1908"/>
            <TextEquiv index="1" conf="0.9998887330293655">
              <Unicode>r</Unicode>
            </TextEquiv>
          </Glyph>
          <Glyph id="w98713g3">
            <Coords points="1155,1769 1155,1769 1155,1908 1155,1908"/>
            <TextEquiv index="1" conf="0.9999985098838806">
              <Unicode>t</Unicode>
            </TextEquiv>
          </Glyph>
          <Glyph id="w98713g4">
            <Coords points="1190,1769 1190,1769 1190,1908 1190,1908"/>
            <TextEquiv index="1" conf="0.9999997019767761">
              <Unicode>i</Unicode>
            </TextEquiv>
          </Glyph>
          <Glyph id="w98713g5">
            <Coords points="1238,1769 1238,1769 1238,1908 1238,1908"/>
            <TextEquiv index="1" conf="0.9999989569187164">
              <Unicode>e</Unicode>
            </TextEquiv>
          </Glyph>
          <Glyph id="w98713g6">
            <Coords points="1286,1769 1286,1769 1286,1908 1286,1908"/>
            <TextEquiv index="1" conf="0.9999912083148956">
              <Unicode>,</Unicode>
            </TextEquiv>
          </Glyph>
          <TextEquiv index="1" conf="0.9998770220480973">
            <Unicode>partie,</Unicode>
          </TextEquiv>
        </Word>
        <Word id="w98714">
          <Coords points="1334,1769 1501,1769 1501,1908 1334,1908"/>
          <Glyph id="w98714g0">
            <Coords points="1334,1769 1358,1769 1358,1908 1334,1908"/>
            <TextEquiv index="1" conf="1.0">
              <Unicode>p</Unicode>
            </TextEquiv>
          </Glyph>
          <Glyph id="w98714g1">
            <Coords points="1394,1769 1406,1769 1406,1908 1394,1908"/>
            <TextEquiv index="1" conf="0.9999991655349731">
              <Unicode>u</Unicode>
            </TextEquiv>
          </Glyph>
          <Glyph id="w98714g2">
            <Coords points="1454,1769 1454,1769 1454,1908 1454,1908"/>
            <TextEquiv index="1" conf="0.9999994933605194">
              <Unicode>i</Unicode>
            </TextEquiv>
          </Glyph>
          <Glyph id="w98714g3">
            <Coords points="1490,1769 1501,1769 1501,1908 1490,1908"/>
            <TextEquiv index="1" conf="1.0">
              <Unicode>s</Unicode>
            </TextEquiv>
          </Glyph>
          <TextEquiv index="1" conf="0.9999986588959153">
            <Unicode>puis</Unicode>
          </TextEquiv>
        </Word>
        <Word id="w98715">
          <Coords points="1561,1769 1585,1769 1585,1908 1561,1908"/>
          <Glyph id="w98715g0">
            <Coords points="1561,1769 1561,1769 1561,1908 1561,1908"/>
            <TextEquiv index="1" conf="0.9999897181987762">
              <Unicode>i</Unicode>
            </TextEquiv>
          </Glyph>
          <Glyph id="w98715g1">
            <Coords points="1585,1769 1585,1769 1585,1908 1585,1908"/>
            <TextEquiv index="1" conf="0.9999991357326508">
              <Unicode>l</Unicode>
            </TextEquiv>
          </Glyph>
          <TextEquiv index="1" conf="0.9999888539403132">
            <Unicode>il</Unicode>
          </TextEquiv>
        </Word>
        <Word id="w98716">
          <Coords points="1645,1769 2207,1769 2207,1908 1645,1908"/>
          <Glyph id="w98716g0">
            <Coords points="1645,1769 1657,1769 1657,1908 1645,1908"/>
            <TextEquiv index="1" conf="0.9999981820583344">
              <Unicode>l</Unicode>
            </TextEquiv>
          </Glyph>
          <Glyph id="w98716g1">
            <Coords points="1657,1769 1669,1769 1669,1908 1657,1908"/>
            <TextEquiv index="1" conf="0.999377503991127">
              <Unicode>’</Unicode>
            </TextEquiv>
          </Glyph>
          <Glyph id="w98716g2">
            <Coords points="1693,1769 1705,1769 1705,1908 1693,1908"/>
            <TextEquiv index="1" conf="0.9999970197677612">
              <Unicode>a</Unicode>
            </TextEquiv>
          </Glyph>
          <Glyph id="w98716g3">
            <Coords points="1741,1769 1753,1769 1753,1908 1741,1908"/>
            <TextEquiv index="1" conf="1.0">
              <Unicode>b</Unicode>
            </TextEquiv>
          </Glyph>
          <Glyph id="w98716g4">
            <Coords points="1801,1769 1813,1769 1813,1908 1801,1908"/>
            <TextEquiv index="1" conf="0.9999993145465851">
              <Unicode>a</Unicode>
            </TextEquiv>
          </Glyph>
          <Glyph id="w98716g5">
            <Coords points="1848,1769 1860,1769 1860,1908 1848,1908"/>
            <TextEquiv index="1" conf="0.9999998211860657">
              <Unicode>n</Unicode>
            </TextEquiv>
          </Glyph>
          <Glyph id="w98716g6">
            <Coords points="1920,1769 1932,1769 1932,1908 1920,1908"/>
            <TextEquiv index="1" conf="1.0">
              <Unicode>d</Unicode>
            </TextEquiv>
          </Glyph>
          <Glyph id="w98716g7">
            <Coords points="1980,1769 1992,1769 1992,1908 1980,1908"/>
            <TextEquiv index="1" conf="0.9999994337558746">
              <Unicode>o</Unicode>
            </TextEquiv>
          </Glyph>
          <Glyph id="w98716g8">
            <Coords points="2028,1769 2040,1769 2040,1908 2028,1908"/>
            <TextEquiv index="1" conf="0.9999976754188538">
              <Unicode>n</Unicode>
            </TextEquiv>
          </Glyph>
          <Glyph id="w98716g9">
            <Coords points="2088,1769 2100,1769 2100,1908 2088,1908"/>
            <TextEquiv index="1" conf="0.999999612569809">
              <Unicode>n</Unicode>
            </TextEquiv>
          </Glyph>
          <Glyph id="w98716g10">
            <Coords points="2159,1769 2171,1769 2171,1908 2159,1908"/>
            <TextEquiv index="1" conf="0.9999957382678986">
              <Unicode>e</Unicode>
            </TextEquiv>
          </Glyph>
          <Glyph id="w98716g11">
            <Coords points="2207,1769 2207,1769 2207,1908 2207,1908"/>
            <TextEquiv index="1" conf="0.999979555606842">
              <Unicode>,</Unicode>
            </TextEquiv>
          </Glyph>
          <TextEquiv index="1" conf="0.9993438784526564">
            <Unicode>l’abandonne,</Unicode>
          </TextEquiv>
        </Word>
        <Word id="w98717">
          <Coords points="2279,1769 2602,1769 2602,1908 2279,1908"/>
          <Glyph id="w98717g0">
            <Coords points="2279,1769 2303,1769 2303,1908 2279,1908"/>
            <TextEquiv index="1" conf="0.9999920129776001">
              <Unicode>p</Unicode>
            </TextEquiv>
          </Glyph>
          <Glyph id="w98717g1">
            <Coords points="2351,1769 2363,1769 2363,1908 2351,1908"/>
            <TextEquiv index="1" conf="0.9999908208847046">
              <Unicode>o</Unicode>
            </TextEquiv>
          </Glyph>
          <Glyph id="w98717g2">
            <Coords points="2399,1769 2411,1769 2411,1908 2399,1908"/>
            <TextEquiv index="1" conf="0.9999999403953552">
              <Unicode>r</Unicode>
            </TextEquiv>
          </Glyph>
          <Glyph id="w98717g3">
            <Coords points="2447,1769 2447,1769 2447,1908 2447,1908"/>
            <TextEquiv index="1" conf="0.9999988079071045">
              <Unicode>t</Unicode>
            </TextEquiv>
          </Glyph>
          <Glyph id="w98717g4">
            <Coords points="2482,1769 2494,1769 2494,1908 2482,1908"/>
            <TextEquiv index="1" conf="0.9999999403953552">
              <Unicode>a</Unicode>
            </TextEquiv>
          </Glyph>
          <Glyph id="w98717g5">
            <Coords points="2530,1769 2542,1769 2542,1908 2530,1908"/>
            <TextEquiv index="1" conf="0.9999991059303284">
              <Unicode>n</Unicode>
            </TextEquiv>
          </Glyph>
          <Glyph id="w98717g6">
            <Coords points="2590,1769 2602,1769 2602,1908 2590,1908"/>
            <TextEquiv index="1" conf="0.9999805092811584">
              <Unicode>t</Unicode>
            </TextEquiv>
          </Glyph>
          <TextEquiv index="1" conf="0.9999611382616582">
            <Unicode>portant</Unicode>
          </TextEquiv>
        </Word>
        <Word id="w98718">
          <Coords points="2650,1769 2686,1769 2686,1908 2650,1908"/>
          <Glyph id="w98718g0">
            <Coords points="2650,1769 2650,1769 2650,1908 2650,1908"/>
            <TextEquiv index="1" conf="0.9999958276748657">
              <Unicode>l</Unicode>
            </TextEquiv>
          </Glyph>
          <Glyph id="w98718g1">
            <Coords points="2686,1769 2686,1769 2686,1908 2686,1908"/>
            <TextEquiv index="1" conf="1.0">
              <Unicode>a</Unicode>
            </TextEquiv>
          </Glyph>
          <TextEquiv index="1" conf="0.9999958276748657">
            <Unicode>la</Unicode>
          </TextEquiv>
        </Word>
        <TextEquiv>
          <Unicode/>
        </TextEquiv>
        <TextEquiv index="1" conf="0.9999733548611403">
          <Unicode>me de ſa partie, puis il l’abandonne, portant la</Unicode>
        </TextEquiv>
      </TextLine>
      <TextLine id="r9_l010">
        <Coords points="565,2029 2688,2006 2687,1891 564,1914 565,2029"/>
        <Word id="w98719">
          <Coords points="617,1891 882,1891 882,2029 617,2029"/>
          <Glyph id="w98719g0">
            <Coords points="617,1891 628,1891 628,2029 617,2029"/>
            <TextEquiv index="1" conf="1.0">
              <Unicode>p</Unicode>
            </TextEquiv>
          </Glyph>
          <Glyph id="w98719g1">
            <Coords points="674,1891 686,1891 686,2029 674,2029"/>
            <TextEquiv index="1" conf="0.9999951422214508">
              <Unicode>o</Unicode>
            </TextEquiv>
          </Glyph>
          <Glyph id="w98719g2">
            <Coords points="721,1891 732,1891 732,2029 721,2029"/>
            <TextEquiv index="1" conf="0.999995082616806">
              <Unicode>i</Unicode>
            </TextEquiv>
          </Glyph>
          <Glyph id="w98719g3">
            <Coords points="755,1891 767,1891 767,2029 755,2029"/>
            <TextEquiv index="1" conf="0.9999980330467224">
              <Unicode>n</Unicode>
            </TextEquiv>
          </Glyph>
          <Glyph id="w98719g4">
            <Coords points="824,1891 824,1891 824,2029 824,2029"/>
            <TextEquiv index="1" conf="0.9999988675117493">
              <Unicode>t</Unicode>
            </TextEquiv>
          </Glyph>
          <Glyph id="w98719g5">
            <Coords points="871,1891 882,1891 882,2029 871,2029"/>
            <TextEquiv index="1" conf="0.9999707639217377">
              <Unicode>e</Unicode>
            </TextEquiv>
          </Glyph>
          <TextEquiv index="1" conf="0.9999578897512801">
            <Unicode>pointe</Unicode>
          </TextEquiv>
        </Word>
        <Word id="w98720">
          <Coords points="974,1891 1032,1891 1032,2029 974,2029"/>
          <Glyph id="w98720g0">
            <Coords points="974,1891 986,1891 986,2029 974,2029"/>
            <TextEquiv index="1" conf="0.9999999403953552">
              <Unicode>d</Unicode>
            </TextEquiv>
          </Glyph>
          <Glyph id="w98720g1">
            <Coords points="1032,1891 1032,1891 1032,2029 1032,2029"/>
            <TextEquiv index="1" conf="0.9999996721744537">
              <Unicode>e</Unicode>
            </TextEquiv>
          </Glyph>
          <TextEquiv index="1" conf="0.9999996125698285">
            <Unicode>de</Unicode>
          </TextEquiv>
        </Word>
        <Word id="w98721">
          <Coords points="1113,1891 1159,1891 1159,2029 1113,2029"/>
          <Glyph id="w98721g0">
            <Coords points="1113,1891 1125,1891 1125,2029 1113,2029"/>
            <TextEquiv index="1" conf="0.9999982118606567">
              <Unicode>l</Unicode>
            </TextEquiv>
          </Glyph>
          <Glyph id="w98721g1">
            <Coords points="1148,1891 1159,1891 1159,2029 1148,2029"/>
            <TextEquiv index="1" conf="0.9999996423721313">
              <Unicode>a</Unicode>
            </TextEquiv>
          </Glyph>
          <TextEquiv index="1" conf="0.9999978542334276">
            <Unicode>la</Unicode>
          </TextEquiv>
        </Word>
        <Word id="w98722">
          <Coords points="1251,1891 1494,1891 1494,2029 1251,2029"/>
          <Glyph id="w98722g0">
            <Coords points="1251,1891 1251,1891 1251,2029 1251,2029"/>
            <TextEquiv index="1" conf="0.9998670667409897">
              <Unicode>ſ</Unicode>
            </TextEquiv>
          </Glyph>
          <Glyph id="w98722g1">
            <Coords points="1275,1891 1275,1891 1275,2029 1275,2029"/>
            <TextEquiv index="1" conf="0.9999642372131348">
              <Unicode>i</Unicode>
            </TextEquiv>
          </Glyph>
          <Glyph id="w98722g2">
            <Coords points="1321,1891 1321,1891 1321,2029 1321,2029"/>
            <TextEquiv index="1" conf="0.9999996721744537">
              <Unicode>e</Unicode>
            </TextEquiv>
          </Glyph>
          <Glyph id="w98722g3">
            <Coords points="1367,1891 1367,1891 1367,2029 1367,2029"/>
            <TextEquiv index="1" conf="0.9999980032444">
              <Unicode>n</Unicode>
            </TextEquiv>
          </Glyph>
          <Glyph id="w98722g4">
            <Coords points="1425,1891 1425,1891 1425,2029 1425,2029"/>
            <TextEquiv index="1" conf="0.9999999403953552">
              <Unicode>n</Unicode>
            </TextEquiv>
          </Glyph>
          <Glyph id="w98722g5">
            <Coords points="1494,1891 1494,1891 1494,2029 1494,2029"/>
            <TextEquiv index="1" conf="0.9999994039535522">
              <Unicode>e</Unicode>
            </TextEquiv>
          </Glyph>
          <TextEquiv index="1" conf="0.9998283289809026">
            <Unicode>ſienne</Unicode>
          </TextEquiv>
        </Word>
        <Word id="w98723">
          <Coords points="1609,1891 1817,1891 1817,2029 1609,2029"/>
          <Glyph id="w98723g0">
            <Coords points="1609,1891 1621,1891 1621,2029 1609,2029"/>
            <TextEquiv index="1" conf="0.9999999403953552">
              <Unicode>d</Unicode>
            </TextEquiv>
          </Glyph>
          <Glyph id="w98723g1">
            <Coords points="1644,1891 1644,1891 1644,2029 1644,2029"/>
            <TextEquiv index="1" conf="0.9970121532678604">
              <Unicode>’</Unicode>
            </TextEquiv>
          </Glyph>
          <Glyph id="w98723g2">
            <Coords points="1678,1891 1678,1891 1678,2029 1678,2029"/>
            <TextEquiv index="1" conf="0.9999975562095642">
              <Unicode>u</Unicode>
            </TextEquiv>
          </Glyph>
          <Glyph id="w98723g3">
            <Coords points="1736,1891 1736,1891 1736,2029 1736,2029"/>
            <TextEquiv index="1" conf="0.9999999701976776">
              <Unicode>n</Unicode>
            </TextEquiv>
          </Glyph>
          <Glyph id="w98723g4">
            <Coords points="1805,1891 1817,1891 1817,2029 1805,2029"/>
            <TextEquiv index="1" conf="0.9999457597732544">
              <Unicode>e</Unicode>
            </TextEquiv>
          </Glyph>
          <TextEquiv index="1" conf="0.9969555496112119">
            <Unicode>d’une</Unicode>
          </TextEquiv>
        </Word>
        <Word id="w98724">
          <Coords points="1921,1891 2521,1891 2521,2029 1921,2029"/>
          <Glyph id="w98724g0">
            <Coords points="1921,1891 1921,1891 1921,2029 1921,2029"/>
            <TextEquiv index="1" conf="0.9999980926513672">
              <Unicode>c</Unicode>
            </TextEquiv>
          </Glyph>
          <Glyph id="w98724g1">
            <Coords points="1955,1891 1955,1891 1955,2029 1955,2029"/>
            <TextEquiv index="1" conf="0.9999993443489075">
              <Unicode>i</Unicode>
            </TextEquiv>
          </Glyph>
          <Glyph id="w98724g2">
            <Coords points="1990,1891 2002,1891 2002,2029 1990,2029"/>
            <TextEquiv index="1" conf="0.9999997913837433">
              <Unicode>r</Unicode>
            </TextEquiv>
          </Glyph>
          <Glyph id="w98724g3">
            <Coords points="2048,1891 2048,1891 2048,2029 2048,2029"/>
            <TextEquiv index="1" conf="0.9999983012676239">
              <Unicode>c</Unicode>
            </TextEquiv>
          </Glyph>
          <Glyph id="w98724g4">
            <Coords points="2094,1891 2105,1891 2105,2029 2094,2029"/>
            <TextEquiv index="1" conf="0.9999973773956299">
              <Unicode>o</Unicode>
            </TextEquiv>
          </Glyph>
          <Glyph id="w98724g5">
            <Coords points="2140,1891 2152,1891 2152,2029 2140,2029"/>
            <TextEquiv index="1" conf="0.9999843537807465">
              <Unicode>n</Unicode>
            </TextEquiv>
          </Glyph>
          <Glyph id="w98724g6">
            <Coords points="2209,1891 2209,1891 2209,2029 2209,2029"/>
            <TextEquiv index="1" conf="0.9999935626983643">
              <Unicode>f</Unicode>
            </TextEquiv>
          </Glyph>
          <Glyph id="w98724g7">
            <Coords points="2255,1891 2255,1891 2255,2029 2255,2029"/>
            <TextEquiv index="1" conf="0.9999987781047821">
              <Unicode>e</Unicode>
            </TextEquiv>
          </Glyph>
          <Glyph id="w98724g8">
            <Coords points="2302,1891 2302,1891 2302,2029 2302,2029"/>
            <TextEquiv index="1" conf="1.0">
              <Unicode>r</Unicode>
            </TextEquiv>
          </Glyph>
          <Glyph id="w98724g9">
            <Coords points="2348,1891 2348,1891 2348,2029 2348,2029"/>
            <TextEquiv index="1" conf="0.9999994039535522">
              <Unicode>e</Unicode>
            </TextEquiv>
          </Glyph>
          <Glyph id="w98724g10">
            <Coords points="2394,1891 2394,1891 2394,2029 2394,2029"/>
            <TextEquiv index="1" conf="0.9999999403953552">
              <Unicode>n</Unicode>
            </TextEquiv>
          </Glyph>
          <Glyph id="w98724g11">
            <Coords points="2463,1891 2463,1891 2463,2029 2463,2029"/>
            <TextEquiv index="1" conf="0.9999992251396179">
              <Unicode>c</Unicode>
            </TextEquiv>
          </Glyph>
          <Glyph id="w98724g12">
            <Coords points="2509,1891 2521,1891 2521,2029 2509,2029"/>
            <TextEquiv index="1" conf="0.9999981820583344">
              <Unicode>e</Unicode>
            </TextEquiv>
          </Glyph>
          <TextEquiv index="1" conf="0.9999663535911384">
            <Unicode>circonference</Unicode>
          </TextEquiv>
        </Word>
        <Word id="w98725">
          <Coords points="2636,1891 2706,1891 2706,2029 2636,2029"/>
          <Glyph id="w98725g0">
            <Coords points="2636,1891 2648,1891 2648,2029 2636,2029"/>
            <TextEquiv index="1" conf="0.9999999105930328">
              <Unicode>d</Unicode>
            </TextEquiv>
          </Glyph>
          <Glyph id="w98725g1">
            <Coords points="2694,1891 2706,1891 2706,2029 2694,2029"/>
            <TextEquiv index="1" conf="0.999973714351654">
              <Unicode>e</Unicode>
            </TextEquiv>
          </Glyph>
          <TextEquiv index="1" conf="0.999973624947037">
            <Unicode>de</Unicode>
          </TextEquiv>
        </Word>
        <TextEquiv>
          <Unicode/>
        </TextEquiv>
        <TextEquiv index="1" conf="0.9998948708886192">
          <Unicode>pointe de la ſienne d’une circonference de</Unicode>
        </TextEquiv>
      </TextLine>
      <TextLine id="r9_l011">
        <Coords points="564,2158 2678,2135 2676,2014 563,2037 564,2158"/>
        <Word id="w98726">
          <Coords points="604,2014 789,2014 789,2158 604,2158"/>
          <Glyph id="w98726g0">
            <Coords points="604,2014 616,2014 616,2158 604,2158"/>
            <TextEquiv index="1" conf="0.9999392628669739">
              <Unicode>h</Unicode>
            </TextEquiv>
          </Glyph>
          <Glyph id="w98726g1">
            <Coords points="662,2014 674,2014 674,2158 662,2158"/>
            <TextEquiv index="1" conf="1.0">
              <Unicode>a</Unicode>
            </TextEquiv>
          </Glyph>
          <Glyph id="w98726g2">
            <Coords points="720,2014 720,2014 720,2158 720,2158"/>
            <TextEquiv index="1" conf="0.9999998807907104">
              <Unicode>u</Unicode>
            </TextEquiv>
          </Glyph>
          <Glyph id="w98726g3">
            <Coords points="789,2014 789,2014 789,2158 789,2158"/>
            <TextEquiv index="1" conf="0.9999907314777374">
              <Unicode>t</Unicode>
            </TextEquiv>
          </Glyph>
          <TextEquiv index="1" conf="0.9999298757067104">
            <Unicode>haut</Unicode>
          </TextEquiv>
        </Word>
        <Word id="w98727">
          <Coords points="882,2014 928,2014 928,2158 882,2158"/>
          <Glyph id="w98727g0">
            <Coords points="882,2014 882,2014 882,2158 882,2158"/>
            <TextEquiv index="1" conf="0.9999998807907104">
              <Unicode>e</Unicode>
            </TextEquiv>
          </Glyph>
          <Glyph id="w98727g1">
            <Coords points="916,2014 928,2014 928,2158 916,2158"/>
            <TextEquiv index="1" conf="0.9999997913837433">
              <Unicode>n</Unicode>
            </TextEquiv>
          </Glyph>
          <TextEquiv index="1" conf="0.9999996721744786">
            <Unicode>en</Unicode>
          </TextEquiv>
        </Word>
        <Word id="w98728">
          <Coords points="1032,2014 1217,2014 1217,2158 1032,2158"/>
          <Glyph id="w98728g0">
            <Coords points="1032,2014 1043,2014 1043,2158 1032,2158"/>
            <TextEquiv index="1" conf="0.9999993741512299">
              <Unicode>b</Unicode>
            </TextEquiv>
          </Glyph>
          <Glyph id="w98728g1">
            <Coords points="1101,2014 1101,2014 1101,2158 1101,2158"/>
            <TextEquiv index="1" conf="1.0">
              <Unicode>a</Unicode>
            </TextEquiv>
          </Glyph>
          <Glyph id="w98728g2">
            <Coords points="1147,2014 1159,2014 1159,2158 1147,2158"/>
            <TextEquiv index="1" conf="0.9999789893627167">
              <Unicode>s</Unicode>
            </TextEquiv>
          </Glyph>
          <Glyph id="w98728g3">
            <Coords points="1217,2014 1217,2014 1217,2158 1217,2158"/>
            <TextEquiv index="1" conf="0.996047779917717">
              <Unicode>,</Unicode>
            </TextEquiv>
          </Glyph>
          <TextEquiv index="1" conf="0.9960262289569157">
            <Unicode>bas,</Unicode>
          </TextEquiv>
        </Word>
        <Word id="w98729">
          <Coords points="1321,2014 1818,2014 1818,2158 1321,2158"/>
          <Glyph id="w98729g0">
            <Coords points="1321,2014 1321,2014 1321,2158 1321,2158"/>
            <TextEquiv index="1" conf="0.9999999701976776">
              <Unicode>a</Unicode>
            </TextEquiv>
          </Glyph>
          <Glyph id="w98729g1">
            <Coords points="1367,2014 1367,2014 1367,2158 1367,2158"/>
            <TextEquiv index="1" conf="0.9999915957450867">
              <Unicode>f</Unicode>
            </TextEquiv>
          </Glyph>
          <Glyph id="w98729g2">
            <Coords points="1390,2014 1402,2014 1402,2158 1390,2158"/>
            <TextEquiv index="1" conf="0.9999879002571106">
              <Unicode>f</Unicode>
            </TextEquiv>
          </Glyph>
          <Glyph id="w98729g3">
            <Coords points="1436,2014 1448,2014 1448,2158 1436,2158"/>
            <TextEquiv index="1" conf="0.9999990165233612">
              <Unicode>e</Unicode>
            </TextEquiv>
          </Glyph>
          <Glyph id="w98729g4">
            <Coords points="1483,2014 1494,2014 1494,2158 1483,2158"/>
            <TextEquiv index="1" conf="0.99998939037323">
              <Unicode>r</Unicode>
            </TextEquiv>
          </Glyph>
          <Glyph id="w98729g5">
            <Coords points="1552,2014 1563,2014 1563,2158 1552,2158"/>
            <TextEquiv index="1" conf="0.9999996423721313">
              <Unicode>m</Unicode>
            </TextEquiv>
          </Glyph>
          <Glyph id="w98729g6">
            <Coords points="1610,2014 1610,2014 1610,2158 1610,2158"/>
            <TextEquiv index="1" conf="0.9999991953372955">
              <Unicode>i</Unicode>
            </TextEquiv>
          </Glyph>
          <Glyph id="w98729g7">
            <Coords points="1644,2014 1644,2014 1644,2158 1644,2158"/>
            <TextEquiv index="1" conf="0.9999889731407166">
              <Unicode>ſ</Unicode>
            </TextEquiv>
          </Glyph>
          <Glyph id="w98729g8">
            <Coords points="1679,2014 1679,2014 1679,2158 1679,2158"/>
            <TextEquiv index="1" conf="0.9999817609786987">
              <Unicode>ſ</Unicode>
            </TextEquiv>
          </Glyph>
          <Glyph id="w98729g9">
            <Coords points="1714,2014 1714,2014 1714,2158 1714,2158"/>
            <TextEquiv index="1" conf="1.0">
              <Unicode>a</Unicode>
            </TextEquiv>
          </Glyph>
          <Glyph id="w98729g10">
            <Coords points="1760,2014 1760,2014 1760,2158 1760,2158"/>
            <TextEquiv index="1" conf="0.9999999701976776">
              <Unicode>n</Unicode>
            </TextEquiv>
          </Glyph>
          <Glyph id="w98729g11">
            <Coords points="1818,2014 1818,2014 1818,2158 1818,2158"/>
            <TextEquiv index="1" conf="0.9999940395355225">
              <Unicode>t</Unicode>
            </TextEquiv>
          </Glyph>
          <TextEquiv index="1" conf="0.9999314565971487">
            <Unicode>affermiſſant</Unicode>
          </TextEquiv>
        </Word>
        <Word id="w98730">
          <Coords points="1899,2014 1956,2014 1956,2158 1899,2158"/>
          <Glyph id="w98730g0">
            <Coords points="1899,2014 1910,2014 1910,2158 1899,2158"/>
            <TextEquiv index="1" conf="0.9998951405286789">
              <Unicode>l</Unicode>
            </TextEquiv>
          </Glyph>
          <Glyph id="w98730g1">
            <Coords points="1956,2014 1956,2014 1956,2158 1956,2158"/>
            <TextEquiv index="1" conf="0.999999463558197">
              <Unicode>e</Unicode>
            </TextEquiv>
          </Glyph>
          <TextEquiv index="1" conf="0.9998946041431269">
            <Unicode>le</Unicode>
          </TextEquiv>
        </Word>
        <Word id="w98731">
          <Coords points="2037,2014 2199,2014 2199,2158 2037,2158"/>
          <Glyph id="w98731g0">
            <Coords points="2037,2014 2049,2014 2049,2158 2037,2158"/>
            <TextEquiv index="1" conf="0.9999988377094269">
              <Unicode>b</Unicode>
            </TextEquiv>
          </Glyph>
          <Glyph id="w98731g1">
            <Coords points="2107,2014 2107,2014 2107,2158 2107,2158"/>
            <TextEquiv index="1" conf="0.9999999105930328">
              <Unicode>r</Unicode>
            </TextEquiv>
          </Glyph>
          <Glyph id="w98731g2">
            <Coords points="2141,2014 2141,2014 2141,2158 2141,2158"/>
            <TextEquiv index="1" conf="0.9999999403953552">
              <Unicode>a</Unicode>
            </TextEquiv>
          </Glyph>
          <Glyph id="w98731g3">
            <Coords points="2187,2014 2199,2014 2199,2158 2187,2158"/>
            <TextEquiv index="1" conf="0.9999999403953552">
              <Unicode>s</Unicode>
            </TextEquiv>
          </Glyph>
          <TextEquiv index="1" conf="0.9999986290934268">
            <Unicode>bras</Unicode>
          </TextEquiv>
        </Word>
        <Word id="w98732">
          <Coords points="2268,2014 2326,2014 2326,2158 2268,2158"/>
          <Glyph id="w98732g0">
            <Coords points="2268,2014 2280,2014 2280,2158 2268,2158"/>
            <TextEquiv index="1" conf="0.9999999701976776">
              <Unicode>a</Unicode>
            </TextEquiv>
          </Glyph>
          <Glyph id="w98732g1">
            <Coords points="2326,2014 2326,2014 2326,2158 2326,2158"/>
            <TextEquiv index="1" conf="0.9999999105930328">
              <Unicode>u</Unicode>
            </TextEquiv>
          </Glyph>
          <TextEquiv index="1" conf="0.9999998807907131">
            <Unicode>au</Unicode>
          </TextEquiv>
        </Word>
        <Word id="w98733">
          <Coords points="2430,2014 2696,2014 2696,2158 2430,2158"/>
          <Glyph id="w98733g0">
            <Coords points="2430,2014 2430,2014 2430,2158 2430,2158"/>
            <TextEquiv index="1" conf="0.9999983310699463">
              <Unicode>c</Unicode>
            </TextEquiv>
          </Glyph>
          <Glyph id="w98733g1">
            <Coords points="2476,2014 2488,2014 2488,2158 2476,2158"/>
            <TextEquiv index="1" conf="0.9999977350234985">
              <Unicode>o</Unicode>
            </TextEquiv>
          </Glyph>
          <Glyph id="w98733g2">
            <Coords points="2534,2014 2534,2014 2534,2158 2534,2158"/>
            <TextEquiv index="1" conf="0.9999983310699463">
              <Unicode>r</Unicode>
            </TextEquiv>
          </Glyph>
          <Glyph id="w98733g3">
            <Coords points="2569,2014 2592,2014 2592,2158 2569,2158"/>
            <TextEquiv index="1" conf="0.9995992034673691">
              <Unicode>p</Unicode>
            </TextEquiv>
          </Glyph>
          <Glyph id="w98733g4">
            <Coords points="2638,2014 2638,2014 2638,2158 2638,2158"/>
            <TextEquiv index="1" conf="0.9999993443489075">
              <Unicode>s</Unicode>
            </TextEquiv>
          </Glyph>
          <Glyph id="w98733g5">
            <Coords points="2696,2014 2696,2014 2696,2158 2696,2158"/>
            <TextEquiv index="1" conf="0.9847446382045746">
              <Unicode>,</Unicode>
            </TextEquiv>
          </Glyph>
          <TextEquiv index="1" conf="0.9843437954397617">
            <Unicode>corps,</Unicode>
          </TextEquiv>
        </Word>
        <TextEquiv>
          <Unicode/>
        </TextEquiv>
        <TextEquiv index="1" conf="0.9995083043048548">
          <Unicode>haut en bas, affermiſſant le bras au corps,</Unicode>
        </TextEquiv>
      </TextLine>
      <TextLine id="r9_l012">
        <Coords points="562,2275 2691,2252 2690,2136 561,2159 562,2275"/>
        <Word id="w98734">
          <Coords points="603,2136 989,2136 989,2275 603,2275"/>
          <Glyph id="w98734g0">
            <Coords points="603,2136 615,2136 615,2275 603,2275"/>
            <TextEquiv index="1" conf="0.9987224638462067">
              <Unicode>t</Unicode>
            </TextEquiv>
          </Glyph>
          <Glyph id="w98734g1">
            <Coords points="662,2136 673,2136 673,2275 662,2275"/>
            <TextEquiv index="1" conf="0.9999861717224121">
              <Unicode>o</Unicode>
            </TextEquiv>
          </Glyph>
          <Glyph id="w98734g2">
            <Coords points="708,2136 708,2136 708,2275 708,2275"/>
            <TextEquiv index="1" conf="1.0">
              <Unicode>u</Unicode>
            </TextEquiv>
          </Glyph>
          <Glyph id="w98734g3">
            <Coords points="767,2136 779,2136 779,2275 767,2275"/>
            <TextEquiv index="1" conf="0.9999608397483826">
              <Unicode>r</Unicode>
            </TextEquiv>
          </Glyph>
          <Glyph id="w98734g4">
            <Coords points="814,2136 814,2136 814,2275 814,2275"/>
            <TextEquiv index="1" conf="0.9999936819076538">
              <Unicode>n</Unicode>
            </TextEquiv>
          </Glyph>
          <Glyph id="w98734g5">
            <Coords points="872,2136 872,2136 872,2275 872,2275"/>
            <TextEquiv index="1" conf="1.0">
              <Unicode>a</Unicode>
            </TextEquiv>
          </Glyph>
          <Glyph id="w98734g6">
            <Coords points="919,2136 919,2136 919,2275 919,2275"/>
            <TextEquiv index="1" conf="1.0">
              <Unicode>n</Unicode>
            </TextEquiv>
          </Glyph>
          <Glyph id="w98734g7">
            <Coords points="978,2136 989,2136 989,2275 978,2275"/>
            <TextEquiv index="1" conf="0.9999917149543762">
              <Unicode>t</Unicode>
            </TextEquiv>
          </Glyph>
          <TextEquiv index="1" conf="0.9986549598957354">
            <Unicode>tournant</Unicode>
          </TextEquiv>
        </Word>
        <Word id="w98735">
          <Coords points="1048,2136 1118,2136 1118,2275 1048,2275"/>
          <Glyph id="w98735g0">
            <Coords points="1048,2136 1060,2136 1060,2275 1048,2275"/>
            <TextEquiv index="1" conf="0.9999995827674866">
              <Unicode>u</Unicode>
            </TextEquiv>
          </Glyph>
          <Glyph id="w98735g1">
            <Coords points="1118,2136 1118,2136 1118,2275 1118,2275"/>
            <TextEquiv index="1" conf="0.9999999701976776">
              <Unicode>n</Unicode>
            </TextEquiv>
          </Glyph>
          <TextEquiv index="1" conf="0.9999995529651766">
            <Unicode>un</Unicode>
          </TextEquiv>
        </Word>
        <Word id="w98736">
          <Coords points="1200,2136 1317,2136 1317,2275 1200,2275"/>
          <Glyph id="w98736g0">
            <Coords points="1200,2136 1224,2136 1224,2275 1200,2275"/>
            <TextEquiv index="1" conf="1.0">
              <Unicode>p</Unicode>
            </TextEquiv>
          </Glyph>
          <Glyph id="w98736g1">
            <Coords points="1270,2136 1282,2136 1282,2275 1270,2275"/>
            <TextEquiv index="1" conf="0.9999984800815582">
              <Unicode>e</Unicode>
            </TextEquiv>
          </Glyph>
          <Glyph id="w98736g2">
            <Coords points="1317,2136 1317,2136 1317,2275 1317,2275"/>
            <TextEquiv index="1" conf="0.999999612569809">
              <Unicode>u</Unicode>
            </TextEquiv>
          </Glyph>
          <TextEquiv index="1" conf="0.999998092651956">
            <Unicode>peu</Unicode>
          </TextEquiv>
        </Word>
        <Word id="w98737">
          <Coords points="1387,2136 1434,2136 1434,2275 1387,2275"/>
          <Glyph id="w98737g0">
            <Coords points="1387,2136 1387,2136 1387,2275 1387,2275"/>
            <TextEquiv index="1" conf="0.9999962151050568">
              <Unicode>l</Unicode>
            </TextEquiv>
          </Glyph>
          <Glyph id="w98737g1">
            <Coords points="1434,2136 1434,2136 1434,2275 1434,2275"/>
            <TextEquiv index="1" conf="0.9999995529651642">
              <Unicode>e</Unicode>
            </TextEquiv>
          </Glyph>
          <TextEquiv index="1" conf="0.9999957680719129">
            <Unicode>le</Unicode>
          </TextEquiv>
        </Word>
        <Word id="w98738">
          <Coords points="1493,2136 1680,2136 1680,2275 1493,2275"/>
          <Glyph id="w98738g0">
            <Coords points="1493,2136 1505,2136 1505,2275 1493,2275"/>
            <TextEquiv index="1" conf="0.9999986588954926">
              <Unicode>c</Unicode>
            </TextEquiv>
          </Glyph>
          <Glyph id="w98738g1">
            <Coords points="1540,2136 1551,2136 1551,2275 1540,2275"/>
            <TextEquiv index="1" conf="0.9999933540821075">
              <Unicode>o</Unicode>
            </TextEquiv>
          </Glyph>
          <Glyph id="w98738g2">
            <Coords points="1598,2136 1598,2136 1598,2275 1598,2275"/>
            <TextEquiv index="1" conf="0.999996155500412">
              <Unicode>ſ</Unicode>
            </TextEquiv>
          </Glyph>
          <Glyph id="w98738g3">
            <Coords points="1633,2136 1633,2136 1633,2275 1633,2275"/>
            <TextEquiv index="1" conf="0.999688133597374">
              <Unicode>t</Unicode>
            </TextEquiv>
          </Glyph>
          <Glyph id="w98738g4">
            <Coords points="1680,2136 1680,2136 1680,2275 1680,2275"/>
            <TextEquiv index="1" conf="0.9999993443489075">
              <Unicode>é</Unicode>
            </TextEquiv>
          </Glyph>
          <TextEquiv index="1" conf="0.9996756503659848">
            <Unicode>coſté</Unicode>
          </TextEquiv>
        </Word>
        <Word id="w98739">
          <Coords points="1762,2136 2055,2136 2055,2275 1762,2275"/>
          <Glyph id="w98739g0">
            <Coords points="1762,2136 1774,2136 1774,2275 1762,2275"/>
            <TextEquiv index="1" conf="1.0">
              <Unicode>g</Unicode>
            </TextEquiv>
          </Glyph>
          <Glyph id="w98739g1">
            <Coords points="1809,2136 1821,2136 1821,2275 1809,2275"/>
            <TextEquiv index="1" conf="0.9999997019767761">
              <Unicode>a</Unicode>
            </TextEquiv>
          </Glyph>
          <Glyph id="w98739g2">
            <Coords points="1856,2136 1867,2136 1867,2275 1856,2275"/>
            <TextEquiv index="1" conf="1.0">
              <Unicode>u</Unicode>
            </TextEquiv>
          </Glyph>
          <Glyph id="w98739g3">
            <Coords points="1938,2136 1938,2136 1938,2275 1938,2275"/>
            <TextEquiv index="1" conf="0.9999949634075165">
              <Unicode>c</Unicode>
            </TextEquiv>
          </Glyph>
          <Glyph id="w98739g4">
            <Coords points="1973,2136 1973,2136 1973,2275 1973,2275"/>
            <TextEquiv index="1" conf="0.9999999701976776">
              <Unicode>h</Unicode>
            </TextEquiv>
          </Glyph>
          <Glyph id="w98739g5">
            <Coords points="2043,2136 2055,2136 2055,2275 2043,2275"/>
            <TextEquiv index="1" conf="0.9999925196170807">
              <Unicode>e</Unicode>
            </TextEquiv>
          </Glyph>
          <TextEquiv index="1" conf="0.9999871552408388">
            <Unicode>gauche</Unicode>
          </TextEquiv>
        </Word>
        <Word id="w98740">
          <Coords points="2137,2136 2184,2136 2184,2275 2137,2275"/>
          <Glyph id="w98740g0">
            <Coords points="2137,2136 2137,2136 2137,2275 2137,2275"/>
            <TextEquiv index="1" conf="0.9999999701976776">
              <Unicode>e</Unicode>
            </TextEquiv>
          </Glyph>
          <Glyph id="w98740g1">
            <Coords points="2172,2136 2184,2136 2184,2275 2172,2275"/>
            <TextEquiv index="1" conf="0.9999993145465851">
              <Unicode>n</Unicode>
            </TextEquiv>
          </Glyph>
          <TextEquiv index="1" conf="0.9999992847442831">
            <Unicode>en</Unicode>
          </TextEquiv>
        </Word>
        <Word id="w98741">
          <Coords points="2289,2136 2605,2136 2605,2275 2289,2275"/>
          <Glyph id="w98741g0">
            <Coords points="2289,2136 2289,2136 2289,2275 2289,2275"/>
            <TextEquiv index="1" conf="1.0">
              <Unicode>d</Unicode>
            </TextEquiv>
          </Glyph>
          <Glyph id="w98741g1">
            <Coords points="2336,2136 2347,2136 2347,2275 2336,2275"/>
            <TextEquiv index="1" conf="0.9996511489152908">
              <Unicode>e</Unicode>
            </TextEquiv>
          </Glyph>
          <Glyph id="w98741g2">
            <Coords points="2394,2136 2406,2136 2406,2275 2394,2275"/>
            <TextEquiv index="1" conf="1.0">
              <Unicode>d</Unicode>
            </TextEquiv>
          </Glyph>
          <Glyph id="w98741g3">
            <Coords points="2441,2136 2453,2136 2453,2275 2441,2275"/>
            <TextEquiv index="1" conf="0.9999999105930328">
              <Unicode>a</Unicode>
            </TextEquiv>
          </Glyph>
          <Glyph id="w98741g4">
            <Coords points="2488,2136 2500,2136 2500,2275 2488,2275"/>
            <TextEquiv index="1" conf="0.9999983310699463">
              <Unicode>n</Unicode>
            </TextEquiv>
          </Glyph>
          <Glyph id="w98741g5">
            <Coords points="2558,2136 2558,2136 2558,2275 2558,2275"/>
            <TextEquiv index="1" conf="1.0">
              <Unicode>s</Unicode>
            </TextEquiv>
          </Glyph>
          <Glyph id="w98741g6">
            <Coords points="2605,2136 2605,2136 2605,2275 2605,2275"/>
            <TextEquiv index="1" conf="0.9999455809593201">
              <Unicode>,</Unicode>
            </TextEquiv>
          </Glyph>
          <TextEquiv index="1" conf="0.999594991230932">
            <Unicode>dedans,</Unicode>
          </TextEquiv>
        </Word>
        <Word id="w98742">
          <Coords points="2664,2136 2699,2136 2699,2275 2664,2275"/>
          <Glyph id="w98742g0">
            <Coords points="2664,2136 2675,2136 2675,2275 2664,2275"/>
            <TextEquiv index="1" conf="0.9999420642852783">
              <Unicode>i</Unicode>
            </TextEquiv>
          </Glyph>
          <Glyph id="w98742g1">
            <Coords points="2699,2136 2699,2136 2699,2275 2699,2275"/>
            <TextEquiv index="1" conf="0.9999858140945435">
              <Unicode>l</Unicode>
            </TextEquiv>
          </Glyph>
          <TextEquiv index="1" conf="0.9999278792016923">
            <Unicode>il</Unicode>
          </TextEquiv>
        </Word>
        <TextEquiv>
          <Unicode/>
        </TextEquiv>
        <TextEquiv index="1" conf="0.999914926290512">
          <Unicode>tournant un peu le coſté gauche en dedans, il</Unicode>
        </TextEquiv>
      </TextLine>
      <TextLine id="r9_l013">
        <Coords points="573,2282 568,2287 560,2287 562,2401 2691,2378 2690,2259 572,2281 573,2282"/>
        <Word id="w98743">
          <Coords points="637,2259 754,2259 754,2401 637,2401"/>
          <Glyph id="w98743g0">
            <Coords points="637,2259 637,2259 637,2401 637,2401"/>
            <TextEquiv index="1" conf="1.0">
              <Unicode>m</Unicode>
            </TextEquiv>
          </Glyph>
          <Glyph id="w98743g1">
            <Coords points="707,2259 707,2259 707,2401 707,2401"/>
            <TextEquiv index="1" conf="0.9999994337558746">
              <Unicode>e</Unicode>
            </TextEquiv>
          </Glyph>
          <Glyph id="w98743g2">
            <Coords points="754,2259 754,2259 754,2401 754,2401"/>
            <TextEquiv index="1" conf="0.9999680519104004">
              <Unicode>t</Unicode>
            </TextEquiv>
          </Glyph>
          <TextEquiv index="1" conf="0.9999674856843654">
            <Unicode>met</Unicode>
          </TextEquiv>
        </Word>
        <Word id="w98744">
          <Coords points="801,2259 848,2259 848,2401 801,2401"/>
          <Glyph id="w98744g0">
            <Coords points="801,2259 801,2259 801,2401 801,2401"/>
            <TextEquiv index="1" conf="0.9999699890613556">
              <Unicode>ſ</Unicode>
            </TextEquiv>
          </Glyph>
          <Glyph id="w98744g1">
            <Coords points="836,2259 848,2259 848,2401 836,2401"/>
            <TextEquiv index="1" conf="0.9999999701976776">
              <Unicode>a</Unicode>
            </TextEquiv>
          </Glyph>
          <TextEquiv index="1" conf="0.9999699592599276">
            <Unicode>ſa</Unicode>
          </TextEquiv>
        </Word>
        <Word id="w98745">
          <Coords points="907,2259 1164,2259 1164,2401 907,2401"/>
          <Glyph id="w98745g0">
            <Coords points="907,2259 918,2259 918,2401 907,2401"/>
            <TextEquiv index="1" conf="1.0">
              <Unicode>p</Unicode>
            </TextEquiv>
          </Glyph>
          <Glyph id="w98745g1">
            <Coords points="965,2259 977,2259 977,2401 965,2401"/>
            <TextEquiv index="1" conf="0.999993771314621">
              <Unicode>o</Unicode>
            </TextEquiv>
          </Glyph>
          <Glyph id="w98745g2">
            <Coords points="1012,2259 1024,2259 1024,2401 1012,2401"/>
            <TextEquiv index="1" conf="0.9999978244304657">
              <Unicode>i</Unicode>
            </TextEquiv>
          </Glyph>
          <Glyph id="w98745g3">
            <Coords points="1047,2259 1059,2259 1059,2401 1047,2401"/>
            <TextEquiv index="1" conf="0.9999999105930328">
              <Unicode>n</Unicode>
            </TextEquiv>
          </Glyph>
          <Glyph id="w98745g4">
            <Coords points="1106,2259 1117,2259 1117,2401 1106,2401"/>
            <TextEquiv index="1" conf="0.9999873340129852">
              <Unicode>t</Unicode>
            </TextEquiv>
          </Glyph>
          <Glyph id="w98745g5">
            <Coords points="1164,2259 1164,2259 1164,2401 1164,2401"/>
            <TextEquiv index="1" conf="0.9999963641166687">
              <Unicode>e</Unicode>
            </TextEquiv>
          </Glyph>
          <TextEquiv index="1" conf="0.9999752046665897">
            <Unicode>pointe</Unicode>
          </TextEquiv>
        </Word>
        <Word id="w98746">
          <Coords points="1223,2259 1270,2259 1270,2401 1223,2401"/>
          <Glyph id="w98746g0">
            <Coords points="1223,2259 1223,2259 1223,2401 1223,2401"/>
            <TextEquiv index="1" conf="1.0">
              <Unicode>a</Unicode>
            </TextEquiv>
          </Glyph>
          <Glyph id="w98746g1">
            <Coords points="1270,2259 1270,2259 1270,2401 1270,2401"/>
            <TextEquiv index="1" conf="0.9999982416629791">
              <Unicode>u</Unicode>
            </TextEquiv>
          </Glyph>
          <TextEquiv index="1" conf="0.9999982416629791">
            <Unicode>au</Unicode>
          </TextEquiv>
        </Word>
        <Word id="w98747">
          <Coords points="1352,2259 1539,2259 1539,2401 1352,2401"/>
          <Glyph id="w98747g0">
            <Coords points="1352,2259 1352,2259 1352,2401 1352,2401"/>
            <TextEquiv index="1" conf="0.9999991357326508">
              <Unicode>c</Unicode>
            </TextEquiv>
          </Glyph>
          <Glyph id="w98747g1">
            <Coords points="1398,2259 1410,2259 1410,2401 1398,2401"/>
            <TextEquiv index="1" conf="0.9999963641166687">
              <Unicode>o</Unicode>
            </TextEquiv>
          </Glyph>
          <Glyph id="w98747g2">
            <Coords points="1457,2259 1457,2259 1457,2401 1457,2401"/>
            <TextEquiv index="1" conf="0.9999743700027466">
              <Unicode>ſ</Unicode>
            </TextEquiv>
          </Glyph>
          <Glyph id="w98747g3">
            <Coords points="1492,2259 1492,2259 1492,2401 1492,2401"/>
            <TextEquiv index="1" conf="0.9999374449253082">
              <Unicode>t</Unicode>
            </TextEquiv>
          </Glyph>
          <Glyph id="w98747g4">
            <Coords points="1539,2259 1539,2259 1539,2401 1539,2401"/>
            <TextEquiv index="1" conf="0.9999959170818329">
              <Unicode>é</Unicode>
            </TextEquiv>
          </Glyph>
          <TextEquiv index="1" conf="0.9999032342408924">
            <Unicode>coſté</Unicode>
          </TextEquiv>
        </Word>
        <Word id="w98748">
          <Coords points="1609,2259 1797,2259 1797,2401 1609,2401"/>
          <Glyph id="w98748g0">
            <Coords points="1609,2259 1621,2259 1621,2401 1609,2401"/>
            <TextEquiv index="1" conf="0.9999999403953552">
              <Unicode>d</Unicode>
            </TextEquiv>
          </Glyph>
          <Glyph id="w98748g1">
            <Coords points="1656,2259 1656,2259 1656,2401 1656,2401"/>
            <TextEquiv index="1" conf="0.999999612569809">
              <Unicode>r</Unicode>
            </TextEquiv>
          </Glyph>
          <Glyph id="w98748g2">
            <Coords points="1703,2259 1715,2259 1715,2401 1703,2401"/>
            <TextEquiv index="1" conf="0.9999688863754272">
              <Unicode>o</Unicode>
            </TextEquiv>
          </Glyph>
          <Glyph id="w98748g3">
            <Coords points="1750,2259 1750,2259 1750,2401 1750,2401"/>
            <TextEquiv index="1" conf="0.9999984800815582">
              <Unicode>i</Unicode>
            </TextEquiv>
          </Glyph>
          <Glyph id="w98748g4">
            <Coords points="1785,2259 1797,2259 1797,2401 1785,2401"/>
            <TextEquiv index="1" conf="0.9999942779541016">
              <Unicode>t</Unicode>
            </TextEquiv>
          </Glyph>
          <TextEquiv index="1" conf="0.9999611976274411">
            <Unicode>droit</Unicode>
          </TextEquiv>
        </Word>
        <Word id="w98749">
          <Coords points="1855,2259 1914,2259 1914,2401 1855,2401"/>
          <Glyph id="w98749g0">
            <Coords points="1855,2259 1867,2259 1867,2401 1855,2401"/>
            <TextEquiv index="1" conf="0.9999935925006866">
              <Unicode>d</Unicode>
            </TextEquiv>
          </Glyph>
          <Glyph id="w98749g1">
            <Coords points="1914,2259 1914,2259 1914,2401 1914,2401"/>
            <TextEquiv index="1" conf="0.9999991655349731">
              <Unicode>e</Unicode>
            </TextEquiv>
          </Glyph>
          <TextEquiv index="1" conf="0.9999927580410066">
            <Unicode>de</Unicode>
          </TextEquiv>
        </Word>
        <Word id="w98750">
          <Coords points="1960,2259 2007,2259 2007,2401 1960,2401"/>
          <Glyph id="w98750g0">
            <Coords points="1960,2259 1960,2259 1960,2401 1960,2401"/>
            <TextEquiv index="1" conf="0.9997483342885971">
              <Unicode>ſ</Unicode>
            </TextEquiv>
          </Glyph>
          <Glyph id="w98750g1">
            <Coords points="1996,2259 2007,2259 2007,2401 1996,2401"/>
            <TextEquiv index="1" conf="0.9999999701976776">
              <Unicode>a</Unicode>
            </TextEquiv>
          </Glyph>
          <TextEquiv index="1" conf="0.9997483044937749">
            <Unicode>ſa</Unicode>
          </TextEquiv>
        </Word>
        <Word id="w98751">
          <Coords points="2054,2259 2312,2259 2312,2401 2054,2401"/>
          <Glyph id="w98751g0">
            <Coords points="2054,2259 2066,2259 2066,2401 2054,2401"/>
            <TextEquiv index="1" conf="1.0">
              <Unicode>p</Unicode>
            </TextEquiv>
          </Glyph>
          <Glyph id="w98751g1">
            <Coords points="2113,2259 2124,2259 2124,2401 2113,2401"/>
            <TextEquiv index="1" conf="1.0">
              <Unicode>a</Unicode>
            </TextEquiv>
          </Glyph>
          <Glyph id="w98751g2">
            <Coords points="2160,2259 2171,2259 2171,2401 2160,2401"/>
            <TextEquiv index="1" conf="1.0">
              <Unicode>r</Unicode>
            </TextEquiv>
          </Glyph>
          <Glyph id="w98751g3">
            <Coords points="2206,2259 2206,2259 2206,2401 2206,2401"/>
            <TextEquiv index="1" conf="0.9999971985816956">
              <Unicode>t</Unicode>
            </TextEquiv>
          </Glyph>
          <Glyph id="w98751g4">
            <Coords points="2230,2259 2242,2259 2242,2401 2230,2401"/>
            <TextEquiv index="1" conf="0.9999391138553619">
              <Unicode>i</Unicode>
            </TextEquiv>
          </Glyph>
          <Glyph id="w98751g5">
            <Coords points="2288,2259 2288,2259 2288,2401 2288,2401"/>
            <TextEquiv index="1" conf="0.9999983608722687">
              <Unicode>e</Unicode>
            </TextEquiv>
          </Glyph>
          <Glyph id="w98751g6">
            <Coords points="2312,2259 2312,2259 2312,2401 2312,2401"/>
            <TextEquiv index="1" conf="0.9999219626188278">
              <Unicode>,</Unicode>
            </TextEquiv>
          </Glyph>
          <TextEquiv index="1" conf="0.9998566413010157">
            <Unicode>partie,</Unicode>
          </TextEquiv>
        </Word>
        <Word id="w98752">
          <Coords points="2347,2259 2698,2259 2698,2401 2347,2401"/>
          <Glyph id="w98752g0">
            <Coords points="2347,2259 2370,2259 2370,2401 2347,2401"/>
            <TextEquiv index="1" conf="1.0">
              <Unicode>p</Unicode>
            </TextEquiv>
          </Glyph>
          <Glyph id="w98752g1">
            <Coords points="2405,2259 2405,2259 2405,2401 2405,2401"/>
            <TextEquiv index="1" conf="0.9999983012676239">
              <Unicode>l</Unicode>
            </TextEquiv>
          </Glyph>
          <Glyph id="w98752g2">
            <Coords points="2441,2259 2441,2259 2441,2401 2441,2401"/>
            <TextEquiv index="1" conf="1.0">
              <Unicode>a</Unicode>
            </TextEquiv>
          </Glyph>
          <Glyph id="w98752g3">
            <Coords points="2487,2259 2487,2259 2487,2401 2487,2401"/>
            <TextEquiv index="1" conf="0.9999999701976776">
              <Unicode>n</Unicode>
            </TextEquiv>
          </Glyph>
          <Glyph id="w98752g4">
            <Coords points="2546,2259 2546,2259 2546,2401 2546,2401"/>
            <TextEquiv index="1" conf="0.9999991357326508">
              <Unicode>t</Unicode>
            </TextEquiv>
          </Glyph>
          <Glyph id="w98752g5">
            <Coords points="2581,2259 2593,2259 2593,2401 2581,2401"/>
            <TextEquiv index="1" conf="0.9999995529651642">
              <Unicode>a</Unicode>
            </TextEquiv>
          </Glyph>
          <Glyph id="w98752g6">
            <Coords points="2628,2259 2640,2259 2640,2401 2628,2401"/>
            <TextEquiv index="1" conf="0.9999891817569733">
              <Unicode>n</Unicode>
            </TextEquiv>
          </Glyph>
          <Glyph id="w98752g7">
            <Coords points="2698,2259 2698,2259 2698,2401 2698,2401"/>
            <TextEquiv index="1" conf="0.9999982118606567">
              <Unicode>t</Unicode>
            </TextEquiv>
          </Glyph>
          <TextEquiv index="1" conf="0.9999843538411158">
            <Unicode>plantant</Unicode>
          </TextEquiv>
        </Word>
        <TextEquiv>
          <Unicode/>
        </TextEquiv>
        <TextEquiv index="1" conf="0.9998957526450064">
          <Unicode>met ſa pointe au coſté droit de ſa partie, plantant</Unicode>
        </TextEquiv>
      </TextLine>
      <TextLine id="r9_l014">
        <Coords points="2626,2506 2690,2506 2689,2382 563,2405 564,2531 2237,2512 2239,2511 2306,2511 2311,2506 2478,2506 2482,2510 2623,2508 2626,2506"/>
        <Word id="w98753">
          <Coords points="608,2382 657,2382 657,2531 608,2531"/>
          <Glyph id="w98753g0">
            <Coords points="608,2382 608,2382 608,2531 608,2531"/>
            <TextEquiv index="1" conf="0.9999682307243347">
              <Unicode>l</Unicode>
            </TextEquiv>
          </Glyph>
          <Glyph id="w98753g1">
            <Coords points="657,2382 657,2382 657,2531 657,2531"/>
            <TextEquiv index="1" conf="0.999996691942215">
              <Unicode>e</Unicode>
            </TextEquiv>
          </Glyph>
          <TextEquiv index="1" conf="0.9999649227716443">
            <Unicode>le</Unicode>
          </TextEquiv>
        </Word>
        <Word id="w98754">
          <Coords points="706,2382 879,2382 879,2531 706,2531"/>
          <Glyph id="w98754g0">
            <Coords points="706,2382 731,2382 731,2531 706,2531"/>
            <TextEquiv index="1" conf="1.0">
              <Unicode>p</Unicode>
            </TextEquiv>
          </Glyph>
          <Glyph id="w98754g1">
            <Coords points="768,2382 768,2382 768,2531 768,2531"/>
            <TextEquiv index="1" conf="0.9999860525131226">
              <Unicode>i</Unicode>
            </TextEquiv>
          </Glyph>
          <Glyph id="w98754g2">
            <Coords points="805,2382 817,2382 817,2531 805,2531"/>
            <TextEquiv index="1" conf="0.9999078512191772">
              <Unicode>e</Unicode>
            </TextEquiv>
          </Glyph>
          <Glyph id="w98754g3">
            <Coords points="866,2382 879,2382 879,2531 866,2531"/>
            <TextEquiv index="1" conf="0.9999855756759644">
              <Unicode>d</Unicode>
            </TextEquiv>
          </Glyph>
          <TextEquiv index="1" conf="0.9998794822238565">
            <Unicode>pied</Unicode>
          </TextEquiv>
        </Word>
        <Word id="w98755">
          <Coords points="928,2382 1161,2382 1161,2531 928,2531"/>
          <Glyph id="w98755g0">
            <Coords points="928,2382 940,2382 940,2531 928,2531"/>
            <TextEquiv index="1" conf="0.9999577105045319">
              <Unicode>e</Unicode>
            </TextEquiv>
          </Glyph>
          <Glyph id="w98755g1">
            <Coords points="977,2382 977,2382 977,2531 977,2531"/>
            <TextEquiv index="1" conf="0.9999900758266449">
              <Unicode>ſ</Unicode>
            </TextEquiv>
          </Glyph>
          <Glyph id="w98755g2">
            <Coords points="1002,2382 1002,2382 1002,2531 1002,2531"/>
            <TextEquiv index="1" conf="0.9408343732357025">
              <Unicode>l</Unicode>
            </TextEquiv>
          </Glyph>
          <Glyph id="w98755g3">
            <Coords points="1051,2382 1051,2382 1051,2531 1051,2531"/>
            <TextEquiv index="1" conf="0.9999911487102509">
              <Unicode>e</Unicode>
            </TextEquiv>
          </Glyph>
          <Glyph id="w98755g4">
            <Coords points="1100,2382 1112,2382 1112,2531 1100,2531"/>
            <TextEquiv index="1" conf="0.9999998211860657">
              <Unicode>v</Unicode>
            </TextEquiv>
          </Glyph>
          <Glyph id="w98755g5">
            <Coords points="1149,2382 1161,2382 1161,2531 1149,2531"/>
            <TextEquiv index="1" conf="0.999401643872261">
              <Unicode>é</Unicode>
            </TextEquiv>
          </Glyph>
          <TextEquiv index="1" conf="0.9402138342938346">
            <Unicode>eſlevé</Unicode>
          </TextEquiv>
        </Word>
        <Word id="w98756">
          <Coords points="1211,2382 1260,2382 1260,2531 1211,2531"/>
          <Glyph id="w98756g0">
            <Coords points="1211,2382 1211,2382 1211,2531 1211,2531"/>
            <TextEquiv index="1" conf="0.9999999105930328">
              <Unicode>a</Unicode>
            </TextEquiv>
          </Glyph>
          <Glyph id="w98756g1">
            <Coords points="1260,2382 1260,2382 1260,2531 1260,2531"/>
            <TextEquiv index="1" conf="0.9999998807907104">
              <Unicode>u</Unicode>
            </TextEquiv>
          </Glyph>
          <TextEquiv index="1" conf="0.9999997913837539">
            <Unicode>au</Unicode>
          </TextEquiv>
        </Word>
        <Word id="w98757">
          <Coords points="1346,2382 1580,2382 1580,2531 1346,2531"/>
          <Glyph id="w98757g0">
            <Coords points="1346,2382 1358,2382 1358,2531 1346,2531"/>
            <TextEquiv index="1" conf="0.9999988675117493">
              <Unicode>d</Unicode>
            </TextEquiv>
          </Glyph>
          <Glyph id="w98757g1">
            <Coords points="1395,2382 1407,2382 1407,2531 1395,2531"/>
            <TextEquiv index="1" conf="0.9999993145465851">
              <Unicode>e</Unicode>
            </TextEquiv>
          </Glyph>
          <Glyph id="w98757g2">
            <Coords points="1444,2382 1444,2382 1444,2531 1444,2531"/>
            <TextEquiv index="1" conf="0.999953031539917">
              <Unicode>ſ</Unicode>
            </TextEquiv>
          </Glyph>
          <Glyph id="w98757g3">
            <Coords points="1469,2382 1481,2382 1481,2531 1469,2531"/>
            <TextEquiv index="1" conf="0.9996722340583801">
              <Unicode>ſ</Unicode>
            </TextEquiv>
          </Glyph>
          <Glyph id="w98757g4">
            <Coords points="1506,2382 1518,2382 1518,2531 1506,2531"/>
            <TextEquiv index="1" conf="0.9998932331800461">
              <Unicode>u</Unicode>
            </TextEquiv>
          </Glyph>
          <Glyph id="w98757g5">
            <Coords points="1580,2382 1580,2382 1580,2531 1580,2531"/>
            <TextEquiv index="1" conf="0.9999995827674866">
              <Unicode>s</Unicode>
            </TextEquiv>
          </Glyph>
          <TextEquiv index="1" conf="0.9995163200840319">
            <Unicode>deſſus</Unicode>
          </TextEquiv>
        </Word>
        <Word id="w98758">
          <Coords points="1641,2382 1703,2382 1703,2531 1641,2531"/>
          <Glyph id="w98758g0">
            <Coords points="1641,2382 1653,2382 1653,2531 1641,2531"/>
            <TextEquiv index="1" conf="0.9999998509883881">
              <Unicode>d</Unicode>
            </TextEquiv>
          </Glyph>
          <Glyph id="w98758g1">
            <Coords points="1690,2382 1703,2382 1703,2531 1690,2531"/>
            <TextEquiv index="1" conf="0.9999925792217255">
              <Unicode>u</Unicode>
            </TextEquiv>
          </Glyph>
          <TextEquiv index="1" conf="0.9999924302112193">
            <Unicode>du</Unicode>
          </TextEquiv>
        </Word>
        <Word id="w98759">
          <Coords points="1826,2382 2195,2382 2195,2531 1826,2531"/>
          <Glyph id="w98759g0">
            <Coords points="1826,2382 1838,2382 1838,2531 1826,2531"/>
            <TextEquiv index="1" conf="1.0">
              <Unicode>D</Unicode>
            </TextEquiv>
          </Glyph>
          <Glyph id="w98759g1">
            <Coords points="1862,2382 1875,2382 1875,2531 1862,2531"/>
            <TextEquiv index="1" conf="0.9999927580356598">
              <Unicode>i</Unicode>
            </TextEquiv>
          </Glyph>
          <Glyph id="w98759g2">
            <Coords points="1899,2382 1912,2382 1912,2531 1899,2531"/>
            <TextEquiv index="1" conf="0.9999997019767761">
              <Unicode>a</Unicode>
            </TextEquiv>
          </Glyph>
          <Glyph id="w98759g3">
            <Coords points="1985,2382 1985,2382 1985,2531 1985,2531"/>
            <TextEquiv index="1" conf="1.0">
              <Unicode>m</Unicode>
            </TextEquiv>
          </Glyph>
          <Glyph id="w98759g4">
            <Coords points="2047,2382 2059,2382 2059,2531 2047,2531"/>
            <TextEquiv index="1" conf="0.9999900162220001">
              <Unicode>e</Unicode>
            </TextEquiv>
          </Glyph>
          <Glyph id="w98759g5">
            <Coords points="2096,2382 2096,2382 2096,2531 2096,2531"/>
            <TextEquiv index="1" conf="0.9999983310699463">
              <Unicode>t</Unicode>
            </TextEquiv>
          </Glyph>
          <Glyph id="w98759g6">
            <Coords points="2133,2382 2145,2382 2145,2531 2133,2531"/>
            <TextEquiv index="1" conf="0.9999995827674866">
              <Unicode>r</Unicode>
            </TextEquiv>
          </Glyph>
          <Glyph id="w98759g7">
            <Coords points="2182,2382 2195,2382 2195,2531 2182,2531"/>
            <TextEquiv index="1" conf="0.9999857544898987">
              <Unicode>e</Unicode>
            </TextEquiv>
          </Glyph>
          <TextEquiv index="1" conf="0.9999661449558088">
            <Unicode>Diametre</Unicode>
          </TextEquiv>
        </Word>
        <Word id="w98760">
          <Coords points="2244,2382 2342,2382 2342,2531 2244,2531"/>
          <Glyph id="w98760g0">
            <Coords points="2244,2382 2244,2382 2244,2531 2244,2531"/>
            <TextEquiv index="1" conf="0.9999476373195648">
              <Unicode>ſ</Unicode>
            </TextEquiv>
          </Glyph>
          <Glyph id="w98760g1">
            <Coords points="2281,2382 2281,2382 2281,2531 2281,2531"/>
            <TextEquiv index="1" conf="0.9999999701976776">
              <Unicode>u</Unicode>
            </TextEquiv>
          </Glyph>
          <Glyph id="w98760g2">
            <Coords points="2342,2382 2342,2382 2342,2531 2342,2531"/>
            <TextEquiv index="1" conf="0.9999993145465851">
              <Unicode>r</Unicode>
            </TextEquiv>
          </Glyph>
          <TextEquiv index="1" conf="0.9999469221013007">
            <Unicode>ſur</Unicode>
          </TextEquiv>
        </Word>
        <Word id="w98761">
          <Coords points="2391,2382 2428,2382 2428,2531 2391,2531"/>
          <Glyph id="w98761g0">
            <Coords points="2391,2382 2391,2382 2391,2531 2391,2531"/>
            <TextEquiv index="1" conf="0.9999981820583344">
              <Unicode>l</Unicode>
            </TextEquiv>
          </Glyph>
          <Glyph id="w98761g1">
            <Coords points="2428,2382 2428,2382 2428,2531 2428,2531"/>
            <TextEquiv index="1" conf="1.0">
              <Unicode>a</Unicode>
            </TextEquiv>
          </Glyph>
          <TextEquiv index="1" conf="0.9999981820583344">
            <Unicode>la</Unicode>
          </TextEquiv>
        </Word>
        <Word id="w98762">
          <Coords points="2502,2382 2699,2382 2699,2531 2502,2531"/>
          <Glyph id="w98762g0">
            <Coords points="2502,2382 2502,2382 2502,2531 2502,2531"/>
            <TextEquiv index="1" conf="0.9999845921993256">
              <Unicode>l</Unicode>
            </TextEquiv>
          </Glyph>
          <Glyph id="w98762g1">
            <Coords points="2527,2382 2527,2382 2527,2531 2527,2531"/>
            <TextEquiv index="1" conf="0.999999612569809">
              <Unicode>i</Unicode>
            </TextEquiv>
          </Glyph>
          <Glyph id="w98762g2">
            <Coords points="2576,2382 2588,2382 2588,2531 2576,2531"/>
            <TextEquiv index="1" conf="1.0">
              <Unicode>g</Unicode>
            </TextEquiv>
          </Glyph>
          <Glyph id="w98762g3">
            <Coords points="2625,2382 2625,2382 2625,2531 2625,2531"/>
            <TextEquiv index="1" conf="1.0">
              <Unicode>n</Unicode>
            </TextEquiv>
          </Glyph>
          <Glyph id="w98762g4">
            <Coords points="2699,2382 2699,2382 2699,2531 2699,2531"/>
            <TextEquiv index="1" conf="0.9999988675117493">
              <Unicode>e</Unicode>
            </TextEquiv>
          </Glyph>
          <TextEquiv index="1" conf="0.9999830723047411">
            <Unicode>ligne</Unicode>
          </TextEquiv>
        </Word>
        <TextEquiv>
          <Unicode/>
        </TextEquiv>
        <TextEquiv index="1" conf="0.9985641569507365">
          <Unicode>le pied eſlevé au deſſus du Diametre ſur la ligne</Unicode>
        </TextEquiv>
      </TextLine>
      <TextLine id="r9_l015">
        <Coords points="1542,2635 1570,2635 1575,2631 1949,2631 2227,2628 2226,2513 563,2531 563,2645 644,2645 649,2640 673,2640 677,2644 880,2642 883,2640 955,2640 959,2635 1136,2635 1141,2631 1146,2631 1150,2635 1341,2635 1346,2631 1394,2631 1399,2635 1399,2636 1541,2635 1542,2635"/>
        <Word id="w98763">
          <Coords points="670,2513 670,2513 670,2645 670,2645"/>
          <Glyph id="w98763g0">
            <Coords points="670,2513 670,2513 670,2645 670,2645"/>
            <TextEquiv index="1" conf="1.0">
              <Unicode>N</Unicode>
            </TextEquiv>
          </Glyph>
          <TextEquiv index="1" conf="1.0">
            <Unicode>N</Unicode>
          </TextEquiv>
        </Word>
        <Word id="w98764">
          <Coords points="793,2513 855,2513 855,2645 793,2645"/>
          <Glyph id="w98764g0">
            <Coords points="793,2513 805,2513 805,2645 793,2645"/>
            <TextEquiv index="1" conf="0.9995855987071991">
              <Unicode>Q</Unicode>
            </TextEquiv>
          </Glyph>
          <Glyph id="w98764g1">
            <Coords points="855,2513 855,2513 855,2645 855,2645"/>
            <TextEquiv index="1" conf="0.9960721731185913">
              <Unicode>;</Unicode>
            </TextEquiv>
          </Glyph>
          <TextEquiv index="1" conf="0.995659399522328">
            <Unicode>Q;</Unicode>
          </TextEquiv>
        </Word>
        <Word id="w98765">
          <Coords points="941,2513 1237,2513 1237,2645 941,2645"/>
          <Glyph id="w98765g0">
            <Coords points="941,2513 941,2513 941,2645 941,2645"/>
            <TextEquiv index="1" conf="0.9999988973140717">
              <Unicode>c</Unicode>
            </TextEquiv>
          </Glyph>
          <Glyph id="w98765g1">
            <Coords points="990,2513 1003,2513 1003,2645 990,2645"/>
            <TextEquiv index="1" conf="0.9999985694885254">
              <Unicode>o</Unicode>
            </TextEquiv>
          </Glyph>
          <Glyph id="w98765g2">
            <Coords points="1064,2513 1077,2513 1077,2645 1064,2645"/>
            <TextEquiv index="1" conf="0.9999901652336121">
              <Unicode>m</Unicode>
            </TextEquiv>
          </Glyph>
          <Glyph id="w98765g3">
            <Coords points="1163,2513 1163,2513 1163,2645 1163,2645"/>
            <TextEquiv index="1" conf="1.0">
              <Unicode>m</Unicode>
            </TextEquiv>
          </Glyph>
          <Glyph id="w98765g4">
            <Coords points="1225,2513 1237,2513 1237,2645 1225,2645"/>
            <TextEquiv index="1" conf="0.9999865889549255">
              <Unicode>e</Unicode>
            </TextEquiv>
          </Glyph>
          <TextEquiv index="1" conf="0.9999742211834924">
            <Unicode>comme</Unicode>
          </TextEquiv>
        </Word>
        <Word id="w98766">
          <Coords points="1286,2513 1373,2513 1373,2645 1286,2645"/>
          <Glyph id="w98766g0">
            <Coords points="1286,2513 1286,2513 1286,2645 1286,2645"/>
            <TextEquiv index="1" conf="0.9999992251396179">
              <Unicode>l</Unicode>
            </TextEquiv>
          </Glyph>
          <Glyph id="w98766g1">
            <Coords points="1323,2513 1336,2513 1336,2645 1323,2645"/>
            <TextEquiv index="1" conf="0.9999994337558746">
              <Unicode>e</Unicode>
            </TextEquiv>
          </Glyph>
          <Glyph id="w98766g2">
            <Coords points="1373,2513 1373,2513 1373,2645 1373,2645"/>
            <TextEquiv index="1" conf="0.9999963939189911">
              <Unicode>s</Unicode>
            </TextEquiv>
          </Glyph>
          <TextEquiv index="1" conf="0.9999950528197585">
            <Unicode>les</Unicode>
          </TextEquiv>
        </Word>
        <Word id="w98767">
          <Coords points="1422,2513 1718,2513 1718,2645 1422,2645"/>
          <Glyph id="w98767g0">
            <Coords points="1422,2513 1434,2513 1434,2645 1422,2645"/>
            <TextEquiv index="1" conf="0.9999155700206757">
              <Unicode>f</Unicode>
            </TextEquiv>
          </Glyph>
          <Glyph id="w98767g1">
            <Coords points="1447,2513 1459,2513 1459,2645 1447,2645"/>
            <TextEquiv index="1" conf="0.9998886734247208">
              <Unicode>i</Unicode>
            </TextEquiv>
          </Glyph>
          <Glyph id="w98767g2">
            <Coords points="1496,2513 1508,2513 1508,2645 1496,2645"/>
            <TextEquiv index="1" conf="1.0">
              <Unicode>g</Unicode>
            </TextEquiv>
          </Glyph>
          <Glyph id="w98767g3">
            <Coords points="1545,2513 1557,2513 1557,2645 1545,2645"/>
            <TextEquiv index="1" conf="0.9999932944774628">
              <Unicode>u</Unicode>
            </TextEquiv>
          </Glyph>
          <Glyph id="w98767g4">
            <Coords points="1607,2513 1619,2513 1619,2645 1607,2645"/>
            <TextEquiv index="1" conf="0.9999998807907104">
              <Unicode>r</Unicode>
            </TextEquiv>
          </Glyph>
          <Glyph id="w98767g5">
            <Coords points="1656,2513 1668,2513 1668,2645 1656,2645"/>
            <TextEquiv index="1" conf="0.9999972581863403">
              <Unicode>e</Unicode>
            </TextEquiv>
          </Glyph>
          <Glyph id="w98767g6">
            <Coords points="1705,2513 1718,2513 1718,2645 1705,2645"/>
            <TextEquiv index="1" conf="0.9999630749225616">
              <Unicode>s</Unicode>
            </TextEquiv>
          </Glyph>
          <TextEquiv index="1" conf="0.9997577706950582">
            <Unicode>figures</Unicode>
          </TextEquiv>
        </Word>
        <Word id="w98768">
          <Coords points="1792,2513 2248,2513 2248,2645 1792,2645"/>
          <Glyph id="w98768g0">
            <Coords points="1792,2513 1804,2513 1804,2645 1792,2645"/>
            <TextEquiv index="1" conf="0.9999999701976776">
              <Unicode>m</Unicode>
            </TextEquiv>
          </Glyph>
          <Glyph id="w98768g1">
            <Coords points="1866,2513 1878,2513 1878,2645 1866,2645"/>
            <TextEquiv index="1" conf="0.9999993443489075">
              <Unicode>o</Unicode>
            </TextEquiv>
          </Glyph>
          <Glyph id="w98768g2">
            <Coords points="1915,2513 1915,2513 1915,2645 1915,2645"/>
            <TextEquiv index="1" conf="0.9999964237213135">
              <Unicode>n</Unicode>
            </TextEquiv>
          </Glyph>
          <Glyph id="w98768g3">
            <Coords points="1977,2513 1977,2513 1977,2645 1977,2645"/>
            <TextEquiv index="1" conf="0.9999751150608063">
              <Unicode>ſ</Unicode>
            </TextEquiv>
          </Glyph>
          <Glyph id="w98768g4">
            <Coords points="2014,2513 2014,2513 2014,2645 2014,2645"/>
            <TextEquiv index="1" conf="0.9998949021100998">
              <Unicode>t</Unicode>
            </TextEquiv>
          </Glyph>
          <Glyph id="w98768g5">
            <Coords points="2051,2513 2051,2513 2051,2645 2051,2645"/>
            <TextEquiv index="1" conf="0.9999998807907104">
              <Unicode>r</Unicode>
            </TextEquiv>
          </Glyph>
          <Glyph id="w98768g6">
            <Coords points="2100,2513 2112,2513 2112,2645 2100,2645"/>
            <TextEquiv index="1" conf="1.0">
              <Unicode>e</Unicode>
            </TextEquiv>
          </Glyph>
          <Glyph id="w98768g7">
            <Coords points="2149,2513 2149,2513 2149,2645 2149,2645"/>
            <TextEquiv index="1" conf="0.9999999701976776">
              <Unicode>n</Unicode>
            </TextEquiv>
          </Glyph>
          <Glyph id="w98768g8">
            <Coords points="2211,2513 2211,2513 2211,2645 2211,2645"/>
            <TextEquiv index="1" conf="0.9999831914901733">
              <Unicode>t</Unicode>
            </TextEquiv>
          </Glyph>
          <Glyph id="w98768g9">
            <Coords points="2248,2513 2248,2513 2248,2645 2248,2645"/>
            <TextEquiv index="1" conf="0.9996265470981598">
              <Unicode>.</Unicode>
            </TextEquiv>
          </Glyph>
          <TextEquiv index="1" conf="0.9994754069310219">
            <Unicode>monſtrent.</Unicode>
          </TextEquiv>
        </Word>
        <TextEquiv>
          <Unicode/>
        </TextEquiv>
        <TextEquiv index="1" conf="0.9997817237268795">
          <Unicode>N Q; comme les figures monſtrent.</Unicode>
        </TextEquiv>
      </TextLine>
      <TextEquiv>
        <Unicode/>
      </TextEquiv>
    </TextRegion>
  </Page>
</PcGts>
