5520 7640
1556 286 1733 508 Eux
1831 286 1988 508 qui
2086 286 2478 508 auront
2576 286 2772 508 bien
2929 286 3380 508 entendu
3497 286 3634 508 les
3752 286 4262 508 premiers
4419 286 4791 508 Cercles
4928 286 4987 508 du

1504 493 1824 645 Tableau
1961 493 2159 645 XXII
2281 493 2281 645 &
2418 493 2890 645 XXVIII,
2997 493 2997 645 &
3073 493 3179 645 qui
3225 493 3286 645 ſe
3332 493 3591 645 ſeront
3651 493 4169 645 pleinement
4230 493 4550 645 exercez
4626 493 4672 645 en
4748 493 5007 645 iceux,

1478 633 2154 779 comprendront
2207 633 2684 779 facilement
2737 633 2737 779 à
2817 633 3055 779 quelle
3108 633 3174 779 fin
3254 633 3453 779 nous
3506 633 3744 779 avons
3784 633 4168 779 adjouſté
4208 633 4314 779 les
4367 633 4844 779 operations
4924 633 4990 779 de

1481 775 1880 919 ceſtuicy,
1949 775 2059 919 qui
2128 775 2211 919 ne
2293 775 2596 919 differre
2651 775 3078 919 beaucoup
3174 775 3284 919 des
3339 775 3642 919 autres.
3848 775 3958 919 Car
4013 775 4344 919 comme
4399 775 4468 919 un
4536 775 5004 919 legiſlateur

1465 914 1505 1062 ſe
1572 914 1962 1062 contente
2042 914 2096 1062 de
2177 914 2472 1062 donner
2539 914 2915 1062 quelques
2969 914 3144 1062 loix,
3197 914 3318 1062 afin
3412 914 3533 1062 que
3587 914 3641 1062 ſe
3681 914 3789 1062 lon
3856 914 4138 1062 icelles,
4178 914 4312 1062 non
4380 914 4850 1062 ſeulement
4890 914 4984 1062 les

1491 1053 1902 1201 differents
1972 1053 1972 1201 à
2057 1053 2467 1201 l’occaſion
2595 1053 2948 1201 deſquels
3047 1053 3217 1201 elles
3273 1053 3443 1201 ſont
3528 1053 3867 1201 fondées
3952 1053 4306 1201 puiſſent
4376 1053 4560 1201 eſtre
4645 1053 4999 1201 decidez,

645 1191 795 1341 mais
836 1191 1013 1341 auſſi
1081 1191 1258 1341 ceux
1326 1191 1435 1341 qui
1489 1191 1557 1341 ne
1639 1191 2006 1341 different
2074 1191 2197 1341 que
2279 1191 2333 1341 de
2401 1191 3027 1341 circonſtances,
3122 1191 3122 1341 &
3190 1191 3313 1341 qui
3354 1191 3435 1341 ne
3503 1191 3912 1341 changent
3966 1191 4184 1341 point
4238 1191 4592 1341 l’eſſence
4688 1191 4742 1341 du
4810 1191 4987 1341 ſub-

600 1331 791 1479 je:
842 1331 1020 1479 auſſi
1058 1331 1262 1479 nous
1313 1331 1504 1479 pour
1568 1331 1950 1479 terminer
2013 1331 2077 1479 un
2153 1331 2510 1479 nombre
2548 1331 2790 1479 infini
2854 1331 3439 1479 d’operations,
3516 1331 3617 1479 qui
3668 1331 3949 1479 toutes
3987 1331 4038 1479 ſe
4101 1331 4662 1479 rencontrent
4738 1331 4789 1479 en
4891 1331 4954 1479 un

641 1473 901 1620 meſme
969 1473 1216 1620 effe,
1270 1473 1476 1620 nous
1517 1473 1763 1620 avons
1804 1473 1982 1620 jugé
2064 1473 2310 1620 devoir
2365 1473 2625 1620 fuffire
2693 1473 2748 1620 de
2803 1473 3186 1620 produire
3254 1473 3391 1620 une
3460 1473 3514 1620 ou
3610 1473 3788 1620 deux
3856 1473 4294 1620 exemples;
4335 1473 4500 1620 affin
4582 1473 4718 1620 que
4773 1473 4965 1620 ſelon

595 1611 844 1759 icelles
948 1611 961 1759 &
1001 1611 1249 1759 ſuivãt
1301 1611 1341 1759 la
1432 1611 1694 1759 meſme
1786 1611 2178 1759 methode,
2230 1611 2296 1759 on
2374 1611 2610 1759 puiſſe
2675 1611 3159 1759 rencontrer
3251 1611 3421 1759 mille
3487 1611 3552 1759 ou
3644 1611 4102 1759 d’avantage
4154 1611 4416 1759 autres
4481 1611 4991 1759 operations,

621 1753 1080 1898 differentes
1121 1753 1594 1898 ſeulement
1661 1753 1715 1898 de
1783 1753 2391 1898 circonſtances
2512 1753 2512 1898 &
2607 1753 2728 1898 qui
2782 1753 3431 1898 n’empeſchent
3485 1753 3958 1898 nullement
4012 1753 4336 1898 leffe.
4484 1753 4579 1898 Car
4660 1753 4984 1898 comme

601 1895 783 2038 vous
835 1895 1004 2038 avec
1069 1895 1186 2038 peu
1277 1895 1420 2038 voir
1485 1895 1615 2038 que
1797 1895 2096 2038 acharie
2148 1895 2304 2038 bien
2421 1895 2551 2038 que
2603 1895 2915 2038 penché
2980 1895 3032 2038 en
3110 1895 3422 2038 arriere,
3539 1895 3539 2038 &
3604 1895 4033 2038 eſtandant
4085 1895 4189 2038 ſon
4280 1895 4449 2038 bras
4514 1895 4579 2038 de
4631 1895 4813 2038 tout
4865 1895 4968 2038 ſon

606 2036 991 2180 pouvoir,
1074 2036 1156 2180 n’a
1225 2036 1349 2180 peu
1445 2036 1913 2180 empeſcher
2010 2036 2133 2180 que
2202 2036 2243 2180 ſa
2298 2036 2546 2180 partie
2615 2036 2821 2180 n’ayt
2876 2036 3289 2180 pourſuivi
3330 2036 3372 2180 ſa
3441 2036 3771 2180 pointe;
3812 2036 3991 2180 ainſi
4032 2036 4073 2180 il
4115 2036 4170 2180 ſe
4239 2036 4514 2180 pourra
4596 2036 4775 2180 faire
4858 2036 4982 2180 que

618 2177 959 2318 quelque
1012 2177 1590 2318 penchement
1682 2177 1748 2318 de
1827 2177 2037 2318 corps
2116 2177 2155 2318 en
2234 2177 2497 2318 avant,
2550 2177 2615 2318 on
2707 2177 3049 2318 quelque
3102 2177 3352 2318 petite
3404 2177 3877 2318 inclination
3956 2177 3956 2318 à
4035 2177 4219 2318 droit
4285 2177 4350 2318 ou
4416 2177 4429 2318 à
4495 2177 4837 2318 gauche,
4903 2177 4981 2318 ne

601 2315 1013 2461 troublera
1066 2315 1185 2461 pas
1238 2315 1742 2461 totalement
1796 2315 2366 2461 l’aionmais
2419 2315 2539 2461 par
2592 2315 2632 2461 le
2698 2315 3030 2461 remede
3096 2315 3229 2461 que
3282 2315 3534 2461 noſtre
3614 2315 3919 2461 diſciple
3972 2315 4224 2461 ſcaura
4290 2315 4463 2461 tirer
4543 2315 4596 2461 de
4649 2315 4781 2461 nos
4835 2315 4994 2461 pre-

611 2454 917 2600 ceptes,
956 2454 996 2600 il
1036 2454 1116 2600 ne
1169 2454 1447 2600 laiſſera
1514 2454 1633 2600 pas
1700 2454 1766 2600 de
1819 2454 2284 2600 pourſuivre
2337 2454 2443 2600 ſon
2522 2454 2921 2600 intention
3013 2454 3730 2600 encommencée,
3849 2454 3849 2600 &
3929 2454 4049 2600 d’en
4128 2454 4327 2600 venir
4380 2454 4380 2600 à
4447 2454 4646 2600 bout
4712 2454 4871 2600 ſans
4938 2454 4991 2600 ſe

589 2594 961 2742 troubler
1016 2594 1071 2742 en
1140 2594 1360 2742 facon
1457 2594 2007 2742 quelconque.
2214 2594 2338 2742 Que
2393 2594 2503 2742 s’il
2544 2594 2737 2742 nous
2806 2594 2957 2742 euſt
3026 2594 3191 2742 fallu
3274 2594 3742 2742 pourſuivre
3811 2594 3990 2742 tout
4059 2594 4183 2742 par
4238 2594 4293 2742 le
4389 2594 4678 2742 menu,
4788 2594 4802 2742 &
4857 2594 4981 2742 ad-

587 2737 883 2878 jouſter
937 2737 1220 2878 autant
1300 2737 1354 2878 de
1435 2737 1718 2878 cercles
1826 2737 1839 2878 &
1906 2737 1960 2878 de
2014 2737 2310 2878 figures
2378 2737 2539 2878 qu’il
2580 2737 2633 2878 ſe
2687 2737 2876 2878 peut
2930 2737 3253 2878 trouver
3333 2737 3387 2878 de
3455 2737 4061 2878 changements
4128 2737 4195 2878 de
4249 2737 4653 2878 poſtures,
4693 2737 4747 2878 je
4801 2737 4990 2878 vous

593 2875 752 3022 prie
809 2875 982 3022 quel
1025 2875 1198 3022 livre
1255 2875 1414 3022 euſt
1471 2875 1514 3022 il
1572 2875 1701 3022 eſté
1773 2875 2119 3022 beſoing
2205 2875 2263 3022 de
2349 2875 2594 3022 faire?
2709 2875 2723 3022 &
2809 2875 3040 3022 quelle
3140 2875 3529 3022 difficulté
3658 2875 3658 3022 &
3730 2875 4061 3022 trouble
4133 2875 4291 3022 euſt
4363 2875 4637 3022 aporté
4709 2875 4838 3022 cela
4925 2875 4996 3022 de

599 3015 843 3160 prime
894 3015 1061 3160 face
1112 3015 1253 3160 aux
1330 3015 1702 3160 diſciples?
1779 3015 2061 3160 encore
2112 3015 2304 3160 nous
2368 3015 2637 3160 ſerons
2676 3015 2868 3160 peut
2945 3015 3125 3160 eſtre
3201 3015 3445 3160 taxez,
3535 3015 3817 3160 d’avoir
3868 3015 4035 3160 trop
4111 3015 4675 3160 prolixement
4765 3015 4983 3160 traite

601 3155 783 3298 ceſte
873 3155 1210 3298 matiere:
1301 3155 1444 3298 mais
1495 3155 1703 3298 nous
1742 3155 2312 3298 reſpondrons
2364 3155 2364 3298 à
2441 3155 2571 3298 cela
2636 3155 2700 3298 au
2804 3155 3115 3298 Tableau
3193 3155 3530 3298 ſuivant.
