5520 7640
1981 1759 2244 1876 Contre
2292 1759 2388 1876 les
2436 1759 2806 1876 poſtures
2866 1759 2926 1876 de
2997 1759 3332 1876 Salvator
3404 1759 3631 1876 Fabri.

4788 6593 4932 6680 Cer-

653 5585 904 5717 Zacharie
952 5585 1155 5717 s’eſtant
1215 5585 1274 5717 mis
1310 5585 1346 5717 en
1406 5585 1645 5717 poſture,
1705 5585 1932 5717 preſente
1979 5585 2039 5717 ſon
2087 5585 2218 5717 eſpee
2266 5585 2302 5717 en
2362 5585 2517 5717 droite
2553 5585 2708 5717 ligne;

781 5712 1072 5844 Alexandre
1133 5712 1206 5844 met
1254 5712 1315 5844 ſon
1363 5712 1485 5844 eſpee
1546 5712 1764 5844 deſſoubs
1801 5712 1910 5844 celle
1970 5712 2007 5844 de
2043 5712 2080 5844 ſa
2153 5712 2408 5844 partie.

1094 5917 1472 6045 ACHARIE
1543 5917 1838 6045 s’eſtant
1932 5917 2039 6045 mis
2121 5917 2157 6045 en
2263 5917 2570 6045 poſture
2653 5917 2700 6045 le

1068 6038 1243 6170 pied
1318 6038 1492 6170 droit
1567 6038 1667 6170 (le
1742 6038 1967 6170 genou
2054 6038 2266 6170 roide
2341 6038 2716 6170 eſtendu)

1062 6160 1322 6286 planté
1382 6160 1477 6286 ſur
1536 6160 1595 6286 le
1678 6160 2093 6286 Diametre,
2164 6160 2543 6286 touchant
2626 6160 2673 6286 du

1082 6280 1354 6408 devant
1425 6280 1531 6408 des
1590 6280 1850 6408 orteils
1897 6280 1933 6408 la
2051 6280 2642 6408 Circonference
2689 6280 2701 6408 à

618 6405 656 6542 la
719 6405 948 6542 lettre
1062 6405 1113 6542 X,
1176 6405 1227 6542 le
1303 6405 1582 6542 gauche
1671 6405 1899 6542 (avec
1963 6405 2013 6542 le
2089 6405 2305 6542 genou
2381 6405 2559 6542 plié)
2610 6405 2686 6542 un

624 6532 746 6667 peu
831 6532 1002 6667 hors
1087 6532 1356 6667 devant
1429 6532 1478 6667 le
1587 6532 1904 6667 Quadrat
1977 6532 2026 6667 du
2148 6532 2429 6667 Cercle,
2526 6532 2697 6667 pen-

630 6655 850 6790 chant
886 6655 935 6790 la
1009 6655 1241 6790 deſſus
1302 6655 1351 6790 en
1424 6655 1693 6790 arriere
1754 6655 1803 6790 le
1864 6655 1986 6790 bas
2059 6655 2108 6790 du
2218 6655 2475 6790 corps,
2597 6655 2597 6790 &
2646 6655 2694 6790 le

1577 1994 1832 2211 YYant
1891 1994 2323 2211 iuſques
2382 1994 2520 2211 icy
2598 1994 2893 2211 (ſelon
2991 1994 3325 2211 noſtre
3404 1994 3737 2211 advis)
3796 1994 4484 2211 pleinement
4543 1994 4955 2211 ſatifait

1509 2203 1509 2343 à
1585 2203 1852 2343 toutes
1915 2203 2004 2343 les
2080 2203 2525 2343 objeions
2614 2203 3045 2343 generales,
3147 2203 3261 2343 qui
3337 2203 3871 2343 diverſement
3922 2203 4404 2343 pouvoyent
4480 2203 4658 2343 eſtre
4722 2203 4937 2343 faites

1519 2337 1787 2453 contre
1860 2337 2115 2453 noſtre
2188 2337 2589 2453 exercice;
2650 2337 2844 2453 nous
2905 2337 3136 2453 avons
3209 2337 3464 2453 eſtimé
3537 2337 3707 2453 eſtre
3792 2337 4327 2453 convenable,
4400 2337 4461 2453 de
4509 2337 4874 2453 ſatisfaire
4923 2337 4935 2453 à

1521 2475 1724 2619 celles
1813 2475 1941 2619 que
2004 2475 2195 2619 nous
2246 2475 2767 2619 pourroyent
2831 2475 3594 2619 particulierement
3658 2475 3861 2619 faire,
3925 2475 4103 2619 ceux
4166 2475 4281 2619 qui
4319 2475 4624 2619 ſuivent
4675 2475 4713 2619 la
4840 2475 4942 2619 Me-

1515 2609 1761 2752 thode
1856 2609 1924 2752 de
1993 2609 2361 2752 Salvador
2443 2609 2703 2752 Fabri,
2785 2609 3126 2752 homme
3208 2609 3440 2752 certes
3522 2609 3631 2752 qui
3686 2609 3686 2752 à
3768 2609 4095 2752 ſurpaſſé
4164 2609 4287 2752 par
4355 2609 4396 2752 ſa
4464 2609 4819 2752 ſubtilité
4942 2609 4956 2752 &

1518 2749 1758 2892 grand
1811 2749 2278 2892 jugement,
2344 2749 2718 2892 pluſieurs
2811 2749 2918 2892 qui
2984 2749 3024 2892 ſe
3104 2749 3264 2892 ſont
3358 2749 3611 2892 meſlez
3691 2749 3758 2892 de
3838 2749 3931 2892 cet
4038 2749 4184 2892 Art,
4238 2749 4398 2892 tant
4491 2749 4758 2892 devant
4824 2749 4944 2892 luy

650 2884 764 3028 que
854 2884 905 3028 de
956 2884 1070 3028 ſon
1147 2884 1440 3028 temps;
1516 2884 1669 3028 mais
1733 2884 1848 3028 qui
1899 2884 2332 3028 toutesfois
2370 2884 2383 3028 à
2434 2884 2612 3028 auſſi
2676 2884 2829 3028 bien
2918 2884 3045 3028 que
3109 2884 3198 3028 les
3249 2884 3504 3028 autres
3555 2884 3695 3028 erré
3772 2884 3823 3028 en
3912 2884 3963 3028 ce
4027 2884 4281 3028 point,
4371 2884 4524 3028 qu’il
4587 2884 4600 3028 a
4677 2884 4944 3028 eſtimé

623 3024 900 3166 n’eſtre
953 3024 1257 3166 poſible
1336 3024 1389 3166 de
1455 3024 1746 3166 vaincre
1812 3024 1905 3166 ſon
2024 3024 2354 3166 Ennemi
2420 3024 2552 3166 que
2605 3024 2711 3166 par
2777 3024 3028 3166 agilité
3134 3024 3134 3166 &
3200 3024 3477 3166 viteſſe,
3544 3024 3610 3166 ou
3676 3024 3715 3166 le
3781 3024 4297 3166 contraindre
4363 3024 4469 3166 par
4522 3024 4561 3166 la
4627 3024 4958 3166 promp-

619 3159 879 3303 titude
978 3159 1077 3303 des
1152 3159 1437 3303 faintes
1487 3159 1487 3303 à
1574 3159 2033 3303 commetre
2119 3159 2454 3303 quelque
2516 3159 2764 3303 faute.
2913 3159 2975 3303 Ce
3062 3159 3174 3303 que
3248 3159 3447 3303 nous
3496 3159 3583 3303 ne
3633 3159 4005 3303 pouvons
4067 3159 4079 3303 a
4141 3159 4513 3303 prouver:
4588 3159 4687 3303 car
4749 3159 4948 3303 nous

622 3294 699 3443 ne
775 3294 981 3443 nous
1045 3294 1455 3443 prevalons
1519 3294 1968 3443 ſeulement
2045 3294 2160 3443 pas
2237 3294 2301 3443 de
2365 3294 2762 3443 l’occaſion
2878 3294 2993 3443 que
3057 3294 3480 3443 lEnnemi
3544 3294 3737 3443 nous
3814 3294 4198 3443 preſente;
4288 3294 4442 3443 mais
4506 3294 4685 3443 auſſi
4749 3294 4942 3443 nous

636 3434 1116 3581 enſeignons
1196 3434 1343 3581 d’un
1463 3434 1703 3581 deſſein
1783 3434 2076 3581 formé,
2142 3434 2196 3581 de
2262 3434 2302 3581 le
2382 3434 2835 3581 pourſuivre
2902 3434 3169 3581 contre
3235 3434 3275 3581 ſa
3355 3434 3728 3581 volonté,
3848 3434 3848 3581 &
3915 3434 4395 3581 parachever
4461 3434 4621 3581 ſans
4701 3434 4941 3581 qu’au-

637 3574 746 3717 cun
828 3574 1211 3717 accident
1279 3574 1320 3717 ſi
1375 3574 1607 3717 puiſſe
1689 3574 1990 3717 opoſer.
2181 3574 2236 3717 Ce
2318 3574 2632 3717 Tableau
2728 3574 2905 3717 vous
2974 3574 3015 3717 en
3124 3574 3575 3717 enſeignera
3643 3574 3985 3717 quelque
4053 3574 4258 3717 choſe
4340 3574 4395 3717 de
4450 3574 4614 3717 plus
4682 3574 4805 3717 que
4860 3574 4956 3717 les

618 3711 1140 3851 precedents,
1241 3711 1254 3851 &
1318 3711 1852 3851 notemment
1903 3711 1967 3851 au
2043 3711 2424 3851 premiers
2526 3711 2806 3851 Cercles
2895 3711 3239 3851 d’iceluy,
3289 3711 3620 3851 auquels
3684 3711 4167 3851 sexerçant,
4218 3711 4282 3851 on
4396 3711 4536 3851 doit
4600 3711 4701 3851 ſur
4778 3711 4943 3851 tout

629 3845 967 3988 prendre
1032 3845 1253 3988 garde
1331 3845 1591 3988 d’avoir
1656 3845 1707 3988 en
1772 3845 1824 3988 ſa
1902 3845 2292 3988 puiſſance
2357 3845 2396 3988 la
2474 3845 2747 3988 pointe
2824 3845 2889 3988 de
2928 3845 3227 3988 l’eſpee,
3292 3845 3331 3988 en
3422 3845 3825 3988 tournant
3877 3845 3928 3988 la
4019 3845 4175 3988 main
4240 3845 4240 3988 à
4331 3845 4552 3988 droit,
4643 3845 4695 3988 de
4773 3845 4942 3988 peur

638 3977 764 4123 que
833 3977 1363 4123 l’Adverſaire
1447 3977 1516 4123 ne
1586 3977 1823 4123 puiſſe
1893 3977 2158 4123 flechir
2227 3977 2269 4123 la
2339 3977 2520 4123 teſte
2618 3977 2994 4123 deſſoubs,
3078 3977 3133 4123 ou
3217 3977 3259 4123 la
3342 3977 3538 4123 parer
3607 3977 3607 4123 à
3705 3977 3886 4123 coſté
3970 3977 4151 4123 pour
4221 3977 4276 4123 ſe
4346 3977 4681 4123 pouvoir
4736 3977 4946 4123 loger

647 4118 806 4260 dans
872 4118 1149 4260 l’angle
1241 4118 1559 4260 d’icelle;
1611 4118 1677 4260 ſe
1757 4118 2298 4260 reſouvenant
2378 4118 2774 4260 touſiours
2866 4118 2959 4260 des
3051 4118 3382 4260 derniers
3448 4118 3871 4260 preceptes
3950 4118 4056 4260 des
4135 4118 4320 4260 deux
4412 4118 4743 4260 derniers
4835 4118 4941 4260 Ta-

614 4254 934 4395 bleaux,
985 4254 1100 4395 qui
1152 4254 1510 4395 peuvent
1561 4254 1740 4395 eſtre
1804 4254 2239 4395 pourſuivis
2315 4254 2366 4395 en
2456 4254 2801 4395 ceſtuicy
2865 4254 3569 4395 commodement
3620 4254 3786 4395 avec
3850 4254 3965 4395 peu
4054 4254 4118 4395 de
4182 4254 4758 4395 changement;
4796 4254 4911 4395 afin

635 4388 755 4539 qui
808 4388 1089 4539 eſtants
1142 4388 1289 4539 bien
1369 4388 1810 4539 inſtruis,
1864 4388 1931 4539 on
1997 4388 2238 4539 puiſſe
2278 4388 2398 4539 icy
2438 4388 2532 4539 les
2585 4388 2959 4539 executer
3026 4388 3574 4539 pleinement.
3667 4388 3721 4539 Et
3801 4388 3854 4539 de
3908 4388 4095 4539 peur
4175 4388 4295 4539 que
4362 4388 4402 4539 la
4496 4388 4803 4539 vioire
4883 4388 4937 4539 de

711 4528 1020 4670 acharie
1085 4528 1433 4670 n’aporte
1510 4528 1742 4670 aucun
1845 4528 2631 4670 eſpouvantement,
2670 4528 2709 4670 il
2760 4528 2915 4670 faut
2966 4528 3636 4670 ſoigneuſement
3714 4528 4152 4670 conſiderer
4203 4528 4255 4670 le
4307 4528 4680 4670 premiers
4796 4528 4938 4670 Cer-

641 4660 767 4806 cles
850 4660 906 4806 du
990 4660 1297 4806 preſent
1394 4660 1757 4806 Tableau,
1813 4660 1938 4806 afin
2036 4660 2161 4806 que
2245 4660 2524 4806 d’iceux
2593 4660 2649 4806 on
2733 4660 2956 4806 puiſſe
3026 4660 3472 4806 apprendre
3556 4660 3611 4806 ce
3681 4660 3849 4806 qu’il
3904 4660 3988 4806 eſt
4058 4660 4392 4806 beſoing
4476 4660 4532 4806 de
4602 4660 4783 4806 faire
4867 4660 4950 4806 di-

626 4799 1192 4940 ſtinement:
1260 4799 1354 4940 car
1408 4799 1448 4940 il
1516 4799 1597 4940 eſt
1651 4799 1799 4940 bien
1893 4799 2230 4940 ſouvent
2284 4799 2621 4940 beſoing
2689 4799 2743 4940 es
2810 4799 3066 4940 choſes
3147 4799 3525 4940 difficiles,
3592 4799 3646 4940 de
3740 4799 4104 4940 monſtrer
4185 4799 4441 4940 qu’elle
4509 4799 4590 4940 eſt
4630 4799 4954 4940 l’inten-

623 4935 770 5082 tion
864 4935 917 5082 de
970 4935 1451 5082 l’Ennemy,
1518 4935 1638 5082 afin
1745 4935 1878 5082 que
1958 4935 2292 5082 quelque
2385 4935 2719 5082 occaſion
2839 4935 3280 5082 doubteuſe
3360 4935 3440 5082 ne
3507 4935 3827 5082 trouble
3880 4935 3974 5082 les
4054 4935 4508 5082 operations
4601 4935 4721 5082 que
4788 4935 4922 5082 l’on

659 5082 856 5220 deſire
926 5082 1362 5220 enſeigner.

1376 5352 1684 5518 Cercle
1926 5352 2101 5518 N.1.

2837 5358 3011 5477 haut
3092 5358 3139 5477 en
3220 5358 3475 5477 avant,
3533 5358 3591 5477 le
3650 5358 3812 5477 bras
3882 5358 4056 5477 droit
4114 5358 4172 5477 un
4242 5358 4358 5477 peu
4428 5358 4602 5477 plié,
4660 5358 4927 5477 tenant

2839 5478 3098 5598 l’eſpee
3234 5478 3234 5598 &
3308 5478 3345 5598 la
3431 5478 3616 5598 baſſe
3702 5478 3937 5598 partie
4023 5478 4072 5598 du
4183 5478 4343 5598 bras
4417 5478 4775 5598 eſtendue
4861 5478 4911 5598 en

2864 5604 3096 5723 droite
3133 5604 3377 5723 ligne,
3426 5604 3475 5723 la
3560 5604 3707 5723 main
3805 5604 4086 5723 gauche
4159 5604 4440 5723 eſlevée
4501 5604 4501 5723 à
4586 5604 4770 5723 coſté
4867 5604 4916 5723 de

2834 5723 2868 5846 la
2937 5723 3144 5846 teſte.
3281 5723 3820 5846 ALEXANDRE
3878 5723 3935 5846 ſe
4015 5723 4130 5846 met
4187 5723 4199 5846 à
4245 5723 4692 5846 lencontre,
4726 5723 4933 5846 plan-

2842 5846 2992 5968 tant
3055 5846 3105 5968 le
3167 5846 3330 5968 pied
3392 5846 3680 5968 gauche
3755 5846 4043 5968 deſſous
4080 5846 4143 5968 le
4230 5846 4630 5968 Diametre,
4743 5846 4743 5968 &
4818 5846 4930 5968 des

2848 5973 3105 6084 orteils
3183 5973 3562 6084 touchant
3629 5973 3663 6084 la
3785 5973 4432 6084 Circonference,
4544 5973 4733 6084 mene
4800 5973 4900 6084 ſon

2851 6090 3051 6213 eſpee
3109 6090 3379 6213 portée
3438 6090 3485 6213 en
3591 6090 3872 6213 dedans
3943 6090 4236 6213 deſſous
4307 6090 4471 6213 celle
4553 6090 4612 6213 de
4671 6090 4706 6213 ſa
4765 6090 4917 6213 par-

2840 6214 2962 6333 tie;
3048 6214 3340 6333 comme
3389 6214 3426 6333 il
3475 6214 3560 6333 eſt
3633 6214 4072 6333 demonſtré
4145 6214 4194 6333 en
4255 6214 4291 6333 la
4352 6214 4633 6333 figure.

1203 1386 1490 1538 DEC
1604 1386 2559 1538 LARATION
2807 1386 3055 1538 DES
3303 1386 4487 1538 OPERATIONS

1622 1565 1734 1675 DV
1903 1565 2452 1675 TABLEAV
2621 1565 2986 1675 TRENT
3099 1565 3183 1675 ET
3324 1565 3971 1675 TROISIEME,
