5520 7640
1304 354 1612 537 Cercle
1832 354 2118 537 N.2.

628 598 922 758 Alexandre
978 598 1216 758 pourſuit
1306 598 1487 758 menant
1543 598 1588 758 ſa
1633 598 1803 758 pointe
1859 598 1905 758 en
1972 598 2176 758 deſſus,
2266 598 2356 758 pui
2424 598 2605 758 couvre
2673 598 2695 758 de

707 750 776 895 ſon
821 750 923 895 fort
980 750 1003 895 le
1060 750 1196 895 foible
1265 750 1299 895 de
1356 750 1390 895 ſa
1446 750 1663 895 partie,
1731 750 1992 895 tournant
2038 750 2072 895 ſa
2117 750 2345 895 branche
2390 750 2697 895 exterieure

697 892 736 981 en
803 892 956 981 baut.

2995 276 3147 425 duant
3179 276 3212 425 il
3255 276 3331 425 luy
3374 276 3472 425 tire
3526 276 3558 425 de
3623 276 3872 425 premiere
3927 276 4186 425 intention
4251 276 4338 425 une
4403 276 4630 425 eſtocade
4695 276 4706 425 à
4760 276 4977 425 travers

2980 417 3017 530 la
3067 417 3279 530 teſte.

1068 1090 1457 1208 LEXAND
1527 1090 2175 1208 REpourſuivant
2222 1090 2670 1208 l’operation

1034 1213 1533 1329 precedente
1614 1213 1661 1329 du
1788 1213 2032 1329 Cercle
2160 1213 2206 1329 N.
2276 1213 2311 1329 1.
2404 1213 2694 1329 menant

1034 1335 1082 1449 ſa
1154 1335 1476 1449 poine
1572 1335 1631 1449 de
1739 1335 2037 1449 deſſous
2121 1335 2169 1449 en
2288 1335 2527 1449 deſſus
2634 1335 2682 1449 en

1050 1459 1375 1581 dreſſant
1437 1459 1487 1581 le
1575 1459 1787 1581 corps
1862 1459 1962 1581 ſur
2012 1459 2062 1581 le
2125 1459 2300 1581 pied
2375 1459 2700 1581 gauche,

590 1586 870 1688 couvre
940 1586 986 1688 en
1091 1586 1207 1688 eſle
1266 1586 1428 1688 vant
1487 1586 1545 1688 le
1626 1586 1813 1688 droit
1882 1586 1941 1688 de
1987 1586 2092 1688 ſon
2162 1586 2302 1688 fort
2348 1586 2406 1688 le
2453 1586 2686 1688 foible

595 1710 652 1826 de
697 1710 981 1826 l’eſpee
1049 1710 1470 1826 contraire,
1549 1710 2038 1826 entournant
2083 1710 2117 1826 la
2185 1710 2526 1826 branche
2605 1710 2696 1826 ex-

574 1832 920 1953 terieure
1013 1832 1070 1953 de
1139 1832 1186 1953 ſa
1266 1832 1485 1953 garde
1566 1832 1612 1953 en
1693 1832 1912 1953 haut;
1993 1832 2293 1953 comme
2339 1832 2374 1953 il
2454 1832 2535 1953 eſt
2604 1832 2685 1953 re-

577 1961 934 2081 preſenté
983 1961 1130 2081 aux
1192 1961 1524 2081 figures.

3353 4665 3644 4797 Eſtuicy
3723 4665 3723 4797 à
3802 4665 3974 4797 auſſi
4040 4665 4133 4797 ſon
4212 4665 4503 4797 origine
4582 4665 4635 4797 du
4741 4665 4979 4797 Cercle

3377 4793 3411 4917 N.
3491 4793 3537 4917 2.
3629 4793 3926 4917 comme
4029 4793 4567 4917 ALEXANDRE
4647 4793 4704 4917 va
4784 4793 4979 4917 plan-

3320 4915 3426 5044 ter
3474 4915 3521 5044 le
3580 4915 3746 5044 pied
3817 4915 4007 5044 droit
4054 4915 4244 5044 pour
4303 4915 4683 5044 executer
4742 4915 4991 5044 l’eſto-

3331 5042 3506 5167 cade
3575 5042 3633 5167 de
3692 5042 4075 5167 premiere
4145 5042 4586 5167 Intention,
4668 5042 4982 5167 ZAcHA-

2872 5164 2990 5292 RIE
3061 5164 3262 5292 vient
3310 5164 3440 5292 luy
3523 5164 3772 5292 meſme
3831 5164 4328 5292 reſolument
4376 5164 4482 5292 ſur
4530 5164 4684 5292 luy,
4719 5164 4980 5292 parant

2860 5287 3317 5417 l’eſtocade,
3379 5287 3787 5417 penchant
3848 5287 3885 5417 la
3959 5287 4145 5417 teſte
4219 5287 4318 5417 ſur
4392 5287 4491 5417 ſon
4577 5287 4762 5417 coſté
4836 5287 4997 5417 gau-

2872 5412 3028 5539 che,
3077 5412 3474 5539 avançant
3522 5412 3570 5539 le
3631 5412 3799 5539 pied
3860 5412 4161 5539 gauche
4269 5412 4269 5539 &
4329 5412 4883 5539 pareillement
4932 5412 4992 5539 le

2876 5540 3133 5665 corps,
3182 5540 3452 5665 lequel
3501 5540 3525 5665 il
3623 5540 3733 5665 met
3807 5540 3966 5665 dans
4015 5540 4064 5665 la
4125 5540 4836 5665 perpendiculaire
4921 5540 4983 5665 de

2862 5662 2899 5787 la
2972 5662 3278 5787 poine
3352 5662 3413 5787 de
3487 5662 3524 5787 ſa
3609 5662 3879 5787 partie,
3953 5662 4112 5787 puis
4161 5662 4541 5787 tournant
4590 5662 4651 5787 le
4700 5662 4872 5787 bras
4982 5662 4982 5787 &

2868 5784 2907 5913 la
2996 5784 3201 5913 garde
3290 5784 3405 5913 par
3482 5784 3725 5913 deſſus
3763 5784 3814 5913 la
3878 5784 4108 5913 teſte,
4159 5784 4197 5913 il
4261 5784 4312 5913 le
4389 5784 4619 5913 bleſſe
4683 5784 4862 5913 avec
4939 5784 4977 5913 la

2876 5914 3164 6038 courbe
3224 5914 3272 6038 en
3355 5914 3391 6038 la
3451 5914 3834 6038 poitrine,
3882 5914 4026 6038 lors
4074 5914 4433 6038 plantant
4481 5914 4529 6038 le
4589 5914 4768 6038 pied
4828 5914 4984 6038 eſle-

2876 6033 2937 6164 vé
2997 6033 3046 6164 au
3143 6033 3373 6164 deſſus
3446 6033 3494 6164 du
3615 6033 3991 6164 Diametre
4039 6033 4039 6164 à
4100 6033 4136 6164 la
4209 6033 4439 6164 lettre
4548 6033 4609 6164 Q;
4681 6033 4984 6164 comme

2864 6158 2962 6286 les
3010 6158 3302 6286 figures
3375 6158 3958 6286 demonſtrent.

3577 3475 3893 3667 Cercle
4119 3475 4412 3667 N..

593 2553 779 2673 Comme
866 2553 1161 2673 Alexandre
1205 2553 1347 2673 porte
1391 2553 1424 2673 le
1467 2553 1587 2673 pied
1620 2553 1784 2673 eſlevé
1828 2553 1861 2673 en
1926 2553 2123 2673 avant,
2199 2553 2451 2673 Zacharie
2527 2553 2713 2673 marche

695 2677 737 2797 en
809 2677 965 2797 meſme
1016 2677 1182 2797 temps
1234 2677 1265 2797 en
1337 2677 1565 2797 dedans,
1627 2677 1803 2797 tirant
1845 2677 1886 2797 en
1969 2677 2114 2797 droite
2155 2677 2290 2797 ligne
2342 2677 2352 2797 à
2394 2677 2435 2797 la
2487 2677 2704 2797 poitrine

712 2798 745 2915 de
777 2798 843 2915 ſon
930 2798 1236 2915 Contraire.
1367 2798 1662 2915 Alexandre
1728 2798 2001 2915 graduant
2066 2798 2099 2915 la
2165 2798 2296 2915 lame
2361 2798 2383 2915 de
2449 2798 2492 2915 ſa
2536 2798 2711 2915 partie

694 2925 729 3047 en
786 2925 1150 3047 l’enfermant
1184 2925 1218 3047 le
1264 2925 1401 3047 bleſſe
1446 2925 1492 3047 au
1549 2925 1754 3047 viſage,
1799 2925 1902 3047 puis
1936 2925 1970 3047 le
2016 2925 2152 3047 perce
2198 2925 2232 3047 en
2289 2925 2551 3047 rigueurà
2608 2925 2722 3047 tra-

697 3058 811 3167 vers
856 3058 890 3167 la
935 3058 1139 3167 teſte.

1388 6214 1693 6381 Cercle
1889 6214 2151 6381 N.4.

1291 2270 1600 2438 Cercle
1844 2270 2065 2438 N3.

4862 6827 4992 6914 Cer-

1079 3266 1202 3395 Ecy
1288 3266 1645 3395 contient
1706 3266 1743 3395 la
1817 3266 2235 3395 pourſuite
2321 3266 2371 3395 du
2444 3266 2715 3395 prece-

1064 3389 1235 3521 dent
1320 3389 1564 3521 Cercle
1686 3389 1723 3521 N.
1784 3389 1821 3521 2.
1943 3389 2492 3521 ALEXANDRE
2541 3389 2700 3521 por-

1038 3513 1108 3645 te
1190 3513 1237 3645 en
1331 3513 1541 3645 avant
1600 3513 1658 3645 le
1728 3513 1904 3645 pied
1986 3513 2220 3645 eſlevé
2290 3513 2466 3645 avec
2536 3513 2700 3645 plus

1046 3638 1322 3771 grande
1395 3638 1852 3771 inclination
1960 3638 2008 3771 du
2129 3638 2417 3771 corps,
2526 3638 2706 3771 pour

579 3771 902 3887 parfaire
971 3771 1433 3887 l’operation
1548 3771 1606 3887 de
1675 3771 2068 3887 premiere
2126 3771 2530 3887 intention
2634 3771 2691 3887 du

611 3884 860 4016 Cercle
967 3884 1002 4016 N.
1073 3884 1121 4016 4.
1251 3884 1690 4016 ZACHARIE
1761 3884 1808 4016 en
1915 3884 2164 4016 meſme
2223 3884 2484 4016 temps
2566 3884 2720 4016 mar-

588 4006 708 4140 che
780 4006 828 4140 en
913 4006 1202 4140 dedans
1298 4006 1346 4140 du
1430 4006 1611 4140 pied
1683 4006 1924 4140 droit,
2020 4006 2249 4140 tirant
2333 4006 2465 4140 d’un
2549 4006 2718 4140 bras

590 4130 890 4265 eſtendu
977 4130 1027 4265 en
1102 4130 1339 4265 droite
1389 4130 1601 4265 ligne
1651 4130 1651 4265 à
1714 4130 1751 4265 la
1801 4130 2151 4265 poitrine
2213 4130 2275 4265 de
2338 4130 2438 4265 ſon
2550 4130 2712 4265 Con-

574 4256 843 4382 traire.
1001 4256 1551 4382 ALEXANDRE
1641 4256 2170 4382 rencontrant
2271 4256 2316 4382 du
2417 4256 2563 4382 fort
2653 4256 2709 4382 de

584 4380 684 4516 ſon
759 4380 971 4516 eſpee
1033 4380 1083 4516 le
1158 4380 1395 4516 foible
1482 4380 1544 4516 de
1607 4380 1781 4516 celle
1869 4380 1931 4516 de
1993 4380 2031 4516 ſa
2093 4380 2380 4516 partie,
2442 4380 2492 4516 la
2579 4380 2716 4516 gra-

602 4505 862 4636 duant,
956 4505 968 4636 &
1004 4505 1452 4636 l’enfermãt
1511 4505 1724 4636 entre
1771 4505 1818 4636 ſa
1877 4505 2219 4636 branche
2267 4505 2715 4636 interieure

651 4635 651 4756 &
702 4635 741 4756 ſa
793 4635 1025 4756 lame,
1064 4635 1102 4756 il
1141 4635 1193 4756 le
1257 4635 1490 4756 bleſſe
1554 4635 1606 4756 au
1683 4635 1929 4756 viſage
1980 4635 2200 4756 avant
2264 4635 2432 4756 qu’il
2484 4635 2716 4756 puiſſe

606 4754 870 4882 dreſſer
918 4754 966 4882 le
1039 4754 1279 4882 corps;
1351 4754 1520 4882 puis
1568 4754 1928 4882 plantant
1977 4754 2025 4882 le
2085 4754 2253 4882 pied
2337 4754 2566 4882 eſlevé
2638 4754 2698 4882 au

610 4876 843 5010 deſſus
905 4876 954 5010 du
1077 4876 1446 5010 Diametre
1495 4876 1778 5010 aupres
1852 4876 1901 5010 du
2024 4876 2319 5010 Centre,
2368 4876 2393 5010 il
2442 4876 2713 5010 traiſne

586 5003 636 5135 le
723 5003 1022 5135 gauche
1084 5003 1408 5135 juſques
1470 5003 1582 5135 ſur
1644 5003 1682 5135 la
1794 5003 2466 5135 Circonference,
2566 5003 2715 5135 lors

591 5127 1004 5262 penchant
1066 5127 1129 5262 le
1191 5127 1404 5262 corps
1479 5127 1579 5262 ſur
1641 5127 1691 5262 le
1779 5127 2004 5262 genou
2104 5127 2379 5262 ployé,
2441 5127 2479 5262 il
2541 5127 2729 5262 aug-

621 5250 863 5383 mente
943 5250 989 5383 en
1058 5250 1380 5383 rigueur
1425 5250 1529 5383 ſon
1621 5250 1977 5383 eſtocade
2023 5250 2034 5383 à
2092 5250 2390 5383 travers
2436 5250 2482 5383 la
2540 5250 2723 5383 teſte

614 5372 674 5506 de
722 5372 818 5506 ſon
938 5372 1359 5506 Contraire;
1407 5372 1455 5506 en
1515 5372 1563 5506 la
1647 5372 1960 5506 maniere
2032 5372 2188 5506 qu’il
2248 5372 2332 5506 eſt
2404 5372 2729 5506 demon-

595 5512 727 5635 ſtré
780 5512 899 5635 par
939 5512 1044 5635 les
1097 5512 1414 5635 figures.

642 6485 933 6613 Alexandre
980 6485 1131 6613 ayant
1178 6485 1213 6613 la
1259 6485 1574 6613 ſuperiorité
1632 6485 1667 6613 de
1714 6485 1900 6613 l’eſpee
1947 6485 1982 6613 de
2028 6485 2063 6613 ſa
2110 6485 2319 6613 partie,
2378 6485 2552 6613 comme
2599 6485 2634 6613 il
2669 6485 2727 6613 eſt

741 6611 793 6736 dit
846 6611 888 6736 au
961 6611 1119 6736 Cercle
1192 6611 1224 6736 2.
1286 6611 1475 6736 voyant
1549 6611 1664 6736 qu’il
1717 6611 1979 6736 n’attente
2052 6611 2178 6736 rien,
2231 6611 2262 6736 il
2304 6611 2493 6736 avance
2535 6611 2566 6736 le
2608 6611 2724 6736 bras

782 6736 782 6857 &
830 6736 1043 6857 l’eſpee,
1114 6736 1328 6857 mettant
1375 6736 1435 6857 ſon
1482 6736 1577 6857 fort
1636 6736 1802 6857 contre
1850 6736 1873 6857 la
1921 6736 2051 6857 lame
2111 6736 2134 6857 de
2182 6736 2217 6857 ſa
2265 6736 2467 6857 partie,
2550 6736 2550 6857 &
2621 6736 2727 6857 gra-

3353 594 3353 737 E
3468 594 3699 737 Cercle
3776 594 3840 737 cy
3904 594 3993 737 eſt
4032 594 4083 737 la
4134 594 4544 737 pourſuite
4634 594 4698 737 de
4749 594 4979 737 l’ope-

3312 735 3548 838 ration
3631 735 3678 838 du
3784 735 4032 838 Cercle
4138 735 4174 838 N.
4221 735 4244 838 2.
4303 735 4351 838 Où
4445 735 4988 838 ALEXANDRE

3313 861 3325 979 à
3400 861 3538 979 pris
3613 861 3650 979 la
3725 861 4187 979 ſuperiorité
4287 861 4349 979 de
4424 861 4699 979 l’eſpee
4786 861 4849 979 de
4924 861 4961 979 ſa

3310 983 3603 1101 partie;
3725 983 4018 1101 comme
4079 983 4116 1101 il
4189 983 4275 1101 eſt
4336 983 4653 1101 ſpecifié
4726 983 4788 1101 au
4885 983 4971 1101 dit

2892 1106 3168 1215 Cercle.
3301 1106 3313 1215 Z
3373 1106 3770 1215 ACHARIE
3830 1106 4323 1215 l’attendant,
4420 1106 4985 1215 ALEXANDRE

2856 1233 3075 1356 porte
3136 1233 3185 1356 le
3245 1233 3415 1356 pied
3501 1233 3732 1356 droit,
3817 1233 4206 1356 enſemble
4266 1233 4315 1356 le
4400 1233 4619 1356 corps
4668 1233 4826 1356 plus
4911 1233 4947 1356 en

2853 1354 3131 1483 avant,
3212 1354 3259 1483 en
3340 1354 3664 1483 pauſant
3745 1354 3803 1483 un
3895 1354 4023 1483 peu
4104 1354 4335 1483 avant
4417 1354 4544 1483 que
4613 1354 4671 1483 le
4729 1354 4972 1483 laiſſer

2843 1480 3162 1605 tomber
3233 1480 3410 1605 hors
3517 1480 3576 1605 de
3659 1480 3753 1605 ſon
3860 1480 4155 1605 poids,
4250 1480 4368 1605 afin
4486 1480 4546 1605 de
4628 1480 4971 1605 pouvoir

2877 1605 3110 1727 mieux
3179 1605 3517 1727 prendre
3598 1605 3819 1727 garde
3889 1605 3889 1727 à
3982 1605 4040 1727 ce
4122 1605 4249 1727 que
4331 1605 4377 1727 ſa
4470 1605 4703 1727 partie
4796 1605 4971 1727 vou-

2863 1722 3044 1851 droit
3111 1722 3461 1851 attenter
3517 1722 3517 1851 à
3596 1722 4092 1851 l’encontre,
4205 1722 4352 1851 mais
4431 1722 4724 1851 voyant
4825 1722 4983 1851 qu’il

2854 1851 3146 1979 attend,
3181 1851 3216 1979 il
3262 1851 3542 1979 avance
3589 1851 3647 1979 le
3706 1851 3927 1979 corps
4032 1851 4032 1979 &
4091 1851 4662 1979 pareillement
4709 1851 4756 1979 le
4814 1851 4977 1979 bras

2906 1972 2906 2100 &
2954 1972 3260 2100 l’eſpee,
3358 1972 3664 2100 mettant
3712 1972 3761 2100 le
3810 1972 3957 2100 fort
4030 1972 4091 2100 de
4140 1972 4177 2100 la
4238 1972 4495 2100 ſienne
4544 1972 4984 2100 (graduant

2842 2100 3018 2222 avec
3065 2100 3111 2222 la
3170 2100 3509 2222 branche
3556 2100 4059 2222 interieure)
4118 2100 4130 2222 à
4188 2100 4223 2222 la
4305 2100 4492 2222 lame
4574 2100 4633 2222 de
4703 2100 4738 2222 ſa
4820 2100 4972 2222 par-

2856 2226 2966 2352 tie,
3027 2226 3185 2352 puis
3246 2226 3599 2352 plantant
3647 2226 3696 2352 le
3757 2226 3927 2352 pied
3988 2226 4219 2352 eſlevé
4268 2226 4499 2352 ſoubs
4548 2226 4596 2352 le
4694 2226 4974 2352 Diame-

2880 2350 3086 2479 metre
3159 2350 3171 2479 à
3243 2350 3280 2479 la
3340 2350 3570 2479 lettre
3667 2350 3727 2479 L,
3812 2350 3873 2479 le
3933 2350 4223 2479 gauche
4272 2350 4332 2479 le
4381 2350 4683 2479 ſuivant
4756 2350 4853 2479 ſur
4925 2350 4962 2479 la

2890 2474 3528 2599 Circonference,
3588 2474 3623 2599 il
3682 2474 3812 2599 tire
3871 2474 3919 2599 en
4025 2474 4285 2599 meſme
4356 2474 4604 2599 temps
4675 2474 4746 2599 de
4817 2474 4983 2599 pre-

2873 2598 3073 2696 miere
3118 2598 3507 2696 intention
3596 2598 3740 2696 une
3807 2598 4163 2696 eſtocade
4219 2598 4230 2696 à
4307 2598 4608 2696 travers
4663 2598 4708 2696 la
4774 2598 4963 2696 teſte

2868 2721 2929 2849 de
3002 2721 3038 2849 ſa
3111 2721 3426 2849 partie;
3535 2721 3838 2849 comme
3898 2721 3935 2849 il
4020 2721 4104 2849 eſt
4165 2721 4626 2849 repreſenté
4698 2721 4807 2849 par
4868 2721 4977 2849 les

2848 2849 3177 2964 figures.

2871 3735 3055 3847 Comme
3141 3735 3433 3847 Alexandre
3487 3735 3595 3847 veut
3660 3735 3920 3847 executer
3952 3735 4017 3847 ſon
4071 3735 4330 3847 eſtocade;
4428 3735 4687 3847 Zacharie
4730 3735 4871 3847 vient
4903 3735 4979 3847 ſur

2968 3859 3035 3977 luy
3080 3859 3280 3977 parant
3325 3859 3358 3977 le
3403 3859 3547 3977 coup,
3603 3859 3715 3977 puis
3748 3859 4004 3977 tournant
4049 3859 4082 3977 le
4138 3859 4249 3977 bras
4338 3859 4338 3977 &
4394 3859 4427 3977 la
4483 3859 4639 3977 garde
4695 3859 4784 3977 par
4840 3859 4984 3977 deſſus

2972 3977 3008 4097 la
3043 3977 3186 4097 teſte,
3222 3977 3246 4097 il
3293 3977 3317 4097 le
3365 3977 3496 4097 bleſſe
3567 3977 3710 4097 d’une
3758 3977 3936 4097 courbe
3984 3977 4020 4097 en
4067 3977 4103 4097 la
4151 3977 4401 4097 poitrine.
4448 3977 4484 4097 ce
4532 3977 4615 4097 qui
4651 3977 4710 4097 eſt
4746 3977 4865 4097 ainſi
4924 3977 4996 4097 mis

2961 4103 3082 4220 pour
3136 4103 3465 4220 repreſenter
3509 4103 3816 4220 l’intention
3892 4103 3914 4220 de
3991 4103 4276 4220 Zacharie,
4331 4103 4451 4220 qu’il
4484 4103 4604 4220 peut
4648 4103 4911 4220 executer
4966 4103 4988 4220 ſi

2966 4227 3011 4341 ſa
3056 4227 3223 4341 partie
3267 4227 3368 4341 tire
3424 4227 3714 4341 l’eſtocade
3770 4227 3803 4341 de
3870 4227 4126 4341 premiere
4171 4227 4428 4341 intention
4483 4227 4606 4341 ſans
4651 4227 4774 4341 eſtre
4818 4227 4896 4341 ſur
4941 4227 4974 4341 ſa

2985 4348 3251 4467 garde,
3317 4348 3428 4467 mais
3461 4348 3495 4467 il
3528 4348 3650 4467 peut
3683 4348 3805 4467 eſtre
3849 4348 4004 4467 eſvité
4071 4348 4104 4467 en
4159 4348 4193 4467 la
4248 4348 4414 4467 forme
4458 4348 4702 4467 contenue
4757 4348 4802 4467 au
4879 4348 4979 4467 Cer-

2963 4479 3026 4558 cle
3109 4479 3151 4558 6.
