5520 7640
690 569 973 692 Alexandre
1038 569 1256 692 portant
1310 569 1376 692 ſon
1430 569 1659 692 eſtocade
1735 569 1768 692 de
1833 569 2073 692 Premiere
2117 569 2422 692 Intention,
2487 569 2530 692 ne
2596 569 2727 692 perce

769 695 845 815 pas
899 695 1247 815 reſolument,
1291 695 1498 815 juſques
1552 695 1552 815 à
1596 695 1628 815 ce
1694 695 1770 815 que
1813 695 1846 815 la
1911 695 2063 815 pointe
2140 695 2172 815 de
2216 695 2248 815 ſa
2314 695 2433 815 lame
2499 695 2673 815 vienne

770 820 1040 937 reſpondre
1099 820 1134 937 au
1216 820 1357 937 milieu
1427 820 1462 937 du
1509 820 1615 937 bras
1674 820 1697 937 de
1744 820 1779 937 ſa
1826 820 2037 937 partie,
2143 820 2143 937 &
2202 820 2237 937 en
2307 820 2354 937 fin
2413 820 2436 937 le
2507 820 2636 937 bleſſe
2694 820 2730 937 en

781 940 1044 1068 graduant
1145 940 1155 1068 &
1206 940 1469 1068 avançant
1510 940 1540 1068 le
1591 940 1732 1068 corps
1793 940 1925 1068 d’une
1986 940 2391 1068 contre-courbe
2451 940 2451 1068 à
2522 940 2735 1068 travers

763 1068 806 1175 la
849 1068 1160 1175 poitrine.

1131 1277 1131 1394 E
1225 1277 1459 1394 Cercle
1506 1277 1740 1394 prend
1787 1277 1822 1394 ſa
1881 1277 2150 1394 ſource
2209 1277 2268 1394 du
2338 1277 2736 1394 commen-

1103 1396 1403 1512 cement
1514 1396 1580 1512 de
1669 1396 2113 1512 l’operation
2212 1396 2379 1512 faite
2457 1396 2568 1512 par
2667 1396 2734 1512 A-

1104 1522 1557 1630 LEXANDRE
1623 1522 1679 1630 au
1800 1522 2043 1630 Cercle
2176 1522 2209 1630 N.
2276 1522 2342 1630 4;
2419 1522 2718 1630 comme

1091 1639 1256 1726 auſſi
1322 1639 1377 1726 du
1476 1639 2180 1726 commencement
2257 1639 2323 1726 de
2400 1639 2565 1726 celle
2664 1639 2719 1726 de

691 1762 1127 1877 ZACHARIE
1198 1762 1563 1877 duCercle
1622 1762 2057 1877 precedent
2163 1762 2269 1877 N.5.
2328 1762 2717 1877 ALEXAN-

660 1882 794 1993 DRE
894 1882 939 1993 en
1039 1882 1095 1993 ce
1206 1882 1440 1993 Cercle
1529 1882 2086 1993 commençant
2153 1882 2565 1993 l’eſtocade
2654 1882 2710 1993 de

672 2005 1038 2118 Premiere
1126 2005 1591 2118 Intention,
1680 2005 2123 2118 cependant
2212 2005 2367 2118 qu’il
2422 2005 2710 2118 avance

641 2125 688 2239 le
746 2125 945 2239 pied,
968 2125 1284 2239 juſques
1343 2125 1354 2239 à
1413 2125 1471 2239 ce
1542 2125 1670 2239 que
1717 2125 1764 2239 le
1834 2125 2044 2239 corps
2091 2125 2360 2239 tombe
2419 2125 2583 2239 hors
2653 2125 2711 2239 de

637 2247 740 2361 ſon
808 2247 1060 2361 poids,
1105 2247 1140 2361 il
1185 2247 1403 2361 porte
1448 2247 1540 2361 ſon
1643 2247 1997 2361 eſtocade
2066 2247 2226 2361 ſans
2283 2247 2557 2361 percer
2626 2247 2717 2361 re-

633 2369 1072 2487 ſolument:
1171 2369 1314 2487 mais
1369 2369 1577 2487 avant
1643 2369 1775 2487 que
1841 2369 1874 2487 la
1951 2369 2214 2487 pointe
2313 2369 2368 2487 de
2423 2369 2456 2487 ſa
2521 2369 2708 2487 lame

645 2488 904 2603 vienne
983 2488 1400 2603 reſpondre
1468 2488 1524 2603 au
1637 2488 1840 2603 milieu
1952 2488 1997 2603 du
2076 2488 2245 2603 bras
2324 2488 2381 2603 de
2448 2488 2493 2603 ſa
2561 2488 2719 2603 par-

632 2612 782 2727 tie,
886 2612 898 2727 Z
956 2612 1348 2727 ACHARIE
1406 2612 1683 2727 avance
1753 2612 1799 2727 le
1868 2612 2041 2727 pied
2122 2612 2457 2727 gauche,
2527 2612 2711 2727 pour

646 2728 1020 2845 effeuer
1079 2728 1126 2845 la
1196 2728 1676 2845 precedente
1758 2728 2227 2845 operation,
2297 2728 2355 2845 du
2473 2728 2707 2845 Cercle

687 2854 733 2968 N.
813 2854 858 2968 5.
973 2854 1281 2968 dequOy
1384 2854 1921 2968 ALEXANDRE
1990 2854 2527 2968 s’aperçevant
2619 2854 2722 2968 ce-

638 2974 978 3087 pendant
1046 2974 1170 3087 que
1239 2974 1295 3087 le
1341 2974 1511 3087 pied
1579 2974 1885 3087 tombe,
1964 2974 2236 3087 tourne
2316 2974 2701 3087 enſemble

635 3095 683 3208 le
768 3095 1010 3208 coſté,
1180 3095 1180 3208 &
1240 3095 1289 3208 le
1361 3095 1531 3208 pied
1615 3095 1894 3208 gauche
2003 3095 2051 3208 en
2172 3095 2451 3208 dehors
2572 3095 2584 3208 &
2656 3095 2705 3208 la

662 3216 799 3325 main
902 3216 947 3325 en
1039 3216 1312 3325 dedans
1381 3216 1427 3325 en
1518 3216 1735 3325 haut,
1826 3216 2169 3325 ſaiſiſſant
2260 3216 2317 3325 de
2385 3216 2420 3325 la
2500 3216 2705 3325 bran-

640 3336 757 3452 che
803 3336 1245 3452 interieure
1304 3336 1373 3452 de
1420 3336 1455 3452 ſa
1525 3336 1734 3452 garde
1804 3336 1839 3452 la
1909 3336 2095 3452 lame
2188 3336 2595 3452 contraire,
2700 3336 2700 3452 &

640 3461 688 3579 en
759 3461 794 3579 la
865 3461 1243 3579 graduant
1279 3461 1314 3579 il
1361 3461 1645 3579 avance
1716 3461 1763 3579 le
1834 3461 2047 3579 corps
2106 3461 2153 3579 le
2213 3461 2378 3579 bras
2496 3461 2496 3579 &
2567 3461 2709 3579 l’eſ-

632 3582 833 3696 pee,
933 3582 1256 3696 bleſſant
1322 3582 1489 3696 avec
1567 3582 1712 3696 une
1790 3582 2057 3696 contre
2135 3582 2413 3696 courbe
2502 3582 2703 3696 d’une

638 3705 998 3817 eſtocade
1054 3705 1155 3817 ſon
1290 3705 1672 3817 Contraire
1751 3705 1762 3817 à
1840 3705 2133 3817 travers
2200 3705 2234 3817 la
2312 3705 2706 3817 poitrine;

638 3825 930 3942 comme
988 3825 1023 3942 il
1082 3825 1164 3942 eſt
1222 3825 1667 3942 demonſtré
1725 3825 1830 3942 par
1877 3825 1971 3942 les
2041 3825 2356 3942 figures.

1339 4442 1654 4617 Cercle
1947 4442 2115 4617 .7.

1421 326 1729 496 Cercle
2037 326 2213 496 .6.

640 4667 818 4808 Comme
923 4667 1207 4808 Alexandre
1270 4667 1386 4808 ſans
1460 4667 1638 4808 pauſer
1701 4667 1754 4808 va
1817 4667 1985 4808 percer
2027 4667 2364 4808 reſolument,
2448 4667 2700 4808 Zacharie

734 4797 823 4937 lors
889 4797 967 4937 que
1011 4797 1045 4937 le
1078 4797 1222 4937 corps
1278 4797 1311 4937 de
1355 4797 1388 4937 ſa
1444 4797 1621 4937 partie
1666 4797 1721 4937 eſt
1766 4797 1877 4937 hors
1921 4797 1976 4937 ſon
2043 4797 2209 4937 poids,
2276 4797 2465 4937 penche
2498 4797 2531 4937 le
2564 4797 2709 4937 corps

789 4919 789 5055 &
835 4919 870 5055 la
916 4919 1031 5055 teſte
1077 4919 1215 5055 ſoubs
1261 4919 1295 5055 la
1341 4919 1468 5055 lame
1514 4919 1548 5055 de
1606 4919 1640 5055 ſa
1709 4919 1905 5055 partie,
1951 4919 2054 5055 puis
2089 4919 2112 5055 le
2158 4919 2296 5055 bleſſe
2377 4919 2515 5055 d’une
2561 4919 2699 5055 cour-

743 5048 777 5172 be
833 5048 833 5172 à
879 5048 913 5172 la
958 5048 1196 5172 poitrine.
1264 5048 1366 5172 Cecy
1400 5048 1457 5172 eſt
1502 5048 1684 5172 permis
1718 5048 1729 5172 à
1808 5048 2081 5172 Zacharie,
2126 5048 2251 5172 pour
2307 5048 2523 5172 monſtrer
2568 5048 2704 5172 qu’on

734 5167 776 5293 ne
851 5167 936 5293 doit
989 5167 1180 5293 jamais
1233 5167 1403 5293 percer
1467 5167 1499 5293 en
1573 5167 1818 5293 Premiere
1892 5167 2115 5293 Inſtance
2168 5167 2275 5293 trop
2338 5167 2636 5293 viſtement,
2700 5167 2700 5293 à

739 5297 883 5417 cauſe
931 5297 967 5417 du
1039 5297 1218 5417 danger
1266 5297 1386 5417 qu’il
1422 5297 1422 5417 y
1470 5297 1505 5417 à.

1111 5486 1400 5623 Eſtuicy
1463 5486 1688 5623 prend
1739 5486 1902 5623 auſſi
1964 5486 2052 5623 ſon
2127 5486 2416 5623 origine
2479 5486 2541 5623 de
2592 5486 2704 5623 l’o-

1082 5612 1424 5744 peration
1504 5612 1561 5744 du
1664 5612 1903 5744 Cercle
2005 5612 2119 5744 N.2.
2176 5612 2233 5744 ou
2336 5612 2700 5744 ALEXAN-

1109 5731 1240 5860 DRE
1294 5731 1305 5860 à
1381 5731 1695 5860 couvert
1739 5731 1782 5860 la
1847 5731 2108 5860 pointe
2173 5731 2238 5860 de
2281 5731 2314 5860 la
2379 5731 2563 5860 lame
2628 5731 2693 5860 de

1076 5853 1122 5984 ſa
1179 5853 1464 5984 partie,
1521 5853 1714 5984 pour
1783 5853 2227 5984 pourſuivre
2296 5853 2466 5984 avec
2558 5853 2694 5984 Pre-

653 5973 854 6110 miere
913 5973 1291 6110 Intention
1385 5973 1834 6110 l’operation
1940 5973 1987 6110 du
2094 5973 2330 6110 Cercle
2448 5973 2495 6110 N.
2554 5973 2590 6110 4.
2696 5973 2708 6110 &

614 6098 913 6235 pource
982 6098 1166 6235 qu’en
1246 6098 1304 6235 ce
1396 6098 1637 6235 Cercle
1683 6098 1833 6235 ſans
1890 6098 2143 6235 pauſer
2189 6098 2224 6235 il
2293 6098 2350 6235 va
2419 6098 2695 6235 reſolu-

649 6218 821 6358 ment
878 6218 1177 6358 percer,
1257 6218 1268 6358 Z
1326 6218 1715 6358 ACHARIE
1761 6218 1910 6358 lors
1968 6218 2094 6358 que
2140 6218 2197 6358 le
2254 6218 2461 6358 corps
2541 6218 2598 6358 de
2644 6218 2690 6358 ſa

623 6336 855 6478 partie
925 6336 1006 6478 eſt
1076 6336 1250 6478 hors
1308 6336 1401 6478 ſon
1483 6336 1738 6478 poids,
1808 6336 2110 6478 penche
2168 6336 2214 6478 en
2296 6336 2354 6478 ce
2435 6336 2690 6478 meſme

613 6459 787 6600 tẽps
822 6459 879 6600 le
937 6459 1157 6600 corps
1250 6459 1261 6600 &
1308 6459 1354 6600 la
1412 6459 1585 6600 teſte
1655 6459 1701 6600 en
1770 6459 2025 6600 avant,
2060 6459 2291 6600 ſoubs
2326 6459 2372 6600 la
2430 6459 2696 6600 pointe

639 6581 698 6723 de
746 6581 794 6723 la
841 6581 1032 6723 lame
1103 6581 1163 6723 de
1211 6581 1258 6723 ſa
1318 6581 1580 6723 partie,
1616 6581 1770 6723 puis
1830 6581 2128 6723 entrant
2187 6581 2247 6723 du
2306 6581 2473 6723 pied
2544 6581 2699 6723 gau-

3326 4742 3608 4876 Eſtuicy
3659 4742 3787 4876 tire
3838 4742 4005 4876 auſſi
4056 4742 4158 4876 ſon
4222 4742 4504 4876 origine
4581 4742 4645 4876 de
4696 4742 4927 4876 l’ope-

3279 4876 3507 4993 ration
3599 4876 3975 4993 duCercle
4077 4876 4180 4993 N.2.
4237 4876 4282 4993 Ou
4385 4876 4921 4993 ALEXANDRE

3282 4992 3293 5100 à
3396 4992 3717 5100 couvert
3809 4992 3855 5100 en
3981 4992 4347 5100 Premiere
4439 4992 4794 5100 Inſtance
4863 4992 4908 5100 la

3281 5119 3551 5236 pointe
3621 5119 3691 5236 de
3750 5119 3785 5236 la
3844 5119 4031 5236 lame
4101 5119 4172 5236 de
4230 5119 4277 5236 ſa
4348 5119 4629 5236 partie,
4723 5119 4910 5236 pour

2838 5240 3296 5365 pourſuivre
3366 5240 3788 5365 l’eſtocade
3882 5240 3941 5365 de
4046 5240 4410 5365 Premiere
4503 5240 4890 5365 Intention

2848 5355 3240 5482 contenue
3286 5355 3344 5482 au
3448 5355 3679 5482 Cercle
3794 5355 3829 5482 N.
3875 5355 3910 5482 4.
3967 5355 4014 5482 en
4083 5355 4268 5482 ſuite
4337 5355 4395 5482 de
4441 5355 4891 5482 l’operation

2833 5476 3352 5609 precedente:
3420 5476 3465 5609 en
3544 5476 3883 5609 ceſtuicy
3973 5476 4515 5609 ALEXANDRE
4583 5476 4797 5609 porte
4853 5476 4899 5609 le

2842 5602 3009 5732 pied
3065 5602 3289 5732 eſlevé
3356 5602 3400 5732 en
3467 5602 3713 5732 avant,
3758 5602 4071 5732 pauſant
4138 5602 4205 5732 un
4272 5602 4395 5732 peu
4473 5602 4697 5732 avant
4775 5602 4898 5732 que

2857 5725 2915 5845 de
2974 5725 3209 5845 laiſſer
3267 5725 3572 5845 tomber
3619 5725 3666 5845 le
3736 5725 3947 5845 corps
4018 5725 4182 5845 hors
4241 5725 4346 5845 ſon
4428 5725 4675 5845 poids,
4745 5725 4757 5845 a
4815 5725 4886 5845 fin

2854 5846 2979 5973 que
3025 5846 3059 5973 ſi
3116 5846 3151 5973 ſa
3219 5846 3448 5973 partie
3516 5846 3562 5973 en
3654 5846 3711 5973 ce
3768 5846 4019 5973 temps
4088 5846 4202 5973 fait
4282 5846 4614 5973 quelque
4717 5846 4899 5973 mou-

2837 5962 3180 6092 vement,
3237 5962 3283 6092 il
3340 5962 3569 6092 puiſſe
3638 5962 4084 6092 remarquer
4141 5962 4244 6092 ſon
4324 5962 4759 6092 intention:
4850 5962 4885 6092 la

2850 6086 3077 6208 deſſus
3190 6086 3326 6208 ZAC
3417 6086 3644 6208 HARIE
3701 6086 3757 6208 ſe
3825 6086 4132 6208 voulant
4200 6086 4517 6208 courber
4563 6086 4619 6208 le
4687 6086 4892 6208 corps

2831 6201 3016 6338 pour
3086 6201 3260 6338 eſtre
3318 6201 3550 6338 ſoubs
3596 6201 3631 6338 la
3701 6201 3886 6338 lame
3968 6201 4026 6338 de
4084 6201 4118 6338 ſa
4188 6201 4455 6338 partie,
4513 6201 4896 6338 avançant

2826 6326 2871 6457 le
2940 6326 3100 6457 bras
3225 6326 3237 6457 &
3305 6326 3568 6457 l’eſpee
3659 6326 3705 6457 en
3796 6326 4025 6457 cercle
4105 6326 4402 6457 comme
4470 6326 4527 6457 au
4653 6326 4893 6457 Cercle

2823 6445 3292 6581 precedent,
3349 6445 3567 6581 avant
3624 6445 3762 6581 que
3807 6445 3865 6581 le
3933 6445 4151 6581 corps
4219 6445 4345 6581 ſoit
4414 6445 4586 6581 hors
4654 6445 4712 6581 de
4780 6445 4872 6581 ſon

2828 6567 3087 6709 poids,
3160 6567 3715 6709 ALEXANDRE
3813 6567 3924 6709 met
3985 6567 4022 6709 la
4096 6567 4306 6709 garde
4392 6567 4453 6709 de
4503 6567 4601 6709 ſon
4700 6567 4897 6709 eſpee

4680 6702 4911 6792 deſſus

3589 4102 3909 4265 Cercle
4228 4102 4378 4265 .9.

3333 2146 3345 2265 E
3432 2146 3666 2265 Cercle
3728 2146 3852 2265 tire
3901 2146 4000 2265 ſon
4074 2146 4358 2265 origine
4444 2146 4506 2265 de
4568 2146 4605 2265 la
4667 2146 4926 2265 poſtu-

3305 2266 3362 2384 re
3454 2266 3512 2384 de
3638 2266 4189 2384 ZACHARIE,
4269 2266 4763 2384 repreſentée
4843 2266 4900 2384 au

3341 2389 3573 2484 Cercle
3701 2389 3736 2484 N.
3806 2389 3841 2484 1.
3992 2389 4527 2484 ALEXANDRE
4620 2389 4922 2484 voulant

3311 2510 3613 2630 couvrir
3671 2510 3938 2630 l’eſpee
4007 2510 4065 2630 de
4123 2510 4158 2630 ſa
4228 2510 4495 2630 partie,
4564 2510 4854 2630 comme
4901 2510 4936 2630 il

2865 2629 2949 2751 eſt
3009 2629 3165 2751 cont
3225 2629 3333 2751 enu
3392 2629 3452 2751 au
3560 2629 3800 2751 Cercle
3908 2629 3943 2751 N.
4003 2629 4039 2751 2.
4099 2629 4542 2751 cependant
4626 2629 4770 2751 qu’il
4854 2629 4938 2751 eſt

2849 2752 3043 2873 preſt
3134 2752 3191 2873 de
3260 2752 3522 2873 porter
3568 2752 3613 2873 le
3693 2752 3898 2873 corps
3978 2752 4024 2873 en
4115 2752 4365 2873 avant,
4445 2752 4730 2873 menant
4787 2752 4924 2873 l’eſ-

2856 2872 2977 2993 pee
3077 2872 3121 2993 en
3243 2872 3839 2993 circonference
3917 2872 3961 2993 en
4060 2872 4237 2993 haut
4370 2872 4370 2993 &
4480 2872 4757 2993 dedans
4856 2872 4900 2993 du

2850 2996 3011 3116 bras
3080 2996 3402 3116 eſlevant
3459 2996 3517 3116 le
3586 2996 3758 3116 pied
3850 2996 4126 3116 droi,
4206 2996 4252 3116 en
4356 2996 4608 3116 meſme
4677 2996 4930 3116 temps

2892 3113 3336 3237 ZACHARIE
3438 3113 3734 3237 penche
3802 3113 3859 3237 le
3938 3113 4143 3237 corps
4223 3113 4268 3237 en
4359 3113 4632 3237 arriere
4701 3113 4803 3237 ſur
4871 3113 4928 3237 le

2848 3236 3013 3361 pied
3096 3236 3415 3361 gauche,
3474 3236 3852 3361 tournant
3911 3236 3947 3361 la
4053 3236 4195 3361 main
4313 3236 4325 3361 &
4372 3236 4408 3361 la
4467 3236 4774 3361 poine
4857 3236 4916 3361 de

2841 3356 3107 3483 l’eſpee
3164 3356 3210 3483 en
3303 3356 3580 3483 dedans
3649 3356 3707 3483 du
3776 3356 3937 3483 bras
4018 3356 4064 3483 en
4134 3356 4307 3483 bas;
4387 3356 4676 3483 comme
4722 3356 4757 3483 il
4803 3356 4918 3483 ap-

2846 3481 3005 3599 pert
3054 3481 3164 3599 par
3213 3481 3311 3599 les
3360 3481 3679 3599 figures.

2868 4339 3115 4464 Zacharie
3158 4339 3191 4464 ſe
3234 4339 3449 4464 voulant
3492 4339 3697 4464 courber
3751 4339 3891 4464 ſoubs
3945 4339 3977 4464 la
4041 4339 4171 4464 lame
4246 4339 4268 4464 de
4311 4339 4354 4464 ſa
4397 4339 4601 4464 partie,
4698 4339 4914 4464 Alexan-

2967 4469 3038 4593 dre
3097 4469 3168 4593 met
3215 4469 3251 4593 ſa
3310 4469 3463 4593 garde
3499 4469 3569 4593 ſur
3617 4469 3652 4593 la
3699 4469 3817 4593 lame
3888 4469 4124 4593 d’iceluy,
4207 4469 4219 4593 &
4278 4469 4538 4593 graduant
4585 4469 4608 4593 le
4667 4469 4809 4593 bleſſe
4868 4469 4903 4593 au

2975 4595 3231 4700 viſage.

2882 291 3038 411 che,
3146 291 3146 411 &
3194 291 3579 411 avançant
3627 291 3675 411 le
3735 291 3951 411 corps
4000 291 4048 411 le
4096 291 4252 411 bras
4360 291 4372 411 &
4408 291 4709 411 l’eſpee,
4757 291 4949 411 tour-

2864 418 3041 534 nant
3086 418 3130 534 la
3208 418 3352 534 main
3418 418 3640 534 (avec
3684 418 3729 534 la
3795 418 4006 534 garde
4061 418 4427 534 avancée)
4494 418 4538 534 en
4627 418 4804 534 haut
4859 418 4915 534 au

2888 535 3122 652 deſſus
3169 535 3204 652 ſa
3263 535 3474 652 teſte,
3532 535 3567 652 il
3614 535 3836 652 bleſſe
3883 535 4059 652 avec
4129 535 4164 652 la
4246 535 4527 652 courbe
4585 535 4620 652 ſa
4702 535 4936 652 partie

2878 659 2925 776 en
2995 659 3042 776 la
3100 659 3487 776 poitrine,
3545 659 3897 776 plantant
3943 659 3990 776 le
4049 659 4213 776 pied
4271 659 4505 776 eſlevé
4564 659 4611 776 au
4705 659 4939 776 deſſus

2890 782 2936 894 du
3065 782 3428 894 Diametre
3510 782 3710 894 entre
3768 782 3862 894 les
3909 782 4190 894 lettres
4272 782 4307 894 S.
4424 782 4471 894 Q.
4542 782 4940 894 penchant

2862 900 2909 1022 le
2979 900 3189 1022 corps
3259 900 3527 1022 deſſus;
3586 900 3878 1022 comme
3924 900 4018 1022 les
4076 900 4356 1022 figures
4438 900 4882 1022 monſtrent.

3565 1480 3884 1677 Cercle
4075 1480 4352 1677 N8.

2889 1693 3178 1829 Alexandre
3244 1693 3455 1829 voulant
3511 1693 3721 1829 couvrir
3788 1693 3977 1829 l’eſpee
4043 1693 4077 1829 de
4121 1693 4154 1829 ſa
4221 1693 4421 1829 partie,
4454 1693 4642 1829 comme
4676 1693 4709 1829 il
4742 1693 4798 1829 eſt
4853 1693 4942 1829 dict

2978 1840 3021 1949 au
3085 1840 3234 1949 Cercle
3298 1840 3330 1949 2.
3415 1840 3596 1949 menant
3649 1840 3830 1949 l’eſpee
3883 1840 3915 1949 en
3979 1840 4405 1949 Circonference,
4501 1840 4746 1949 Lacharie
4788 1840 4927 1949 tour-

2967 1958 3008 2069 ne
3049 1958 3091 2069 ſa
3142 1958 3296 2069 pointe
3348 1958 3379 2069 en
3451 1958 3626 2069 dedans
3688 1958 3719 2069 du
3770 1958 3873 2069 bras
3914 1958 3945 2069 en
3997 1958 4089 2069 bas.
