5520 7640
2889 4394 3185 4519 Alexandre
3230 4394 3378 4519 porte
3424 4394 3606 4519 l’eſpee
3663 4394 3697 4519 de
3742 4394 3776 4519 ſa
3822 4394 3993 4519 partie
4038 4394 4152 4519 avec
4197 4394 4231 4519 la
4277 4394 4425 4519 ſienne
4470 4394 4505 4519 en
4561 4394 4721 4519 haut,
4800 4394 4994 4519 Zacha-

2969 4522 3027 4644 rie
3073 4522 3107 4644 ſe
3154 4522 3338 4644 couvre
3373 4522 3407 4644 le
3453 4522 3626 4644 viſage
3684 4522 3718 4644 de
3764 4522 3810 4644 ſa
3857 4522 4018 4644 garde
4052 4522 4145 4644 lors
4191 4522 4271 4644 que
4318 4522 4387 4644 les
4421 4522 4594 4644 eſpees
4640 4522 4744 4644 ſont
4790 4522 4986 4644 venues

2970 4648 3013 4765 en
3078 4648 3240 4765 haut,
3284 4648 3446 4765 tirant
3500 4648 3543 4765 au
3608 4648 3781 4765 viſage
3836 4648 3868 4765 de
3911 4648 3955 4765 ſa
3998 4648 4193 4765 partie.
4333 4648 4626 4765 Alexandre
4691 4648 4734 4765 au
4831 4648 4994 4765 meſme

2971 4770 3140 4892 temps
3183 4770 3330 4892 porte
3373 4770 3404 4892 la
3457 4770 3584 4892 lame
3647 4770 3679 4892 de
3732 4770 3774 4892 ſa
3837 4770 4006 4892 partie
4070 4770 4101 4892 en
4186 4770 4408 4892 dedans,
4471 4770 4503 4892 ſe
4577 4770 4798 4892 mettant
4872 4770 4989 4892 dans

2980 4897 3178 5013 l’angle
3225 4897 3411 5013 ouvert
3446 4897 3551 5013 puis
3598 4897 3668 5013 luy
3714 4897 3912 5013 ſujette
3971 4897 4239 5013 l’eſpee.

3359 5101 3475 5233 Ecy
3578 5101 3668 5233 eſt
3745 5101 3784 5233 la
3887 5101 4285 5233 pourſuite
4375 5101 4427 5233 du
4530 5101 4980 5233 precedent

3355 5229 3602 5327 Cercle
3719 5229 3766 5327 N.
3837 5229 3919 5327 12.
4025 5229 4331 5327 comme
4437 5229 4989 5327 ALEXANDRE

3319 5354 3537 5475 porte
3586 5354 3864 5475 l’eſpee
3937 5354 3997 5475 de
4058 5354 4106 5475 ſa
4155 5354 4397 5475 partie
4458 5354 4639 5475 avec
4700 5354 4736 5475 la
4809 5354 4991 5475 ſien-

3321 5480 3398 5591 ne
3474 5480 3518 5591 en
3606 5480 3836 5591 haut,
3978 5480 3989 5591 Z
4044 5480 4438 5591 ACHARIE
4504 5480 4788 5591 avance
4843 5480 4974 5591 juſ-

2857 5720 3007 5848 ſant
3054 5720 3111 5848 le
3169 5720 3424 5848 corps,
3470 5720 3632 5848 puis
3701 5720 4002 5848 comme
4048 5720 4153 5848 les
4233 5720 4430 5848 deux
4488 5720 4754 5848 eſpees
4823 5720 4985 5848 ſont

2865 5849 3159 5974 venues
3215 5849 3271 5974 en
3350 5849 3576 5974 haut,
3643 5849 3677 5974 il
3722 5849 4004 5974 avance
4072 5849 4128 5974 le
4196 5849 4365 5974 pied
4433 5849 4613 5974 droit
4670 5849 4726 5974 au
4828 5849 4985 5974 meſ-

2883 5966 2966 6092 me
3026 5966 3312 6092 temps,
3407 5966 3419 6092 &
3491 5966 3860 6092 couvrant
3932 5966 3992 6092 de
4039 5966 4087 6092 ſa
4170 5966 4314 6092 main
4445 5966 4457 6092 &
4516 5966 4588 6092 de
4635 5966 4671 6092 ſa
4755 5966 4969 6092 garde

2860 6093 2959 6217 ſon
3057 6093 3340 6217 viſage,
3402 6093 3439 6217 il
3500 6093 3624 6217 tire
3710 6093 3759 6217 en
3857 6093 4091 6217 droite
4153 6093 4362 6217 ligne
4436 6093 4436 6217 à
4510 6093 4547 6217 la
4633 6093 4965 6217 poitrine

2866 6212 2934 6337 de
3001 6212 3035 6337 ſa
3114 6212 3407 6337 partie.
3553 6212 4105 6337 ALEXANDRE
4184 6212 4240 6337 au
4364 6212 4623 6337 meſme
4702 6212 4961 6337 temps

2845 6340 2951 6466 ſur
3033 6340 3092 6466 ce
3163 6340 3633 6466 Sentiment,
3692 6340 4009 6466 portant
4080 6340 4115 6466 la
4185 6340 4373 6466 lame
4467 6340 4538 6466 de
4609 6340 4644 6466 ſa
4726 6340 4961 6466 partie

2881 6460 3001 6579 met
3061 6460 3109 6579 le
3193 6460 3409 6579 corps
3469 6460 3565 6579 (le
3649 6460 3841 6579 coſté
3901 6460 4190 6579 gauche
4262 6460 4586 6579 devant)
4682 6460 4958 6579 dedans

2844 6586 3103 6708 l’angle
3162 6586 3280 6708 par
3339 6586 3398 6708 ce
3481 6586 3717 6708 moyen
3800 6586 4130 6708 ouvert,
4201 6586 4367 6708 puis
4426 6586 4827 6708 penchant
4910 6586 4957 6708 le

2852 6712 3074 6833 corps
3144 6712 3191 6833 en
3297 6712 3542 6833 avant,
3613 6712 3659 6833 au
3765 6712 4022 6833 temps
4104 6712 4221 6833 que
4280 6712 4327 6833 ſa
4397 6712 4631 6833 partie
4701 6712 4959 6833 plante

4681 6840 4735 6959 le
4803 6840 4965 6959 pied

2876 5598 3052 5721 ques
3115 5598 3165 5721 au
3241 5598 3455 5721 point
3531 5598 3581 5721 du
3707 5598 4022 5721 Quadrat
4072 5598 4123 5721 le
4173 5598 4349 5721 pied
4412 5598 4727 5721 gauche,
4815 5598 4992 5721 dreſ-

3586 4124 3892 4334 Cercle
4111 4124 4396 4334 N.13.

3350 2405 3459 2524 Ecy
3520 2405 3837 2524 reſourd
3910 2405 3971 2524 de
4019 2405 4482 2524 l’operation
4567 2405 4616 2524 du
4737 2405 4981 2524 Cercle

3372 2530 3408 2644 N.
3468 2530 3504 2644 9.
3564 2530 3624 2644 où
3732 2530 4163 2644 ZACHARIE
4223 2530 4235 2644 à
4295 2530 4594 2644 penché
4654 2530 4714 2644 le
4774 2530 4989 2644 corps

3327 2653 3375 2770 en
3447 2653 3723 2770 arriere
3771 2653 3879 2770 ſur
3927 2653 3975 2770 le
4035 2653 4203 2770 pied
4263 2653 4587 2770 gauche:
4707 2653 4707 2770 &
4767 2653 4994 2770 pour-

3326 2775 3386 2891 ce
3457 2775 3576 2891 que
3624 2775 4029 2891 l’Inſtance
4088 2775 4279 2891 pour
4326 2775 4660 2891 pouvoir
4719 2775 4981 2891 bleſſer

2867 2898 2950 3013 eſt
3021 2898 3174 3013 trop
3245 2898 3598 3013 longue,
3728 2898 4282 3013 ALEXANDRE
4365 2898 4412 3013 en
4506 2898 4565 3013 ce
4683 2898 4978 3013 Cercle,

2852 3021 3081 3135 porte
3138 3021 3195 3135 le
3264 3021 3436 3135 pied
3504 3021 3688 3135 droit
3756 3021 3985 3135 eſlevé
4066 3021 4123 3135 en
4192 3021 4409 3135 avant
4478 3021 4627 3135 vers
4684 3021 4730 3135 le
4798 3021 4993 3135 coſté

2870 3143 3202 3262 gauche,
3316 3143 3316 3262 &
3393 3143 3712 3262 baiſſant
3776 3143 3878 3262 ſon
3980 3143 4248 3262 eſpee,
4337 3143 4375 3262 il
4439 3143 4694 3262 plante
4758 3143 4987 3262 ledi

2856 3268 3027 3385 pied
3089 3268 3334 3385 ſoubs
3395 3268 3444 3385 le
3554 3268 3934 3385 Diametre
3995 3268 3995 3385 à
4069 3268 4105 3385 la
4179 3268 4412 3385 lettre
4522 3268 4583 3385 G,
4730 3268 4742 3385 &
4816 3268 4988 3385 pen-

2869 3391 3088 3512 chant
3136 3391 3185 3512 le
3257 3391 3463 3512 corps
3536 3391 3815 3512 deſſus,
3864 3391 3888 3512 il
3936 3391 4082 3512 plie
4118 3391 4179 3512 le
4240 3391 4531 3512 genou,
4591 3391 4761 3512 puis
4834 3391 5004 3512 met-

2856 3516 3012 3633 tant
3084 3516 3132 3633 le
3216 3516 3383 3633 pied
3479 3516 3766 3633 gauche
3850 3516 3910 3633 un
4006 3516 4125 3633 peu
4221 3516 4449 3633 ſoubs
4568 3516 4580 3633 &
4652 3516 4820 3633 hors
4916 3516 4963 3633 du

2899 3640 3183 3742 Cercle,
3233 3640 3270 3742 il
3344 3640 3468 3742 met
3542 3640 3666 3742 d’un
3740 3640 3901 3742 bras
3975 3640 4272 3742 eſtendu
4359 3640 4409 3742 le
4532 3640 4569 3742 N.
4644 3640 4668 3742 1.
4755 3640 4817 3742 de
4866 3640 4965 3742 ſon

2870 3764 3078 3881 eſpee
3127 3764 3188 3881 au
3311 3764 3360 3881 N.
3409 3764 3445 3881 3.
3519 3764 3580 3881 de
3641 3764 3813 3881 celle
3886 3764 3947 3881 de
4009 3764 4058 3881 ſa
4119 3764 4388 3881 partie;
4449 3764 4755 3881 comme
4804 3764 4841 3881 il
4902 3764 4988 3881 eſt

2883 3887 3202 4004 monſtré
3252 3887 3362 4004 par
3424 3887 3522 4004 les
3584 3887 3904 4004 figures.

2908 297 3472 424 ALEXANDRE
3532 297 3724 424 (lors
3784 297 3916 424 que
3976 297 4024 424 la
4096 297 4360 424 pointe
4444 297 4504 424 de
4552 297 4588 424 la
4660 297 4852 424 lame
4924 297 4984 424 de

2882 422 2918 547 ſa
2978 422 3218 547 partie
3290 422 3470 547 paſſe
3543 422 3579 547 ſa
3663 422 3963 547 garde,)
4059 422 4480 547 rencontre
4564 422 4624 547 du
4696 422 4840 547 fort
4924 422 4985 547 de

2880 546 2980 668 ſon
3080 546 3280 668 eſpee
3343 546 3393 668 le
3456 546 3693 668 foible
3768 546 3831 668 de
3906 546 4081 668 celle
4169 546 4219 668 de
4269 546 4306 668 ſa
4369 546 4644 668 partie,
4757 546 4757 668 &
4820 546 4995 668 pen-

2888 667 3108 794 chant
3165 667 3223 794 le
3293 667 3501 794 corps
3582 667 3628 794 en
3744 667 3998 794 meſme
4056 667 4345 794 temps,
4380 667 4414 794 il
4460 667 4495 794 la
4576 667 4854 794 gradue
4911 667 4958 794 en

2877 786 3072 915 ſorte
3157 786 3316 915 qu’il
3377 786 3536 915 faut
3622 786 3744 915 que
3829 786 4000 915 celle
4086 786 4147 915 de
4196 786 4244 915 ſa
4305 786 4538 915 partie
4586 786 4709 915 luy
4770 786 4989 915 cede,

2875 915 3036 1038 puis
3098 915 3147 1038 le
3222 915 3457 1038 bleſſe
3532 915 3582 1038 au
3668 915 3954 1038 viſage,
4028 915 4375 1038 plantant
4425 915 4475 1038 le
4524 915 4698 1038 pied
4760 915 4996 1038 eſlevé

2869 1036 3094 1160 ſoubs
3142 1036 3189 1160 le
3284 1036 3652 1160 Diametre
3711 1036 3711 1160 à
3770 1036 3806 1160 la
3865 1036 4091 1160 lettre
4185 1036 4221 1160 L;
4304 1036 4601 1160 comme
4648 1036 4743 1160 les
4790 1036 4980 1160 figu-

2866 1161 2968 1261 res
3014 1161 3071 1261 le
3140 1161 3711 1261 demonſtrent.

2898 2058 3190 2177 Alexandre
3251 2058 3483 2177 baiſſant
3543 2058 3604 2177 ſon
3665 2058 3799 2177 eſpee
3885 2058 3958 2177 met
4019 2058 4043 2177 le
4140 2058 4177 2177 N.
4226 2058 4250 2177 1.
4335 2058 4518 2177 d’icelle
4591 2058 4628 2177 au
4737 2058 4774 2177 N.
4835 2058 4871 2177 3.
4932 2058 4969 2177 de

2979 2187 3095 2295 celle
3164 2187 3199 2295 de
3246 2187 3292 2295 ſa
3339 2187 3606 2295 partie.

628 277 874 410 deſſus
925 277 964 410 la
1029 277 1222 410 lame
1313 277 1675 410 d’iceluy,
1726 277 2062 410 laquelle
2140 277 2528 410 graduant
2579 277 2618 410 il
2670 277 2721 410 le

611 404 838 538 bleſſe
910 404 969 538 au
1065 404 1304 538 viſage
1375 404 1411 538 la
1507 404 1936 538 deprimant
2044 404 2091 538 en
2199 404 2318 538 bas
2402 404 2581 538 avec
2665 404 2712 538 le

620 530 842 656 corps
960 530 971 656 &
1030 530 1077 656 le
1135 530 1358 656 bras,
1475 530 1487 656 &
1545 530 1897 656 plantant
1967 530 2014 656 en
2120 530 2377 656 meſme
2459 530 2705 656 temps

607 647 655 778 le
727 647 895 778 pied
979 647 1208 778 eſlevé
1268 647 1280 778 à
1340 647 1388 778 la
1460 647 1688 778 lettre
1796 647 1808 778 G
1881 647 2049 778 ſous
2133 647 2181 778 le
2289 647 2722 778 Diametre;

605 770 868 896 faiſant
948 770 1245 896 reculer
1325 770 1382 896 le
1485 770 1771 896 gauche
1839 770 1908 896 un
2011 770 2136 896 peu
2228 770 2285 896 en
2376 770 2708 896 arriere;

628 893 924 1017 comme
970 893 1072 1017 les
1118 893 1414 1017 figures
1482 893 1949 1017 monſtrent.

639 1391 923 1505 Alexandre
966 1391 1327 1505 pourſuivant
1371 1391 1786 1505 prompteent,
1840 1391 1938 1505 tire
1982 1391 2124 1505 entre
2190 1391 2211 1505 le
2266 1391 2375 1505 bras
2474 1391 2474 1505 &
2528 1391 2725 1505 l’eſpee

716 1513 749 1630 en
836 1513 977 1630 droite
1042 1513 1173 1630 ligne
1227 1513 1227 1630 à
1282 1513 1314 1630 la
1369 1513 1586 1630 poitrine
1641 1513 1673 1630 de
1738 1513 1771 1630 ſa
1825 1513 2119 1630 partie,
2228 1513 2239 1630 &
2282 1513 2467 1630 comme
2511 1513 2533 1630 le
2576 1513 2717 1630 corps

715 1632 917 1755 tombe,
1039 1632 1297 1755 Zacharie
1341 1632 1475 1755 porte
1520 1632 1576 1755 ſon
1632 1632 1766 1755 eſpee
1811 1632 1844 1755 en
1900 1632 2112 1755 quarte,
2157 1632 2403 1755 eſvitant
2437 1632 2470 1755 le
2515 1632 2627 1755 coup
2694 1632 2716 1755 de

713 1759 747 1878 ſa
815 1759 985 1878 partie
1031 1759 1054 1878 le
1099 1759 1315 1878 bleſſant
1372 1759 1372 1878 à
1429 1759 1463 1878 la
1508 1759 1758 1878 poitrine,
1826 1759 1929 1878 cecy
1985 1759 2145 1878 eſtant
2213 1759 2270 1878 mis
2315 1759 2429 1878 pour
2485 1759 2724 1878 monſtrer

710 1883 743 2002 le
821 1883 1009 2002 danger
1064 1883 1197 2002 qu’il
1253 1883 1253 2002 y
1319 1883 1319 2002 à
1386 1883 1419 2002 de
1485 1883 1663 2002 percer
1707 1883 2017 2002 reſolument
2073 1883 2106 2002 en
2195 1883 2438 2002 Premiere
2494 1883 2715 2002 Inſtance

759 2006 770 2127 &
838 2006 1064 2127 monſtrer
1109 2006 1143 2127 ce
1199 2006 1278 2127 qui
1312 2006 1346 2127 ſe
1391 2006 1515 2127 peut
1549 2006 1684 2127 faire
1740 2006 1740 2127 à
1786 2006 2169 2127 l’encontre.

1087 2202 1562 2323 LEXANDRE
1619 2202 2129 2323 pourſuivant
2187 2202 2221 2323 la
2291 2202 2730 2323 preceden-

1055 2331 1113 2444 te
1183 2331 1577 2444 operation
1658 2331 1716 2444 du
1821 2331 2064 2444 Cercle
2192 2331 2238 2444 N.
2319 2331 2354 2444 9.
2435 2331 2713 2444 avance

1066 2454 1481 2570 viſtement
1517 2454 1576 2570 le
1623 2454 1730 2570 pie
1861 2454 2051 2570 droit
2157 2454 2157 2570 &
2217 2454 2264 2570 le
2335 2454 2585 2570 corps,
2644 2454 2715 2570 ti-

1060 2574 1205 2691 rant
1283 2574 1896 2691 promptement
1996 2574 2197 2691 entre
2275 2574 2330 2691 le
2420 2574 2575 2691 bras
2698 2574 2709 2691 &

588 2695 854 2816 l’eſpee
927 2695 976 2816 en
1060 2695 1303 2816 droite
1351 2695 1545 2816 ligne
1617 2695 1630 2816 à
1690 2695 1739 2816 la
1799 2695 2138 2816 poitrine
2223 2695 2283 2816 de
2332 2695 2380 2816 ſa
2441 2695 2707 2816 partie;

647 2820 659 2938 &
740 2820 1052 2938 comme
1110 2820 1167 2938 le
1237 2820 1456 2938 corps
1526 2820 1803 2938 tombe
1873 2820 2046 2938 hors
2127 2820 2196 2938 de
2266 2820 2358 2938 ſon
2451 2820 2717 2938 poids,

589 2941 647 3062 au
774 2941 1027 3062 meſme
1096 2941 1350 3062 temps
1477 2941 2030 3062 ZACHARIE
2122 2941 2168 3062 ſe
2261 2941 2583 3062 dreſſant
2653 2941 2710 3062 le

601 3068 810 3184 corps
949 3068 949 3184 &
1030 3068 1355 3184 eſlevant
1448 3068 1494 3184 le
1575 3068 1749 3184 pied
1853 3068 2201 3184 gauche,
2306 3068 2584 3184 tourne
2653 3068 2711 3184 le

601 3191 846 3310 corps,
916 3191 1219 3310 voltant
1277 3191 1674 3310 enſemble
1744 3191 1802 3310 du
1872 3191 2036 3310 pied
2117 3191 2409 3310 gauche
2491 3191 2724 3310 eſlevé

597 3313 937 3430 derriere
984 3313 1043 3430 le
1090 3313 1383 3430 planté,
1430 3313 1747 3430 portant
1817 3313 1946 3430 d’un
2028 3313 2192 3430 bras
2251 3313 2556 3430 eſtendu
2638 3313 2685 3430 en

599 3436 842 3557 droite
891 3436 1097 3557 ligne
1158 3436 1255 3557 ſon
1340 3436 1546 3557 eſpee
1619 3436 1655 3557 en
1752 3436 2056 3557 quarte,
2116 3436 2432 3557 eſvitant
2493 3436 2602 3557 par
2663 3436 2723 3557 le

586 3563 1117 3678 tournement
1186 3563 1244 3678 du
1325 3563 1544 3678 corps
1590 3563 1648 3678 le
1705 3563 1890 3678 coup
1971 3563 2028 3678 de
2086 3563 2121 3678 ſa
2178 3563 2467 3678 partie;
2594 3563 2605 3678 &
2663 3563 2709 3678 le

582 3682 909 3803 bleſſant
981 3682 1187 3803 d’une
1247 3682 1610 3803 eſtocade
1659 3682 1671 3803 à
1719 3682 1756 3803 la
1816 3682 2191 3803 poitrine,
2252 3682 2615 3803 plantant
2651 3682 2712 3803 le

590 3811 761 3925 pied
834 3811 1054 3925 eſlevé
1115 3811 1347 3925 ſoubs
1408 3811 1457 3925 le
1554 3811 1933 3925 Diametre
2006 3811 2019 3925 à
2092 3811 2129 3925 la
2214 3811 2446 3925 lettre
2544 3811 2556 3925 S
2703 3811 2715 3925 &

596 3931 991 4047 penchant
1038 3931 1096 4047 le
1166 3931 1375 4047 corps
1445 3931 1677 4047 deſſus
1758 3931 1805 4047 en
1898 3931 2223 4047 arriere,
2293 3931 2328 4047 il
2374 3931 2607 4047 perce
2665 3931 2700 4047 ſa

583 4055 830 4170 partie
875 4055 931 4170 au
1010 4055 1313 4170 travers
1381 4055 1426 4170 du
1515 4055 1763 4170 corps;
1830 4055 2133 4170 comme
2178 4055 2223 4170 la
2280 4055 2516 4170 figure
2605 4055 2707 4170 en-

596 4180 872 4295 ſeigne.

3576 1798 3884 1968 Cercle
4082 1798 4412 1968 N.12.

1294 1147 1598 1313 Cercle
1859 1147 2142 1313 N.10.

1358 4790 1673 5013 Cercle
1898 4790 2145 5013 N.

629 5015 879 5161 Zacharie
941 5015 1179 5161 eſtimant
1241 5015 1329 5161 que
1391 5015 1429 5161 ſa
1466 5015 1641 5161 partie
1691 5015 1754 5161 luy
1804 5015 2004 5161 tirera,
2066 5015 2216 5161 dreſſe
2279 5015 2304 5161 le
2341 5015 2479 5161 corps
2629 5015 2716 5161 tire

733 5152 836 5280 d’un
881 5152 984 5280 bras
1030 5152 1225 5280 eſtendu
1293 5152 1305 5280 à
1351 5152 1385 5280 la
1431 5152 1660 5280 poitrine
1740 5152 1992 5280 d’iceluy.
2117 5152 2415 5280 Alexandre
2472 5152 2564 5280 lors
2632 5152 2713 5280 que

712 5279 747 5403 la
795 5279 961 5403 pointe
1020 5279 1056 5403 de
1091 5279 1127 5403 ſa
1174 5279 1352 5403 partie
1388 5279 1518 5403 paſſe
1566 5279 1601 5403 ſa
1661 5279 1838 5403 garde,
1886 5279 2147 5403 rencontre
2206 5279 2242 5403 de
2289 5279 2325 5403 ſa
2384 5279 2503 5403 lame
2550 5279 2574 5403 le
2621 5279 2716 5403 foi-

719 5404 782 5551 ble
832 5404 869 5551 de
907 5404 945 5551 ſa
995 5404 1195 5551 partie,
1258 5404 1370 5551 puis
1408 5404 1433 5551 le
1483 5404 1621 5551 bleſſe
1671 5404 2022 5551 auviſage-.

1097 5594 1097 5717 E
1219 5594 1452 5717 Cercle
1538 5594 1833 5717 reſourt
1931 5594 1992 5717 de
2078 5594 2532 5717 l’operation
2655 5594 2704 5717 du

1096 5719 1346 5841 Cercle
1453 5719 1489 5841 N.
1548 5719 1596 5841 9.
1691 5719 2228 5841 ALEXANDRE
2299 5719 2621 5841 portant
2668 5719 2728 5841 le

1058 5839 1234 5964 pied
1304 5839 1480 5964 droit
1550 5839 1773 5964 eſlevé
1878 5839 1890 5964 &
1937 5839 1996 5964 le
2054 5839 2265 5964 corps
2336 5839 2382 5964 en
2464 5839 2711 5964 avant,

1056 5964 1279 6093 pauſe
1338 5964 1409 6093 un
1479 5964 1597 6093 peu
1667 5964 1890 6093 avant
1961 5964 2113 6093 qu’il
2172 5964 2219 6093 le
2266 5964 2466 6093 laiſſe
2524 5964 2724 6093 tom-

598 6087 714 6214 ber
773 6087 948 6214 hors
1017 6087 1076 6214 de
1122 6087 1227 6214 ſon
1297 6087 1554 6214 poids,
1635 6087 1635 6214 Z
1694 6087 1705 6214 A
1775 6087 2102 6214 CHARIE
2160 6087 2510 6214 eſtimant
2580 6087 2708 6214 que

607 6210 907 6336 comme
964 6210 1022 6336 au
1126 6210 1368 6336 Cercle
1437 6210 1876 6336 precedent
1933 6210 1979 6336 ſa
2049 6210 2291 6336 partie
2349 6210 2464 6336 luy
2545 6210 2706 6336 tire-

606 6333 691 6461 ra,
752 6333 972 6461 dreſſe
1033 6333 1081 6461 le
1155 6333 1399 6461 corps,
1447 6333 1618 6461 puis
1667 6333 2008 6461 eſlevant
2045 6333 2106 6461 le
2155 6333 2326 6461 pied
2399 6333 2716 6461 gauche,

595 6457 629 6581 il
664 6457 722 6581 le
780 6457 978 6581 volte
1036 6457 1140 6581 (en
1210 6457 1581 6581 tournant
1627 6457 1685 6581 le
1755 6457 2010 6581 corps)
2068 6457 2115 6581 le
2184 6457 2498 6581 portant
2567 6457 2707 6581 der-

607 6578 788 6702 riere
836 6578 896 6702 le
968 6578 1257 6702 planté,
1318 6578 1535 6702 tirant
1619 6578 1751 6702 d’un
1836 6578 2004 6702 bras
2113 6578 2125 6702 &
2197 6578 2402 6702 eſpee
2486 6578 2715 6702 eſtan-

622 6701 734 6828 dus
809 6701 858 6828 en
970 6701 1206 6828 droite
1256 6701 1455 6828 ligne
1529 6701 1529 6828 à
1604 6701 1641 6828 la
1716 6701 2101 6828 poirine
2188 6701 2250 6828 de
2324 6701 2362 6828 ſa
2436 6701 2709 6828 partie.
