5520 7640
1521 3151 1703 3363 Eux
1794 3151 1940 3363 qui
2012 3151 2394 3363 auront
2467 3151 3159 3363 pleinement
3249 3151 3759 3363 conſideré
3832 3151 3959 3363 les
4032 3151 4741 3363 inſtruions
4869 3151 4942 3363 de

1469 3360 1525 3511 ce
1624 3360 1989 3511 Tableau,
2060 3360 2341 3511 auront
2411 3360 2594 3511 aſſez
2665 3360 2777 3511 peu
2876 3360 3059 3511 voir,
3115 3360 3157 3511 la
3256 3360 3678 3511 difference
3776 3360 3931 3511 qu’il
4001 3360 4001 3511 y
4058 3360 4072 3511 à
4142 3360 4339 3511 entre
4395 3360 4437 3511 la
4592 3360 4944 3511 Methode

1466 3498 1575 3644 des
1643 3498 2010 3644 poſtures
2105 3498 2173 3644 de
2268 3498 2635 3644 Salvador
2730 3498 2975 3644 Fabri,
3111 3498 3124 3644 &
3178 3498 3274 3644 les
3342 3498 3695 3644 noſtres,
3831 3498 3831 3644 &
3912 3498 4021 3644 par
4130 3498 4633 3644 conſequent
4714 3498 4932 3644 juger

1448 3637 1897 3787 auſquelles
1952 3637 1992 3787 il
2047 3637 2060 3787 y
2115 3637 2128 3787 à
2183 3637 2346 3787 plus
2427 3637 2482 3787 de
2523 3637 2863 3787 ſeureté:
2944 3637 3039 3787 car
3094 3637 3148 3787 je
3216 3637 3570 3787 n’eſtime
3638 3637 3787 3787 pas,
3855 3637 3977 3787 que
4032 3637 4426 3787 perſonne
4508 3637 4562 3787 de
4657 3637 4929 3787 monde

1448 3775 1799 3922 attribue
1869 3775 2024 3922 plus
2066 3775 2080 3922 à
2150 3775 2206 3922 ce
2276 3775 2389 3922 qui
2431 3775 2473 3922 ſe
2543 3775 2670 3922 fait
2740 3775 2838 3922 ſur
2895 3775 2937 3922 le
3007 3775 3316 3922 haſard,
3386 3775 3513 3922 que
3555 3775 3667 3922 ſur
3723 3775 3779 3922 ce
3864 3775 3976 3922 qui
4032 3775 4117 3922 eſt
4159 3775 4412 3922 fondé
4468 3775 4566 3922 ſur
4636 3775 4749 3922 des
4791 3775 4945 3922 loix

1433 3913 1847 4059 infalibles
1963 3913 1976 4059 &
2054 3913 2468 4059 certaines;
2584 3913 2597 4059 &
2649 3913 2972 4059 encores
3050 3913 3192 4059 qu’il
3244 3913 3477 4059 puiſſe
3528 3913 3800 4059 arriver
3891 3913 4007 4059 que
4072 3913 4253 4059 ceux
4317 3913 4434 4059 qui
4473 3913 4835 4059 ſuivront
4886 3913 4925 4059 la

582 4046 982 4196 premiere
1060 4046 1615 4196 effeueront
1680 4046 1834 4196 leur
1899 4046 2351 4196 intention,
2416 4046 2880 4196 cependant
2932 4046 3100 4196 auſſi
3164 4046 3216 4196 on
3306 4046 3384 4196 ne
3448 4046 3642 4196 peut
3694 4046 3875 4196 nier,
3939 4046 4068 4196 que
4133 4046 4184 4196 le
4236 4046 4391 4196 plus
4456 4046 4804 4196 ſouvent
4856 4046 4933 4196 ils

576 4190 663 4326 ne
712 4190 799 4326 s’y
861 4190 1244 4326 trouvent
1331 4190 1640 4326 deceus,
1689 4190 2172 4326 s’appuyant
2221 4190 2333 4326 ſur
2382 4190 2456 4326 un
2530 4190 2605 4326 ſi,
2654 4190 2716 4326 ou
2803 4190 3211 4326 condition
3310 4190 3421 4326 qui
3470 4190 3730 4326 vacille
3804 4190 4509 4326 ordinairement:
4633 4190 4781 4326 mais
4843 4190 4930 4326 les

581 4326 889 4471 noſtres
953 4326 1274 4471 n’ayant
1363 4326 1492 4471 que
1556 4326 2056 4471 l’infalibilité
2133 4326 2326 4471 pour
2416 4326 2660 4471 guide,
2711 4326 2788 4471 ne
2852 4326 3199 4471 peuvent
3276 4326 3725 4471 qu’aporter
3802 4326 3943 4471 une
3994 4326 4379 4471 infalibile
4469 4326 4931 4471 execution,

611 4462 664 4608 de
717 4462 1168 4608 l’intention
1260 4462 1313 4608 de
1393 4462 1605 4608 celuy
1697 4462 1803 4608 qui
1856 4462 1936 4608 les
2015 4462 2333 4608 obſerve
2413 4462 2466 4608 de
2532 4462 2757 4608 point
2810 4462 2863 4608 en
2943 4462 3194 4608 point.
3300 4462 3367 4608 Au
3446 4462 3631 4608 reſte
3671 4462 3711 4608 il
3751 4462 4135 4608 ſemblera
4201 4462 4201 4608 à
4281 4462 4704 4608 pluſieurs,
4797 4462 4916 4608 que

587 4595 785 4740 nous
837 4595 1179 4740 euſſions
1219 4595 1377 4740 bien
1456 4595 1574 4740 peu
1653 4595 1982 4740 abreger
2035 4595 2298 4740 noſtre
2337 4595 2548 4740 livre,
2640 4595 2653 4740 &
2719 4595 3192 4740 conjoindre
3245 4595 3626 4740 pluſieurs
3705 4595 4100 4740 Tableaux
4166 4595 4205 4740 en
4284 4595 4403 4740 un,
4455 4595 4561 4740 veu
4626 4595 4666 4740 la
4732 4595 4929 4740 ſimi-

585 4737 832 4880 litude
936 4737 1040 4880 qui
1092 4737 1183 4880 eſt
1235 4737 1443 4880 entre
1508 4737 1664 4880 eux;
1755 4737 1898 4880 mais
1950 4737 2145 4880 nous
2197 4737 2288 4880 les
2340 4737 2691 4880 ſuplions
2782 4737 2834 4880 de
2912 4737 3354 4880 conſiderer
3419 4737 3458 4880 la
3549 4737 3952 4880 confuſion
4056 4737 4173 4880 que
4238 4737 4368 4880 cela
4446 4737 4589 4880 euſt
4641 4737 4927 4880 appor-

594 4874 698 5017 té:
776 4874 867 5017 car
932 4874 1243 5017 encores
1334 4874 1490 5017 qu’il
1541 4874 1840 5017 ſemble
1918 4874 2047 5017 que
2086 4874 2177 5017 les
2229 4874 2592 5017 poſtures
2644 4874 2930 5017 ſoyent
2969 4874 3124 5017 fort
3176 4874 3682 5017 ſemblables;
3747 4874 4279 5017 neantmoins
4331 4874 4422 5017 les
4474 4874 4772 5017 aions
4850 4874 4889 5017 en

586 5009 760 5157 ſont
828 5009 1379 5157 grandement
1459 5009 1943 5157 differentes,
2051 5009 2051 5157 &
2105 5009 2212 5157 par
2279 5009 2468 5157 ainſi
2521 5009 3086 5157 requeroyent
3167 5009 3274 5157 des
3314 5009 3852 5157 inſtruions
3919 5009 4470 5157 particulieres
4578 5009 4578 5157 &
4632 5009 4928 5157 ſepare-

587 5151 775 5295 rées:
855 5151 949 5295 car
1016 5151 1285 5295 cõbien
1379 5151 1500 5295 que
1540 5151 1822 5295 l’eſpee
1876 5151 2010 5295 ſoit
2091 5151 2131 5295 en
2211 5151 2587 5295 pluſieurs
2641 5151 3004 5295 endroits
3057 5151 3474 5295 preſentée
3527 5151 3648 5295 par
3689 5151 3783 5295 les
3850 5151 4038 5295 deux
4078 5151 4373 5295 parties
4427 5151 4481 5295 en
4575 5151 4803 5295 droite
4857 5151 4924 5295 li-

607 5288 763 5431 gne,
828 5288 1361 5431 neantmoins
1400 5288 1452 5431 le
1530 5288 1699 5431 pied
1764 5288 1959 5431 droit
2024 5288 2076 5431 ou
2154 5288 2206 5431 le
2297 5288 2622 5431 gauche,
2674 5288 2829 5431 plus
2881 5288 3167 5431 avancé
3245 5288 3310 5431 ou
3388 5288 3648 5431 retiré,
3713 5288 3752 5431 le
3843 5288 4051 5431 corps
4142 5288 4389 5431 dreſſé,
4454 5288 4766 5431 penché
4844 5288 4896 5431 en

580 5427 812 5573 avant
890 5427 954 5573 ou
1032 5427 1083 5573 en
1174 5427 1471 5573 arriere,
1535 5427 1548 5573 à
1626 5427 1806 5573 droit
1871 5427 1935 5573 ou
2013 5427 2026 5573 à
2090 5427 2413 5573 gauche,
2491 5427 2787 5573 change
2865 5427 3278 5573 tellement
3330 5427 3381 5573 le
3433 5427 3652 5573 point
3743 5427 4453 5573 d’atouchement,
4543 5427 4659 5573 que
4711 5427 4763 5573 ſe
4827 5427 4917 5573 ſe-

581 5563 725 5707 roit
777 5563 947 5707 tirer
1012 5563 1287 5707 contre
1339 5563 1470 5707 laër
1587 5563 1587 5707 &
1640 5563 1640 5707 à
1705 5563 1967 5707 vuide,
2019 5563 2071 5707 ou
2137 5563 2189 5707 ſe
2241 5563 2463 5707 jetter
2529 5563 2646 5707 ſoy
2738 5563 2999 5707 meſme
3078 5563 3235 5707 dans
3300 5563 3339 5707 la
3418 5563 3692 5707 pointe
3771 5563 3823 5707 de
3888 5563 4333 5707 l’Ennemi,
4398 5563 4529 5707 que
4607 5563 4908 5707 vouloir

580 5700 1017 5846 attaquant
1084 5700 1150 5846 ou
1230 5700 1283 5846 ſe
1362 5700 1826 5846 deffendant
1879 5700 1933 5846 ſe
1999 5700 2224 5846 ſervir
2304 5700 2516 5846 d’une
2596 5700 2861 5846 meſme
2954 5700 3365 5846 methode.
3458 5700 3643 5846 Cecy
3696 5700 3736 5846 ſe
3816 5700 4001 5846 verra
4068 5700 4572 5846 clairement,
4625 5700 4651 5846 ſi
4717 5700 4771 5846 on
4863 5700 4903 5846 ſe

581 5840 1049 5984 repreſente
1091 5840 1146 5984 le
1215 5840 1325 5984 peu
1421 5840 1476 5984 de
1545 5840 1710 5984 priſe
1793 5840 1930 5984 qu’a
1986 5840 2027 5984 le
2096 5840 2316 5984 corps
2385 5840 2440 5984 de
2481 5840 2908 5984 l’homme,
3018 5840 3018 5984 &
3087 5840 3142 5984 de
3211 5840 3569 5984 combien
3665 5840 3720 5984 de
3775 5840 3899 5984 peu
3996 5840 4051 5984 de
4133 5840 4340 5984 choſe
4395 5840 4422 5984 il
4491 5840 4670 5984 peut
4739 5840 4918 5984 eſtre

591 5979 944 6123 couvert,
1022 5979 1335 6123 comme
1414 5979 1466 6123 de
1531 5979 1570 6123 la
1662 5979 1871 6123 garde
1936 5979 2001 6123 ou
2106 5979 2367 6123 meſme
2446 5979 2498 6123 de
2550 5979 2589 6123 la
2654 5979 2929 6123 pointe
2994 5979 3059 6123 de
3112 5979 3412 6123 l’eſpee;
3503 5979 3516 6123 &
3556 5979 3673 6123 par
3725 5979 3908 6123 ainſi
3947 5979 4666 6123 pourrencontrer
4731 5979 4901 6123 avec

579 6112 910 6262 ſeureté,
964 6112 990 6262 il
1043 6112 1216 6262 n’eſt
1269 6112 1720 6262 ſeulement
1799 6112 1905 6262 pas
1958 6112 2211 6262 beſoin
2317 6112 2370 6262 de
2449 6112 2821 6262 chercher
2874 6112 2940 6262 un
3020 6112 3232 6262 autre
3298 6112 3643 6262 chemin,
3736 6112 3882 6262 mais
3948 6112 4121 6262 auſſi
4174 6112 4214 6262 il
4253 6112 4307 6262 le
4373 6112 4532 6262 faut
4585 6112 4904 6262 trouver

581 6253 733 6402 ſans
816 6253 1121 6402 danger,
1190 6253 1384 6402 pour
1426 6253 1481 6402 ſe
1537 6253 1759 6402 loger
1842 6253 2008 6402 dans
2063 6253 2327 6402 l’angle
2396 6253 2451 6402 de
2507 6253 2784 6402 l’eſpee
2867 6253 3283 6402 contraire,
3352 6253 3352 6402 a
3408 6253 3491 6402 fin
3588 6253 3643 6402 de
3712 6253 4170 6402 pourſuivre
4225 6253 4322 6402 ſon
4405 6253 4807 6402 intention
4890 6253 4890 6402 à

580 6390 824 6541 plein.
969 6390 1098 6541 Que
1156 6390 1185 6541 ſi
1257 6390 1531 6541 d’autre
1588 6390 1747 6541 part
1833 6390 1891 6541 on
1963 6390 2280 6541 regarde
2366 6390 2496 6541 que
2539 6390 3072 6541 l’Adverſaire
3144 6390 3231 6541 eſt
3317 6390 3620 6541 mobile,
3721 6390 3721 6541 &
3793 6390 3980 6541 peut
4023 6390 4196 6541 auſſi
4268 6390 4600 6541 changer
4672 6390 4715 6541 ſa
4787 6390 4917 6541 po-

579 6534 768 6675 ſture
835 6534 1024 6675 ſelon
1091 6534 1550 6675 l’occaſion,
1590 6534 1631 6675 il
1684 6534 2035 6675 trouvera
2102 6534 2102 6675 à
2156 6534 2197 6675 la
2264 6534 2385 6675 fin,
2453 6534 2574 6675 que
2628 6534 2736 6675 ſur
2803 6534 2938 6675 une
3032 6534 3302 6675 meſme
3356 6534 3706 6675 poſture,
3746 6534 4137 6675 l’attaque
4218 6534 4272 6675 ou
4339 6534 4393 6675 le
4447 6534 4905 6675 parement,

569 6674 695 6816 fait
758 6674 933 6816 haut
1009 6674 1071 6816 ou
1159 6674 1322 6816 bas,
1385 6674 1385 6816 à
1473 6674 1661 6816 droit
1724 6674 1787 6816 ou
1849 6674 1849 6816 à
1925 6674 2251 6816 gauche,
2301 6674 2715 6816 apportera
2791 6674 2866 6816 un
2929 6674 3519 6816 avancement,
3581 6674 3920 6816 retraite,
3971 6674 4033 6816 ou
4109 6674 4586 6816 inclination
4673 6674 4899 6816 toute

4715 6815 4918 6918 diffe-

2853 293 2975 422 che
3048 293 3096 422 du
3169 293 3339 422 pied
3400 293 3619 422 eſlevé
3679 293 3910 422 ſoubs
3947 293 4007 422 le
4092 293 4469 422 Diametre
4530 293 4542 422 à
4590 293 4627 422 la
4700 293 4931 422 lettre

2900 420 2960 550 M;
3056 420 3344 550 voltant
3429 420 3477 550 le
3549 420 3717 550 pied
3813 420 3993 550 droit
4078 420 4450 550 derriere,
4582 420 4582 550 &
4654 420 4823 550 avec
4883 420 4943 550 le

2837 541 3003 673 tour
3087 541 3134 673 du
3218 541 3432 673 corps
3503 541 3539 673 il
3610 541 3729 673 met
3776 541 3836 673 le
3883 541 4050 673 bras
4181 541 4181 673 &
4228 541 4502 673 l’eſpee
4549 541 4597 673 la
4668 541 4930 673 pointe

2854 666 2902 795 en
2998 666 3118 795 bas
3178 666 3178 795 à
3251 666 3347 795 ſon
3431 666 3611 795 coſté
3683 666 3924 795 droit,
4020 666 4032 795 Z
4092 666 4477 795 ACHARIE
4537 666 4694 795 lors
4742 666 4934 795 plan-

2837 790 2997 918 tant
3059 790 3108 918 le
3182 790 3355 918 pied
3416 790 3638 918 eſlevé
3687 790 3786 918 ſur
3835 790 3885 918 le
3971 790 4340 918 Diametre
4390 790 4402 918 à
4451 790 4488 918 la
4550 790 4772 918 lettre
4895 790 4932 918 H,

2834 914 3141 1043 penche
3200 914 3247 1043 le
3330 914 3542 1043 corps
3637 914 3920 1043 deſſus,
4038 914 4592 1043 ALEXANDRE
4674 914 4934 1043 tenant

2834 1037 3074 1167 ferme
3134 1037 3182 1167 la
3266 1037 3482 1167 garde
3554 1037 3794 1167 ſaiſie,
3890 1037 4010 1167 met
4094 1037 4142 1167 en
4250 1037 4503 1167 meſme
4575 1037 4827 1167 temps
4887 1037 4935 1167 le

2834 1160 3013 1291 pied
3085 1160 3276 1291 droit
3336 1160 3563 1291 eſlevé
3623 1160 3694 1291 un
3778 1160 3897 1291 pas
3945 1160 4124 1291 hors
4184 1160 4232 1291 du
4351 1160 4578 1291 Cercle
4674 1160 4949 1291 derrie-

2836 1283 2898 1418 re
2948 1283 2998 1418 le
3061 1283 3348 1418 planté,
3436 1283 3748 1418 dreſſant
3798 1283 3848 1418 le
3911 1283 4123 1418 corps
4186 1283 4473 1418 deſſus,
4598 1283 4598 1418 &
4673 1283 4936 1418 pareil-

2832 1410 3116 1541 lement
3186 1410 3505 1541 eſlevant
3552 1410 3599 1541 le
3658 1410 3824 1541 pied
3894 1410 4213 1541 gauche,
4272 1410 4296 1541 il
4366 1410 4591 1541 porte
4638 1410 4673 1541 la
4768 1410 4909 1541 main

2830 1530 3006 1666 avec
3077 1530 3124 1666 la
3206 1530 3417 1666 garde
3523 1530 3581 1666 de
3663 1530 3710 1666 ſa
3804 1530 4039 1666 partie
4109 1530 4297 1666 ſaiſie
4379 1530 4414 1666 en
4508 1530 4743 1666 haut,
4837 1530 4931 1666 te-

2835 1655 3002 1787 nant
3062 1655 3110 1787 la
3181 1655 3456 1787 pointe
3551 1655 3611 1787 de
3683 1655 3719 1787 ſa
3790 1655 3981 1787 lame
4053 1655 4160 1787 ſur
4232 1655 4327 1787 ſon
4423 1655 4614 1787 coſté
4698 1655 4936 1787 droit,

2825 1777 2886 1912 le
2958 1777 3310 1912 pouvant
3395 1777 3832 1912 librement
3917 1777 4196 1912 bleſſer
4281 1777 4366 1912 s’il
4439 1777 4487 1912 le
4584 1777 4936 1912 vouloit;

2847 1901 3141 2025 comme
3200 1901 3294 2025 les
3341 1901 3623 2025 figures
3717 1901 4163 2025 monſtrent.

1267 771 1586 956 Cercle
1905 771 2096 956 .14.

625 1027 807 1152 Comme
903 1027 1194 1152 Alexandre
1254 1027 1411 1152 ſaiſiſt
1472 1027 1653 1152 l’eſpee
1714 1027 1738 1152 de
1786 1027 1823 1152 ſa
1871 1027 2089 1152 partie,
2210 1027 2452 1152 Zacharie
2524 1027 2706 1152 avance

716 1153 835 1277 pour
889 1153 922 1277 ſe
987 1153 1160 1277 mettre
1192 1153 1235 1277 en
1300 1153 1484 1277 dedans
1527 1153 1560 1277 la
1603 1153 1765 1277 pointe
1830 1153 1862 1277 de
1906 1153 1949 1277 ſa
2003 1153 2273 1277 partie;
2414 1153 2695 1277 Alexandre

739 1276 808 1402 met
866 1276 923 1402 ſon
981 1276 1119 1402 eſpee
1165 1276 1188 1402 la
1246 1276 1407 1402 pointe
1453 1276 1488 1402 en
1557 1276 1637 1402 bas
1683 1276 1683 1402 à
1741 1276 1798 1402 ſon
1856 1276 1983 1402 coſté
2052 1276 2202 1402 droit,
2317 1276 2317 1402 &
2374 1276 2605 1402 eſlevant
2662 1276 2697 1402 la

731 1400 881 1525 garde
915 1400 1054 1525 ſaiſie
1100 1400 1134 1525 en
1192 1400 1342 1525 haut,
1376 1400 1411 1525 il
1445 1400 1572 1525 tient
1618 1400 1653 1525 la
1699 1400 1860 1525 pointe
1918 1400 1953 1525 de
1987 1400 2033 1525 ſa
2079 1400 2206 1525 lame
2252 1400 2264 1525 à
2298 1400 2367 1525 ſon
2414 1400 2529 1525 coſté
2586 1400 2702 1525 droit

722 1527 746 1644 le
796 1527 1029 1644 pouvant
1078 1527 1275 1644 bleſſer.

1097 1707 1097 1840 E
1233 1707 1468 1840 Cercle
1580 1707 1927 1840 contient
2014 1707 2063 1840 la
2125 1707 2534 1840 pourſuite
2634 1707 2683 1840 du

1061 1844 1500 1968 precedent
1586 1844 1830 1968 Cercle
1940 1844 2087 1968 N.13.
2160 1844 2698 1968 ALEXANDRE

1061 1964 1287 2093 ayant
1338 1964 1665 2093 aſſujetti
1716 1964 1980 2093 l’eſpee
2043 1964 2106 2093 de
2157 1964 2258 2093 ſon
2371 1964 2711 2093 Contrai-

1058 2087 1160 2212 re,
1236 2087 1274 2212 ſe
1363 2087 1580 2212 dreſſe
1643 2087 1745 2212 ſur
1796 2087 1847 2212 le
1910 2087 2088 2212 pied
2152 2087 2343 2212 droit
2470 2087 2470 2212 &
2546 2087 2699 2212 eſle-

610 2208 774 2338 vant
838 2208 888 2338 le
990 2208 1332 2338 gauche,
1408 2208 1598 2338 laiſſe
1674 2208 2422 2338 l’aſſujettiſſement
2523 2208 2587 2338 de
2650 2208 2688 2338 la

591 2332 780 2462 lame
887 2332 1336 2462 contraire,
1443 2332 1490 2462 en
1573 2332 1928 2462 ſaiſiſſant
2011 2332 2082 2462 de
2153 2332 2188 2462 la
2295 2332 2437 2462 main
2543 2332 2697 2462 gau-

607 2460 729 2587 che
802 2460 912 2587 par
972 2460 1009 2587 la
1106 2460 1386 2587 cheute
1471 2460 1520 2587 du
1641 2460 1848 2587 corps
1921 2460 1958 2587 la
2043 2460 2262 2587 garde
2347 2460 2700 2587 d’iceluy.

636 2584 775 2708 ZAC
856 2584 1087 2708 HARIE
1168 2584 1606 2708 cependant
1676 2584 1964 2708 avance
2034 2584 2080 2708 du
2161 2584 2334 2708 pied
2415 2584 2703 2708 gauche

598 2705 980 2829 enſemble
1081 2705 1137 2829 du
1227 2705 1441 2829 corps
1519 2705 1710 2829 pour
1767 2705 1823 2829 le
1924 2705 2171 2829 mettre
2261 2705 2306 2829 en
2407 2705 2688 2829 dedans

611 2829 669 2953 de
726 2829 772 2953 la
830 2829 1106 2953 pointe
1175 2829 1232 2953 de
1301 2829 1347 2953 ſa
1405 2829 1692 2953 partie.
1819 2829 2049 2953 ALEX
2118 2829 2452 2953 ANDRE
2544 2829 2693 2953 mar-

598 281 648 407 le
709 281 882 407 pied
932 281 1166 407 eſlevé
1216 281 1315 407 ſur
1352 281 1413 407 le
1500 281 1870 407 Diametre
1944 281 2154 407 entre
2204 281 2253 407 la
2327 281 2550 407 lettre
2661 281 2673 407 R

669 406 669 536 &
720 406 771 536 le
861 406 1155 536 Centre,
1218 406 1244 536 il
1295 406 1410 536 luy
1487 406 1768 536 ſujette
1832 406 2100 536 l’eſpee
2151 406 2189 536 la
2266 406 2700 536 deprimant

600 530 637 660 la
698 530 968 660 pointe
1042 530 1079 660 en
1153 530 1300 660 bas,
1361 530 1656 660 comme
1705 530 1754 660 la
1804 530 2049 660 figure
2135 530 2479 660 monſtre.
