5520 7640
605 280 1069 431 difference.
1209 280 1420 431 Voylà
1505 280 1955 431 pourquoy
2025 280 2081 431 ce
2165 280 2250 431 n’a
2320 280 2559 431 point
2615 280 2756 431 eſté
2812 280 3009 431 pour
3079 280 3332 431 groſſir
3389 280 3642 431 noſtre
3698 280 3909 431 livre,
3979 280 4049 431 ou
4120 280 4316 431 pour
4373 280 4415 431 le
4485 280 4766 431 rendre
4837 280 5005 431 plus

579 423 956 574 faſtueux
1086 423 1099 574 &
1164 423 1346 574 plein
1450 423 1515 574 de
1580 423 1892 574 figures,
1983 423 2113 574 que
2191 423 2386 574 nous
2451 423 2699 574 avons
2764 423 2946 574 ainſi
3011 423 3531 574 ſeparement
3622 423 3869 574 donné
3947 423 4077 574 nos
4142 423 4741 574 inſtruions;
4845 423 5001 574 mais

583 561 788 720 pour
843 561 884 720 la
952 561 1240 720 facilité
1349 561 1363 720 &
1404 561 1595 720 pour
1678 561 1910 720 eviter
1951 561 1992 720 la
2074 561 2540 720 confuſion,
2581 561 2977 720 ſçachant
3046 561 3470 720 qu’encore
3552 561 3703 720 qu’il
3757 561 3894 720 ſoit
3963 561 4154 720 ainſi
4236 561 4578 720 diſtin,
4701 561 4715 720 &
4756 561 4989 720 pour-

585 700 769 848 ſuivi
839 700 1009 848 avec
1093 700 1220 848 une
1333 700 1700 848 methode
1771 700 1813 848 la
1870 700 2039 848 plus
2082 700 2308 848 facile
2392 700 2548 848 qu’il
2604 700 2816 848 nous
2872 700 2872 848 à
2957 700 3098 848 eſté
3169 700 3536 848 poſſible,
3578 700 3607 848 il
3677 700 3818 848 ſera
3903 700 4185 848 encore
4256 700 4440 848 aſſez
4538 700 4849 848 difficile
4905 700 4976 848 au

595 845 1352 989 commencement
1405 845 1405 989 à
1483 845 1653 989 ceux
1731 845 1836 989 qui
1888 845 1966 989 s’y
2032 845 2450 989 voudront
2515 845 2868 989 exercer:
2972 845 3077 989 Par
3142 845 3325 989 ainſi
3390 845 3873 989 n’eſtimant
3926 845 4043 989 pas
4121 845 4291 989 qu’il
4370 845 4383 989 y
4448 845 4579 989 aye
4670 845 4983 989 maiſtre,

598 981 721 1135 qui
775 981 966 1135 pour
1007 981 1061 1135 le
1116 981 1565 1135 jourd’huy
1633 981 1797 1135 face
1865 981 2287 1135 profeſſion
2409 981 2464 1135 de
2532 981 2804 1135 noſtre
2900 981 3240 1135 exercice
3335 981 3662 1135 comme
3744 981 3934 1135 nous
3989 981 4602 1135 l’enſeignons;
4656 981 4697 1135 il
4751 981 4765 1135 à
4847 981 4983 1135 eſté

613 1124 668 1268 de
723 1124 1053 1268 beſoing
1135 1124 1190 1268 de
1273 1124 1561 1268 donner
1616 1124 1713 1268 les
1754 1124 2235 1268 rudiments
2331 1124 2345 1268 &
2386 1124 2428 1268 la
2496 1124 2565 1268 fin
2634 1124 3046 1268 ſuffiſante
3129 1124 3321 1268 pour
3417 1124 3679 1268 dreſſer
3747 1124 3816 1268 un
3912 1124 4256 1268 homme
4352 1124 4407 1268 de
4476 1124 4600 1268 ſoy
4723 1124 4985 1268 meſme

579 1266 736 1414 ſans
789 1266 1313 1414 precepteur.
1509 1266 1575 1414 Ce
1640 1266 2033 1414 qu’eſtant
2125 1266 2623 1414 meurement
2701 1266 3147 1414 conſideré,
3199 1266 3396 1414 nous
3474 1266 3854 1414 eſperons
3920 1266 4038 1414 que
4103 1266 4234 1414 l’on
4326 1266 4404 1414 ne
4483 1266 4758 1414 pourra
4850 1266 4981 1414 que

573 1404 788 1550 louër
863 1404 1127 1550 noſtre
1178 1404 1644 1550 intention,
1744 1404 1757 1550 &
1820 1404 2160 1550 prendre
2223 1404 2273 1550 en
2349 1404 2626 1550 bonne
2689 1404 2840 1550 part
2890 1404 3318 1550 l’affeion
3419 1404 3532 1550 que
3595 1404 3797 1550 nous
3847 1404 4200 1550 portons
4250 1404 4389 1550 aux
4439 1404 4854 1550 amateurs
4917 1404 4980 1550 de

591 1546 645 1690 ce
712 1546 953 1690 noble
1021 1546 1410 1690 exercice:
1544 1546 1920 1690 Leſquels
1973 1546 2027 1690 je
2094 1546 2242 1690 prie
2322 1546 2604 1690 encore
2671 1546 2819 1690 une
2873 1546 3047 1690 fois,
3114 1546 3168 1690 de
3249 1546 3329 1690 ne
3396 1546 3450 1690 ſe
3517 1546 3772 1690 haſter
3839 1546 3893 1690 en
3987 1546 4483 1690 s’exerçeant
4550 1546 4604 1690 en
4685 1546 4993 1690 iceluy,

611 1686 767 1833 mais
819 1686 845 1833 y
897 1686 1300 1833 proceder
1352 1686 1534 1833 avec
1586 1686 1729 1833 une
1820 1686 2002 1833 deüe
2067 1686 2549 1833 attention,
2601 1686 2653 1833 ſe
2718 1686 3134 1833 fortifiant
3199 1686 3329 1833 aux
3407 1686 3797 1833 premiers
3914 1686 3914 1833 &
3979 1686 4304 1833 ſimples
4369 1686 4682 1833 aions
4760 1686 4981 1833 avant

588 1824 724 1974 que
779 1824 1091 1974 vouloir
1146 1824 1377 1974 paſſer
1432 1824 1568 1974 aux
1622 1824 1880 1974 autres
1935 1824 2098 1974 plus
2166 1824 2520 1974 difficiles
2629 1824 2642 1974 &
2683 1824 2846 1974 plus
2914 1824 3418 1974 compoſées,
3513 1824 3513 1974 &
3567 1824 3635 1974 ou
3717 1824 4098 1974 pluſieurs
4166 1824 4479 1974 aions
4520 1824 4574 1974 ſe
4628 1824 4982 1974 rencon-

578 1967 781 2110 trent
857 1967 971 2110 qui
1047 1967 1566 2110 demandent
1617 1967 1895 2110 toutes
1933 1967 2022 2110 les
2072 1967 2364 2110 parties
2440 1967 2490 2110 du
2579 1967 2807 2110 corps
2857 1967 2870 2110 à
2921 1967 2959 2110 la
3035 1967 3199 2110 fois;
3301 1967 3313 2110 &
3364 1967 3756 2110 remettre
3807 1967 3845 2110 la
3921 1967 4238 2110 cenſure
4314 1967 4377 2110 de
4427 1967 4693 2110 noſtre
4757 1967 4985 2110 livre,

578 2109 782 2253 apres
871 2109 1037 2253 qu’il
1076 2109 1433 2253 l’auront
1497 2109 2007 2253 pleinement
2096 2109 2390 2253 cognu,
2441 2109 2632 2253 alors
2696 2109 3015 2253 comme
3091 2109 3155 2253 de
3245 2109 3449 2253 vrays
3513 2109 3729 2253 juges
3793 2109 3997 2253 nous
4048 2109 4508 2253 prendrons
4584 2109 4635 2253 en
4712 2109 4992 2253 bonne

584 2243 741 2391 part
793 2243 846 2391 le
911 2243 1356 2391 jugement
1434 2243 1617 2391 qu’ils
1696 2243 1748 2391 en
1840 2243 2141 2391 feront,
2206 2243 2507 2391 aſſeuré
2572 2243 2782 2391 qu’ils
2847 2243 2860 2391 y
2925 2243 3579 2391 rencontreront
3632 2243 3920 2391 autant
3985 2243 4050 2391 de
4116 2243 4770 2391 contentement
4848 2243 4848 2391 à
4927 2243 4966 2391 la

575 2387 707 2533 fin,
786 2387 919 2533 que
959 2387 1012 2533 la
1078 2387 1250 2533 veuë
1316 2387 1369 2533 au
1462 2387 2216 2533 commencement
2269 2387 2481 2533 leurs
2534 2387 2997 2533 repreſente
3090 2387 3143 2533 de
3235 2387 3699 2533 difficultes.

2221 2747 2221 2930 F
2486 2747 2486 2930 I
2832 2747 2832 2930 N
3097 2747 3469 2930 IS.
