5479 7714
1055 1333 2492 1512 INTRODVCTION
2752 1333 2912 1512 AV
3131 1333 3790 1512 SECOND
4029 1333 4528 1512 LIVRE.

1564 1587 1965 1801 Ombien
2139 1587 2314 1801 que
2418 1587 2680 1801 nous
2784 1587 2889 1801 ne
2993 1587 3569 1801 trouvions
3673 1587 3830 1801 pas
3952 1587 4161 1801 qu’il
4266 1587 4283 1801 y
4388 1587 4492 1801 ait
4597 1587 4911 1801 aucun

1468 1792 2028 1942 changement
2098 1792 2154 1942 en
2224 1792 2266 1942 la
2322 1792 2741 1942 praique
2825 1792 2881 1942 de
2923 1792 3189 1942 l’eſpee
3273 1792 3385 1942 qui
3441 1792 3525 1942 ne
3594 1792 3720 1942 ſoit
3790 1792 4308 1942 pleinement
4378 1792 4741 1942 expliqué
4811 1792 4923 1942 par

1445 1932 1534 2076 les
1598 1932 2005 2076 exemples
2068 1932 2119 2076 du
2196 1932 2539 2076 premier
2577 1932 2793 2076 livre;
2831 1932 3264 2076 toutesfois
3328 1932 3518 2076 pour
3556 1932 3607 2076 la
3671 1932 4129 2076 nouveauté
4205 1932 4307 2076 des
4370 1932 4917 2076 changemens

1465 2071 1570 2212 qui
1622 2071 2135 2212 pourroyent
2201 2071 2319 2212 par
2358 2071 3173 2212 l’inacouſtumance
3226 2071 3475 2212 cauſer
3554 2071 3896 2212 quelque
3962 2071 4290 2212 trouble
4395 2071 4409 2212 &
4474 2071 4934 2212 alteration,

1447 2209 1639 2350 nous
1690 2209 1933 2350 avons
1985 2209 2138 2350 bien
2215 2209 2433 2350 voulu
2497 2209 2920 2350 adjouſter
2971 2209 3074 2350 les
3125 2209 3522 2350 exemples
3599 2209 3663 2350 de
3753 2209 3804 2350 ce
3881 2209 4188 2350 ſecond
4240 2209 4419 2350 livre
4496 2209 4496 2350 à
4586 2209 4752 2350 ceux
4842 2209 4906 2350 du

1457 2348 1849 2493 premier,
1903 2348 2025 2493 afin
2119 2348 2173 2493 de
2227 2348 2511 2493 rendre
2565 2348 2687 2493 par
2727 2348 2957 2493 iceux
3011 2348 3173 2493 plus
3227 2348 3389 2493 clair
3471 2348 3525 2493 ce
3592 2348 3700 2493 qui
3754 2348 4119 2493 pourroit
4173 2348 4511 2493 ſembler
4579 2348 4741 2493 trop
4808 2348 4930 2493 ob-

586 2486 747 2630 ſcur
801 2486 854 2630 en
921 2486 1216 2630 iceluy;
1270 2486 1578 2630 comme
1631 2486 1819 2630 auſsi
1872 2486 2060 2630 pour
2154 2486 2274 2630 dire
2354 2486 2408 2630 en
2488 2486 2596 2630 ſon
2662 2486 2783 2630 lieu
2877 2486 2930 2630 ce
2997 2486 3131 2630 que
3171 2486 3225 2630 le
3292 2486 3546 2630 temps
3600 2486 3694 2630 n’a
3747 2486 3868 2630 pas
3922 2486 4096 2630 tant
4163 2486 4417 2630 requis
4497 2486 4739 2630 d’eſtre
4832 2486 4913 2630 dit

580 2635 771 2770 pour
835 2635 1013 2770 lors.

766 2763 887 2908 Les
955 2763 1359 2908 exemples
1427 2763 1480 2908 du
1561 2763 1898 2908 premier
1993 2763 2182 2908 Livre
2262 2763 2815 2908 contiennent
2896 2763 3206 2908 chaſcun
3301 2763 3355 2908 en
3449 2763 3570 2908 ſoy
3665 2763 3840 2908 deux
3921 2763 4244 2908 choſes,
4339 2763 4501 2908 c’eſt
4568 2763 4919 2908 aſçavoir

642 2899 1268 3045 Cognoiſſance,
1407 2899 1421 3045 &
1561 2899 1937 3045 Habitude
2034 2899 2090 3045 du
2201 2899 2438 3045 corps.
2688 2899 3315 3045 Cognoiſſance,
3412 2899 3844 3045 comment
3927 2899 3983 3045 on
4094 2899 4470 3045 changera
4554 2899 4721 3045 avec
4804 2899 4916 3045 ad-

596 3041 926 3185 vantage
967 3041 1022 3185 le
1091 3041 1298 3185 corps
1408 3041 1421 3185 &
1476 3041 1683 3185 eſpee
1765 3041 2027 3185 contre
2095 3041 2178 3185 les
2260 3041 2811 3185 changemens
2893 3041 2934 3185 du
3031 3041 3237 3185 corps
3333 3041 3347 3185 &
3402 3041 3608 3185 eſpee
3691 3041 3746 3185 de
3787 3041 4324 3185 l’adverſaire,
4406 3041 4516 3185 par
4571 3041 4915 3185 laquelle

598 3181 1172 3321 cognoiſſance
1253 3181 1306 3321 le
1386 3181 1894 3321 jugement,
1975 3181 2068 3321 les
2162 3181 2416 3321 yeux,
2563 3181 2563 3321 &
2643 3181 2696 3321 le
2777 3181 3231 3321 ſentiment
3311 3181 3365 3321 ſe
3445 3181 3913 3321 fortifient,
4046 3181 4046 3321 &
4113 3181 4822 3321 s’accouſtument
4915 3181 4915 3321 à

591 3318 1049 3462 cognoiſtre
1114 3318 1219 3462 par
1271 3318 1311 3462 le
1376 3318 2135 3462 commencement
2200 3318 2266 3462 de
2318 3318 2776 3462 l’operation
2842 3318 2881 3462 la
2972 3318 3038 3462 fin
3156 3318 3496 3462 d’icelle,
3600 3318 3614 3462 &
3692 3318 4124 3462 comment
4202 3318 4255 3462 on
4333 3318 4386 3462 la
4477 3318 4686 3462 doibt
4752 3318 4922 3462 ren-

582 3458 898 3599 contrer
971 3458 1019 3599 en
1092 3458 1347 3599 temps
1396 3458 1578 3599 avec
1626 3458 2112 3599 advantage.

779 3596 1157 3736 Habitude
1235 3596 1287 3736 du
1391 3596 1639 3736 corps,
1704 3596 2134 3736 comment
2173 3596 2226 3736 le
2304 3596 2512 3736 corps
2617 3596 2630 3736 &
2682 3596 2773 3736 les
2877 3596 3255 3736 membres
3320 3596 3373 3736 ſe
3464 3596 3777 3736 doivent
3868 3596 4298 3736 gouverner
4350 3596 4546 3736 pour
4598 3596 4650 3736 ſe
4715 3596 4911 3736 tenir

583 3733 985 3875 touſiours
1048 3733 1337 3875 fermes
1463 3733 1463 3875 &
1513 3733 1903 3875 prompts
1953 3733 1966 3875 à
2079 3733 2331 3875 mettre
2406 3733 2456 3875 en
2557 3733 2972 3875 execution
3035 3733 3261 3875 (ſans
3324 3733 3638 3875 aucune
3714 3733 4191 3875 alteration)
4254 3733 4317 3875 ce
4405 3733 4506 3875 qui
4556 3733 4720 3875 leur
4770 3733 4908 3875 ſera

590 3869 1088 4010 commandé
1155 3869 1276 4010 par
1330 3869 1370 4010 la
1437 3869 1733 4010 raiſon:
1801 3869 1935 4010 d’ou
2002 3869 2338 4010 s’enſuit,
2406 3869 2527 4010 que
2581 3869 2742 4010 ſans
2782 3869 2823 4010 la
2876 3869 3105 4010 raiſon
3239 3869 3239 4010 &
3280 3869 3737 4010 l’habitude
3804 3869 3858 4010 du
3939 3869 4181 4010 corps,
4208 3869 4248 4010 il
4288 3869 4369 4010 ne
4423 3869 4463 4010 ſe
4517 3869 4692 4010 fai
4759 3869 4880 4010 rien

568 4009 732 4151 bien
807 4009 920 4151 n’y
983 4009 1687 4151 convenablemẽt
1763 4009 1813 4151 en
1901 4009 2153 4151 ceſtuy
2215 4009 2467 4151 noſtre
2530 4009 2907 4151 exercice:
2982 4009 3133 4151 mais
3184 4009 3485 4151 pource
3548 4009 3749 4151 qu’en
3825 4009 4227 4151 l’exercice
4303 4009 4365 4151 de
4403 4009 4680 4151 l’eſpee
4743 4009 4919 4151 con-

570 4132 664 4287 tre
717 4132 984 4287 l’eſpee
1037 4132 1851 4287 ſeule(moyennant
1931 4132 2051 4287 que
2091 4132 2145 4287 le
2212 4132 2425 4287 corps
2478 4132 2612 4287 ſoit
2665 4132 2812 4287 bien
2892 4132 3266 4287 exercé)il
3319 4132 3493 4287 n’eſt
3546 4132 3666 4287 pas
3719 4132 3880 4287 tant
3933 4132 4186 4287 requis
4267 4132 4694 4287 d’obſerver
4747 4132 4920 4287 tous

571 4271 663 4424 les
716 4271 1282 4424 changemens
1361 4271 1426 4424 de
1492 4271 1979 4424 l’adverſaire
2045 4271 2361 4424 juſques
2426 4271 2426 4424 à
2492 4271 2545 4424 la
2624 4271 2689 4424 fin
2795 4271 2860 4424 de
2926 4271 3466 4424 l’operation,
3545 4271 3860 4424 comme
3939 4271 3979 4424 es
4058 4271 4308 4424 autres
4400 4271 4505 4424 qui
4571 4271 4900 4424 ſuivent,

593 4409 705 4562 qui
743 4409 817 4562 ne
880 4409 930 4562 ſe
980 4409 1342 4562 peuvent
1392 4409 1566 4562 faire
1629 4409 1778 4562 ſans
1841 4409 1978 4562 une
2040 4409 2290 4562 exae
2415 4409 2415 4562 &
2477 4409 2664 4562 juſte
2739 4409 3226 4562 obſervation
3313 4409 3376 4562 de
3438 4409 3600 4562 tous
3650 4409 3738 4562 les
3825 4409 4374 4562 mouvemens,
4424 4409 4624 4562 nous
4673 4409 4911 4562 avons

572 4548 934 4696 adjouſté
1029 4548 1109 4696 les
1203 4548 1593 4696 exemples
1700 4548 1754 4696 de
1862 4548 1915 4696 ce
1996 4548 2291 4696 ſecond
2386 4548 2627 4696 livre,
2735 4548 2923 4696 pour
3004 4548 3219 4696 ſervir
3339 4548 3877 4696 d’inſtruion
3984 4548 3984 4696 à
4092 4548 4267 4696 ceux
4387 4548 4495 4696 qui
4562 4548 4643 4696 ne
4737 4548 4898 4696 ſont

572 4686 761 4831 aſſez
815 4686 1192 4831 habitués
1273 4686 1273 4831 à
1368 4686 1543 4831 cecy
1624 4686 1732 4831 par
1799 4686 1894 4831 les
1961 4686 2366 4831 exemples
2447 4686 2501 4831 du
2595 4686 2973 4831 premier.
3216 4686 3270 4831 Et
3350 4686 3472 4831 afin
3607 4686 3661 4831 de
3755 4686 3930 4831 faire
4025 4686 4187 4831 cecy
4281 4686 4456 4831 avec
4564 4686 4902 4831 meilleur

583 4824 852 4973 ordre,
903 4824 1096 4973 nous
1160 4824 1648 4973 repartirons
1699 4824 1789 4973 les
1841 4824 2239 4973 exemples
2316 4824 2380 4973 de
2457 4824 2508 4973 ce
2585 4824 3034 4973 deuxieſme
3111 4824 3304 4973 Livre
3368 4824 3420 4973 en
3484 4824 3676 4973 trois
3728 4824 4049 4973 parties.
4190 4824 4241 4973 La
4331 4824 4716 4973 premiere
4806 4824 4909 4973 de-

586 4965 852 5112 clarera
919 4965 1346 5112 comment
1426 4965 1479 5112 de
1533 4965 1813 5112 l’eſpee
1866 4965 2053 5112 ſeule
2120 4965 2173 5112 on
2266 4965 2787 5112 rencontrera
2853 4965 3027 5112 avec
3107 4965 3560 5112 advantage
3627 4965 3894 5112 l’eſpee
4014 4965 4027 5112 &
4094 4965 4521 5112 poignard.
4681 4965 4734 5112 La
4814 4965 4908 5112 ſe-

588 5102 871 5254 conde,
925 5102 1342 5254 comment
1409 5102 1463 5254 on
1557 5102 1907 5254 gaignera
1974 5102 2162 5254 (non
2243 5102 2566 5254 obſtant
2606 5102 2646 5254 la
2700 5102 3117 5254 rondache
3198 5102 3252 5254 de
3319 5102 3655 5254 laquelle
3709 5102 4207 5254 l’adverſaire
4274 5102 4314 5254 ſe
4382 5102 4516 5254 ſert
4597 5102 4785 5254 pour
4853 5102 4893 5254 ſa

601 5243 961 5388 defenſe)
1003 5243 1265 5388 l’eſpee
1335 5243 1680 5388 d’iceluy,
1791 5243 1791 5388 &
1833 5243 2123 5388 l’ayant
2192 5243 2511 5388 gaignée
2580 5243 3009 5388 comment
3064 5243 3119 5388 on
3202 5243 3617 5388 executera
3673 5243 3783 5388 ſon
3866 5243 4088 5388 coup.
4212 5243 4267 5388 La
4337 5243 4766 5388 troiſieſme
4890 5243 4890 5388 &

595 5380 975 5532 derniere,
1028 5380 1447 5532 comment
1513 5380 1578 5532 on
1657 5380 1959 5532 eſvitera
2077 5380 2090 5532 &
2155 5380 2562 5532 domptera
2640 5380 2915 5532 l’eſpee
2968 5380 2968 5532 à
3047 5380 3230 5532 deux
3335 5380 3545 5532 mains
3610 5380 3768 5532 ſans
3833 5380 4069 5532 aucun
4187 5380 4462 5532 danger
4567 5380 4567 5532 &
4646 5380 4895 5532 empe-

573 5525 1024 5625 ſchement.

759 5657 1183 5805 Touchant
1225 5657 1267 5805 la
1324 5657 1776 5805 premiere,
1832 5657 1874 5805 il
1917 5657 2001 5805 eſt
2058 5657 2213 5805 bien
2298 5657 2467 5805 vray
2552 5657 2707 5805 qu’il
2764 5657 2919 5805 s’eſt
2961 5657 3244 5805 trouvé
3300 5657 3681 5805 autrefois
3752 5657 3850 5805 des
3907 5657 4316 5805 perſones,
4373 5657 4486 5805 qui
4542 5657 4711 5805 avec
4782 5657 4895 5805 le-

571 5797 733 5942 ſpee
787 5797 977 5942 ſeule
1031 5797 1626 5942 attaquoyent,
1707 5797 1707 5942 &
1761 5797 1883 5942 par
1923 5797 2085 5942 leur
2139 5797 2423 5942 agilité,
2478 5797 2680 5942 force
2748 5797 2802 5942 du
2883 5797 3126 5942 corps,
3235 5797 3235 5942 &
3289 5797 3546 5942 viteſſe
3613 5797 3681 5942 de
3721 5797 3762 5942 la
3857 5797 4059 5942 main,
4100 5797 4668 5942 travailloyent
4722 5797 4884 5942 avec

569 5935 954 6081 advatage
1020 5935 1285 6081 contre
1338 5935 1603 6081 l’eſpee
1710 5935 1710 6081 &
1763 5935 2200 6081 poignard:
2267 5935 2413 6081 mais
2479 5935 2731 6081 quand
2797 5935 2850 6081 on
2930 5935 2930 6081 a
3010 5935 3354 6081 examiné
3408 5935 3447 6081 la
3500 5935 3726 6081 raiſon
3832 5935 3885 6081 de
3938 5935 4084 6081 leur
4137 5935 4349 6081 façon
4442 5935 4495 6081 de
4548 5935 4761 6081 faire,
4800 5935 4867 6081 on

572 6076 651 6218 ne
691 6076 770 6218 l’a
823 6076 1087 6218 jamais
1140 6076 1417 6218 trouvé
1497 6076 1550 6218 de
1602 6076 1774 6218 telle
1840 6076 2448 6218 conſequence,
2527 6076 2739 6218 qu’un
2818 6076 3043 6218 autre
3122 6076 3175 6218 de
3281 6076 3624 6218 moindre
3717 6076 4153 6218 diſpoſition
4232 6076 4444 6218 l’euſt
4510 6076 4629 6218 peu
4708 6076 4880 6218 faire

567 6211 749 6362 avec
801 6211 866 6362 un
970 6211 1243 6362 meſme
1295 6211 1582 6362 ſucces,
1621 6211 1621 6362 à
1699 6211 1894 6362 cauſe
1972 6211 2089 6362 que
2141 6211 2297 6362 leur
2337 6211 2792 6362 advantage
2857 6211 3261 6362 conſiſtoit
3313 6211 3469 6362 plus
3521 6211 3651 6362 aux
3703 6211 3950 6362 fautes
4015 6211 4445 6362 commiſes
4484 6211 4601 6362 par
4666 6211 4874 6362 celuy

597 6353 704 6501 qui
744 6353 946 6501 avoit
1000 6353 1255 6501 l’eſpee
1362 6353 1376 6501 &
1416 6353 1470 6501 le
1524 6353 1927 6501 poignard
1980 6353 1980 6501 à
2034 6353 2074 6501 la
2169 6353 2370 6501 main,
2437 6353 2693 6501 qu’aux
2746 6353 3028 6501 raiſons
3096 6353 3190 6501 des
3257 6353 3727 6501 operations
3794 6353 3982 6501 d’eux
4076 6353 4412 6501 meſmes.
4480 6353 4654 6501 Pour
4748 6353 4869 6501 mõ-

572 6488 749 6638 ſtrer
830 6488 1239 6638 doncques
1307 6488 1430 6638 que
1498 6488 1770 6638 chacun
1866 6488 1934 6638 de
2002 6488 2520 6638 quelconque
2601 6488 3037 6638 diſpoſition
3119 6488 3173 6638 ſe
3228 6488 3419 6638 peut
3473 6488 3691 6638 ſervir
3786 6488 3841 6638 de
3923 6488 4100 6638 ceſte
4168 6488 4795 6638 preeminence,
4876 6488 4890 6638 &

585 6627 755 6776 qu’il
798 6627 883 6776 ny
940 6627 954 6776 a
1011 6627 1323 6776 aucune
1380 6627 1693 6776 poſture
1764 6627 1806 6776 en
1877 6627 2289 6776 l’exercice
2360 6627 2417 6776 de
2460 6627 2729 6776 l’eſpee
2829 6627 2843 6776 &
2886 6627 3283 6776 poignard
3340 6627 3780 6776 ſiaſſeurée,
3851 6627 4036 6776 qu’on
4121 6627 4192 6776 ne
4249 6627 4491 6776 puiſſe
4533 6627 4689 6776 bien
4775 6627 4874 6776 ſur

4671 6780 4886 6877 icelle
