5479 7714
576 317 786 475 icelle
856 317 1248 475 aprocher
1304 317 1472 475 avec
1528 317 2017 475 advantage,
2073 317 2227 475 ſans
2297 317 2423 475 que
2479 317 2577 475 les
2619 317 2955 475 parades
3025 317 3081 475 du
3151 317 3556 475 poignard
3612 317 3962 475 puiſſent
4004 317 4228 475 ſervir
4284 317 4298 475 a
4354 317 4886 475 l’adverſaire,
4984 317 4998 475 &

578 462 1078 615 finalement
1118 462 1434 615 (eſtant
1487 462 2199 615 aproché)porter
2265 462 2370 615 ſon
2476 462 2726 615 coup;
2792 462 2990 615 nous
3056 462 3253 615 nous
3306 462 3636 615 ſervons
3715 462 3820 615 des
3899 462 4308 615 exemples
4374 462 4796 615 propoſés,
4848 462 4980 615 aux

648 591 936 754 ’ableau
1022 591 1166 754 IV.
1267 591 1310 754 V.
1396 591 1497 754 VI.
1584 591 1641 754 de
1713 591 2058 754 chaſque
2130 591 2634 754 ſortetelles,
2692 591 2994 754 qu’elles
3052 591 3253 754 nous
3311 591 3728 754 ſemblent
3814 591 3901 754 les
3973 591 4131 754 plus
4203 591 4433 754 utiles
4505 591 4692 754 pour
4764 591 4980 754 ſervir

601 743 1229 887 d’introduion
1347 743 1753 887 generale,
1818 743 1936 887 par
2001 743 2341 887 laquelle
2433 743 2485 887 on
2577 743 2865 887 pourra
2943 743 3061 887 par
3126 743 3349 887 apres
3414 743 3820 887 aiſement
3885 743 4383 887 rencontrer
4448 743 4631 887 tous
4697 743 4985 887 aultres

594 882 1155 1037 changemens
1222 882 1328 1037 qui
1395 882 1449 1037 ſe
1515 882 2143 1037 preſenteront:
2223 882 2330 1037 car
2397 882 2451 1037 en
2557 882 2651 1037 ces
2718 882 2905 1037 trois
2958 882 3199 1037 tables
3252 882 3586 1037 ſuſdites
3653 882 3706 1037 on
3813 882 4187 1037 enſeigne
4241 882 4241 1037 à
4307 882 4508 1037 eſlire
4561 882 4975 1037 linſtance

577 1022 864 1181 propre
919 1022 919 1181 à
987 1022 1522 1181 approrcher,
1563 1022 1727 1181 tant
1795 1022 2001 1181 celuy
2083 1022 2193 1181 qui
2234 1022 2439 1181 tient
2480 1022 2754 1181 l’eſpee
2809 1022 2864 1181 en
2959 1022 3206 1181 droite
3247 1022 3452 1181 ligne
3535 1022 3658 1181 que
3726 1022 3945 1181 celuy
4027 1022 4137 1181 qui
4192 1022 4233 1181 la
4315 1022 4520 1181 tient
4603 1022 4986 1181 courbée,

584 1165 718 1316 ſoit
784 1165 958 1316 qu’il
998 1165 1038 1316 la
1105 1165 1465 1316 preſente
1532 1165 1572 1316 en
1679 1165 1986 1316 devant,
2040 1165 2093 1316 ou
2187 1165 2347 1316 qu’il
2387 1165 2440 1316 la
2494 1165 2694 1316 tiene
2788 1165 2828 1316 en
2921 1165 3228 1316 arriere.
3389 1165 3536 1316 Puis
3616 1165 3669 1316 on
3776 1165 3789 1316 y
3870 1165 4043 1316 void
4097 1165 4150 1316 le
4257 1165 4511 1316 moyen
4631 1165 4991 1316 d’appro-

592 1299 756 1454 cher
811 1299 961 1454 ſans
1030 1299 1153 1454 que
1208 1299 1262 1454 le
1317 1299 1728 1454 poignard
1796 1299 1851 1454 de
1906 1299 2399 1454 l’adverſaire
2467 1299 2481 1454 y
2536 1299 2782 1454 puiſſe
2850 1299 3152 1454 donner
3206 1299 3453 1454 aucun
3535 1299 4260 1454 empeſchement,
4315 1299 4644 1454 attendu
4740 1299 4945 1454 qu’on

582 1448 596 1597 y
679 1448 1136 1597 demonſtre
1191 1448 1191 1597 à
1288 1448 1552 1597 manier
1607 1448 2051 1597 tellement
2106 1448 2203 1597 ſon
2286 1448 2494 1597 eſpee
2563 1448 2827 1597 qu’elle
2882 1448 2965 1597 ne
3021 1448 3187 1597 puit
3242 1448 3422 1597 eſtre
3478 1448 3838 1597 touchee
3921 1448 3977 1597 du
4046 1448 4489 1597 poignard.
4573 1448 4739 1597 Bref,
4794 1448 4974 1597 eſtãt

569 1583 1018 1737 approché,
1073 1583 1127 1737 on
1209 1583 1223 1737 y
1277 1583 1740 1737 apprendra
1795 1583 1808 1737 à
1876 1583 2135 1737 porter
2190 1583 2748 1737 aſſeurement
2803 1583 2912 1737 ſon
2994 1583 3225 1737 coup,
3252 1583 3443 1737 auſsi
3498 1583 3661 1737 bien
3757 1583 3811 1737 de
3879 1583 4043 1737 plus
4070 1583 4206 1737 loin
4301 1583 4628 1737 comme
4697 1583 4765 1737 de
4819 1583 4983 1737 plus

569 1726 761 1877 pres,
802 1726 994 1877 auſsi
1035 1726 1200 1877 bien
1269 1726 1502 1877 ayant
1557 1726 1831 1877 l’eſpee
1872 1726 2133 1877 jointe
2188 1726 2188 1877 à
2256 1726 2434 1877 celle
2517 1726 2572 1877 de
2613 1726 3148 1877 l’adverſaire,
3216 1726 3353 1877 que
3395 1726 3436 1877 la
3504 1726 3833 1877 portant
3888 1726 4108 1877 libre.
4314 1726 4547 1877 Quant
4602 1726 4739 1877 aux
4794 1726 4986 1877 petis

597 1869 1131 2014 mouvemens
1204 1869 1313 2014 qui
1374 1869 1544 2014 ſont
1617 1869 1933 2014 comme
1993 1869 2588 2014 preparatoires
2649 1869 3147 2014 precedents
3208 1869 3864 2014 ordinairement
3912 1869 4009 2014 les
4082 1869 4447 2014 parades;
4483 1869 4677 2014 nous
4726 1869 4969 2014 avons

563 2010 855 2156 trouvé
908 2010 1041 2156 bon
1147 2010 1266 2156 d’en
1359 2010 1784 2156 obmettre
1824 2010 2461 2156 l’enſeignemẽt
2514 2010 2713 2156 pour
2780 2010 3005 2156 eviter
3058 2010 3430 2156 prolixité
3510 2010 3616 2156 qui
3669 2010 3749 2156 ne
3815 2010 4200 2156 pourroit
4280 2010 4983 2156 qu’embrouiller,

621 2149 635 2297 &
675 2149 984 2297 pource
1037 2149 1225 2297 auſsi
1293 2149 1427 2297 que
1467 2149 1561 2297 les
1628 2149 2259 2297 enſeignemens
2313 2149 2366 2297 ſe
2420 2149 2783 2297 peuvent
2836 2149 3226 2297 aiſement
3293 2149 3454 2297 tirer
3534 2149 3642 2297 des
3695 2149 4246 2297 Inſtruions
4299 2149 4474 2297 tant
4528 2149 4971 2297 preceden-

568 2295 667 2435 tes
729 2295 865 2435 que
914 2295 1348 2435 ſuivantes.

709 2434 820 2579 11.
930 2434 1110 2579 Pour
1152 2434 1193 2579 la
1277 2434 1734 2579 deuxieſme
1789 2434 2066 2579 partie,
2121 2434 2384 2579 noſtre
2426 2434 2842 2579 intention
2925 2434 3022 2579 eſt
3091 2434 3146 2579 de
3229 2434 3562 2579 declarer
3603 2434 3645 2579 la
3700 2434 4296 2579 remarquable
4365 2434 4794 2579 difference
4877 2434 4988 2579 qui

580 2575 664 2722 eſt
720 2575 931 2722 entre
1001 2575 1211 2722 celuy
1282 2575 1394 2722 qui
1436 2575 1492 2722 ſe
1548 2575 1675 2722 ſert
1759 2575 1815 2722 de
1857 2575 2138 2722 l’eſpee
2236 2575 2250 2722 &
2321 2575 2377 2722 de
2433 2575 2475 2722 la
2531 2575 2994 2722 rondache,
3079 2575 3093 2722 &
3163 2575 3345 2722 celui
3416 2575 3528 2722 qui
3570 2575 3584 2722 a
3626 2575 3907 2722 l’eſpee
4019 2575 4019 2722 &
4061 2575 4118 2722 le
4174 2575 4581 2722 poignard
4637 2575 4693 2722 en
4805 2575 4960 2722 main

586 2698 854 2862 contre
898 2698 1181 2862 l’eſpee
1226 2698 1464 2862 ſeule.
1568 2698 1672 2862 Car
1732 2698 2104 2862 combien
2193 2698 2312 2862 que
2372 2698 2461 2862 les
2521 2698 2938 2862 exemples
2982 2698 3384 2862 propoſez
3429 2698 3503 2862 au
3637 2698 3771 2862 VII.
3875 2698 3875 2862 &
3994 2698 4173 2862 VIIl.
4262 2698 4426 2862 Tab.
4500 2698 4992 2862 enſeignent

562 2857 753 3003 auſsi
807 2857 956 3003 bien
1038 2857 1079 3003 la
1174 2857 1486 3003 maniere
1540 2857 1581 3003 la
1649 2857 1812 3003 plus
1880 2857 2383 3003 convenable
2437 2857 2641 3003 pour
2695 2857 3034 3003 prendre
3075 2857 3510 3003 l’inſtance
3564 2857 3849 3003 propre
3904 2857 3904 3003 à
3972 2857 4243 3003 eſviter
4298 2857 4379 3003 les
4447 2857 4787 3003 parades
4841 2857 4977 3003 (&

560 2998 845 3144 bleſſer
886 2998 954 3144 au
1036 2998 1294 3144 temps
1334 2998 1592 3144 juſte)
1660 2998 1796 3144 que
1877 2998 2054 3144 ceux
2135 2998 2190 3144 de
2257 2998 2543 3144 l’eſpee
2651 2998 2665 3144 &
2733 2998 3194 3144 poignard:
3276 2998 3819 3144 neantmoins
3887 2998 4077 3144 nous
4145 2998 4389 3144 avons
4457 2998 4796 3144 propoſé
4918 2998 4973 3144 de

605 3136 941 3284 montrer
995 3136 1048 3284 en
1116 3136 1371 3284 iceux,
1438 3136 1559 3284 que
1613 3136 1653 3284 la
1720 3136 2177 3284 rondache,
2217 3136 2594 3284 combien
2674 3136 2809 3284 que
2876 3136 3131 3284 grade,
3238 3136 3238 3284 &
3306 3136 3574 3284 qu’elle
3642 3136 3910 3284 couvre
3964 3136 4004 3284 la
4072 3136 4515 3284 principale
4582 3136 4824 3284 partie
4905 3136 4958 3284 du

574 3278 787 3425 corps
867 3278 920 3425 de
987 3278 1174 3425 celui
1241 3278 1361 3425 qui
1401 3278 1521 3425 s’en
1601 3278 1761 3425 ſert,
1801 3278 1988 3425 n’eſt
2041 3278 2161 3425 pas
2215 3278 2375 3425 tant
2428 3278 2428 3425 à
2508 3278 2882 3425 craindre.
2989 3278 3082 3425 Car
3135 3278 3309 3425 puis
3376 3278 3629 3425 qu’elle
3683 3278 3763 3425 ne
3829 3278 4109 3425 couvre
4163 3278 4283 3425 pas
4336 3278 4510 3425 tout
4563 3278 4617 3425 le
4670 3278 4923 3425 corps,
4950 3278 4977 3425 il

578 3418 665 3566 eſt
723 3418 868 3566 fort
926 3418 1056 3566 aiſé
1100 3418 1114 3566 à
1158 3418 1389 3566 juger
1462 3418 1592 3566 que
1635 3418 1679 3566 le
1737 3418 1925 3566 reſte
2012 3418 2229 3566 doibt
2287 3418 2461 3566 eſtre
2533 3418 2866 3566 defendu
2968 3418 3025 3566 de
3069 3418 3373 3566 l’eſpee,
3445 3418 3503 3566 de
3547 3418 3894 3566 laquelle
3952 3418 4010 3566 on
4097 3418 4169 3566 ne
4227 3418 4271 3566 ſe
4343 3418 4517 3566 peut
4575 3418 4995 3566 ſeuremẽt

561 3560 784 3706 ſervir
840 3560 993 3706 ſans
1035 3560 1286 3706 l’ayde
1370 3560 1426 3706 de
1467 3560 1509 3706 la
1579 3560 1802 3706 veue.
1886 3560 2109 3706 Voyla
2164 3560 2597 3706 pourquoi
2652 3560 2778 3706 elle
2834 3560 2917 3706 eſt
2973 3560 3391 3706 touſiours
3461 3560 4019 3706 deſcouverte:
4116 3560 4172 3706 Ou
4242 3560 4283 3706 ſi
4339 3560 4395 3706 on
4465 3560 4507 3706 la
4576 3560 4771 3706 veult
4841 3560 4994 3706 par-

559 3701 706 3844 fois
759 3701 1065 3844 couvrir
1172 3701 1172 3844 &
1252 3701 1731 3844 deſcouvrir,
1771 3701 1811 3844 la
1878 3701 2304 3844 rondache
2357 3701 2823 3844 n’aſſeurera
2890 3701 3010 3844 pas
3050 3701 3156 3844 ſon
3236 3701 3623 3844 homme:
3663 3701 3703 3844 la
3756 3701 3996 3844 raiſon
4075 3701 4195 3844 eſt,
4275 3701 4408 3844 que
4475 3701 4688 3844 celuy
4768 3701 4875 3844 qui
4928 3701 4981 3844 le

556 3846 1007 3984 rencontre
1057 3846 1245 3984 ſelon
1320 3846 1583 3984 noſtre
1646 3846 2109 3984 intention,
2146 3846 2334 3984 n’eſt
2384 3846 2672 3984 jamais
2735 3846 2785 3984 en
2860 3846 3111 3984 repos,
3211 3846 3361 3984 mais
3436 3846 3774 3984 cherche
3837 3846 4250 3984 touſiours
4338 3846 4676 3984 quelque
4776 3846 4976 3984 occa-

563 3982 701 4130 ſion
797 3982 1348 4130 d’advantage;
1390 3982 1514 4130 par
1555 3982 1748 4130 ainſi
1789 3982 1830 4130 ſa
1899 3982 2133 4130 partie
2188 3982 2243 4130 ſe
2312 3982 2863 4130 deſcouvrant
2946 3982 3001 4130 de
3056 3982 3097 4130 ſa
3152 3982 3579 4130 rondache
3634 3982 3772 4130 ſera
3827 3982 3979 4130 fort
4034 3982 4309 4130 abuſé,
4364 3982 4447 4130 ne
4488 3982 4543 4130 le
4598 3982 4984 4130 trouvant

578 4123 620 4276 en
689 4123 745 4276 la
800 4123 1009 4276 place
1078 4123 1148 4276 ou
1203 4123 1245 4276 il
1287 4123 1551 4276 l’avoit
1606 4123 1718 4276 veu
1815 4123 2093 4276 devant
2162 4123 2288 4276 que
2343 4123 2399 4276 ſe
2454 4123 2788 4276 couvrir.
2857 4123 2927 4276 La
3010 4123 3511 4276 moderation
3580 4123 3886 4276 requiſe
3942 4123 3955 4276 a
4011 4123 4289 4276 l’uſage
4359 4123 4414 4276 de
4470 4123 4734 4276 l’eſpee
4789 4123 4998 4276 ſeule

572 4264 839 4412 contre
890 4264 1158 4412 l’eſpee
1272 4264 1272 4412 &
1311 4264 1362 4412 la
1413 4264 2228 4412 rondache(ſçavoir
2304 4264 2737 4412 comient
2801 4264 2865 4412 on
2941 4264 3247 4412 portera
3310 4264 3578 4412 l’eſpee
3641 4264 3654 4412 a
3705 4264 4164 4412 l’encontre
4202 4264 4253 4412 la
4304 4264 4762 4412 rondache,
4800 4264 4979 4412 ainſi

579 4391 746 4557 qu’il
788 4391 927 4557 ſera
997 4391 1191 4557 preſt
1247 4391 1247 4557 à
1303 4391 1609 4557 bleſſer,
1665 4391 1776 4557 ſur
1832 4391 2110 4557 toutes
2152 4391 2249 4557 les
2291 4391 2625 4557 parades
2694 4391 2834 4557 que
2875 4391 2917 4557 la
3001 4391 3432 4557 rondache
3488 4391 3627 4557 fera
3696 4391 3752 4557 en
3849 4391 4225 4557 donnant
4309 4391 4657 4557 quelque
4712 4391 4991 4557 ouver-

566 4530 795 4692 ture)
838 4530 982 4692 ſera
1039 4530 1225 4692 aſſez
1283 4530 1497 4692 facile
1555 4530 1569 4692 à
1641 4530 2185 4692 comprendre
2257 4530 2371 4692 par
2414 4530 2515 4692 les
2586 4530 2773 4692 deux
2859 4530 3030 4692 Tab.
3102 4530 3446 4692 declarez
3518 4530 3518 4692 à
3604 4530 3804 4692 ceſte
3861 4530 3933 4692 fin
4019 4530 4076 4692 en
4148 4530 4248 4692 ſon
4334 4530 4506 4692 lieu.

720 4672 878 4840 III.
994 4672 1052 4840 La
1124 4672 1557 4840 troiſieſme
1630 4672 1904 4840 partie,
1947 4672 2352 4840 ſemblera
2410 4672 2597 4840 peut
2655 4672 2843 4840 eſtre
2886 4672 2901 4840 à
2973 4672 3363 4840 quelques
3421 4672 3551 4840 uns
3608 4672 3767 4840 trop
3825 4672 4128 4840 brieve:
4201 4672 4345 4840 mais
4417 4672 4576 4840 puis
4663 4672 4822 4840 qu’il
4894 4672 4981 4840 eſt

563 4813 755 4966 aſſez
819 4813 1294 4966 clairement
1358 4813 1730 4966 enſeigné
1781 4813 1845 4966 au
1922 4813 2269 4966 premier
2307 4813 2487 4966 livre
2551 4813 2987 4966 comment
3051 4813 3115 4966 on
3179 4813 3628 4966 rencontra
3757 4813 3757 4966 &
3821 4813 4295 4966 previendra
4372 4813 4552 4966 tous
4603 4813 4706 4966 les
4757 4813 4988 4966 eſtra-

611 4952 926 5123 maçons
983 4952 1055 5123 de
1098 4952 1384 5123 l’eſpee
1427 4952 1742 5123 ſimple,
1799 4952 1957 5123 ſans
2014 4952 2215 5123 qu’ils
2258 4952 2616 5123 puiſſent
2673 4952 2845 5123 faire
2902 4952 3145 5123 aucun
3231 4952 3503 5123 effort,
3546 4952 3589 5123 il
3632 4952 3718 5123 ne
3761 4952 3990 5123 reſte,
4062 4952 4262 5123 pour
4334 4952 4491 5123 bien
4606 4952 4978 5123 dompter

565 5094 846 5262 l’eſpee
902 5094 902 5262 à
972 5094 1169 5262 deux
1253 5094 1492 5262 mains,
1562 5094 1689 5262 que
1745 5094 1899 5262 bien
1998 5094 2293 5262 ſçavoir
2377 5094 2602 5262 eviter
2686 5094 2742 5262 en
2826 5094 3093 5262 temps
3149 5094 3430 5262 propre
3501 5094 3543 5262 la
3613 5094 3838 5262 force
3936 5094 4245 5262 d’icelle.
4386 5094 4568 5262 Pour
4624 5094 4976 5262 laquelle

585 5235 806 5383 choſe
875 5235 1302 5383 effeuer,
1344 5235 1385 5383 il
1440 5235 1592 5383 faut
1661 5235 1840 5383 eſtre
1909 5235 1951 5383 en
2033 5235 2102 5383 un
2213 5235 2475 5383 meſme
2544 5235 2806 5383 temps
2875 5235 3068 5383 quaſi
3123 5235 3302 5383 hors
3399 5235 3413 5383 &
3482 5235 3771 5383 dedans
3813 5235 4268 5383 l’inſtance,
4337 5235 4406 5383 de
4461 5235 4668 5383 ſorte
4764 5235 4957 5383 qu’on

570 5377 707 5536 ſoit
761 5377 1199 5536 tellement
1254 5377 1706 5536 approché,
1774 5377 1897 5536 que
1966 5377 2239 5536 quand
2280 5377 2773 5536 l’adverſaire
2855 5377 3197 5536 donnera
3252 5377 3306 5536 le
3389 5377 3731 5536 moindra
3799 5377 4059 5536 temps
4127 5377 4237 5536 qui
4292 5377 4456 5536 ſoit,
4510 5377 4565 5536 on
4634 5377 4688 5536 le
4743 5377 4976 5536 puiſſe

565 5520 873 5675 bleſſer;
939 5520 993 5675 ou
1073 5520 1166 5675 s’il
1233 5520 1407 5675 veut
1474 5520 1527 5675 en
1607 5520 1941 5675 portant
1995 5520 2101 5675 ſon
2182 5520 2689 5675 eſtramaçon
2756 5520 2863 5675 ſur
2943 5520 3130 5675 nous
3210 5520 3397 5675 nous
3477 5520 3891 5675 prevenir,
3972 5520 4012 5675 en
4118 5520 4172 5675 ce
4252 5520 4519 5675 temps
4599 5520 4653 5675 on
4733 5520 4973 5675 puiſſe

575 5657 687 5825 (en
772 5657 1095 5825 eſvitant
1165 5657 1221 5825 ce
1292 5657 1488 5825 coup
1545 5657 1657 5825 par
1713 5657 1755 5825 le
1854 5657 2191 5825 moindre
2289 5657 2866 5825 mouvement)
2922 5657 2978 5825 le
3020 5657 3259 5825 laiſſer
3315 5657 3554 5825 paſſer
3611 5657 4060 5825 pardevant
4116 5657 4384 5825 noſtre
4454 5657 4707 5825 corps,
4763 5657 4946 5825 ſelon

566 5799 1103 5947 l’inſtruion
1200 5799 1255 5947 du
1434 5799 1448 5947 X
1558 5799 1558 5947 &
1682 5799 1695 5947 X
1792 5799 2109 5947 Tableau
2191 5799 2577 5947 auxquels
2632 5799 2825 5947 nous
2893 5799 3238 5947 croyons
3293 5799 3678 5947 (comme
3733 5799 3926 5947 auſsi
3967 5799 4105 5947 aux
4160 5799 4463 5947 autres)
4518 5799 4725 5947 avoir
4780 5799 4973 5947 ſatiſ-

568 5939 754 6102 fai
793 5939 807 6102 à
873 5939 1045 6102 tout
1112 5939 1165 6102 ce
1244 5939 1351 6102 qui
1417 5939 1496 6102 eſt
1563 5939 1987 6102 neceſſaire
2040 5939 2239 6102 pour
2306 5939 2717 6102 expliquer
2770 5939 3035 6102 noſtre
3088 5939 3553 6102 intention:
3619 5939 3712 6102 car
3778 5939 4044 6102 quand
4110 5939 4163 6102 on
4256 5939 4428 6102 aura
4508 5939 4654 6102 bien
4760 5939 4972 6102 com-

572 6078 708 6250 pris
789 6078 1320 6250 l’inſtruion
1429 6078 1742 6250 donnée
1824 6078 1933 6250 par
2001 6078 2096 6250 les
2164 6078 2573 6250 exemples
2668 6078 2709 6250 du
2818 6078 3158 6250 premier
3240 6078 3485 6250 livre,
3580 6078 3757 6250 ceſte
3839 6078 4193 6250 ſeconde
4261 6078 4506 6250 partie
4574 6078 4982 6250 (comme

590 6223 831 6393 eſtant
887 6223 1029 6393 une
1086 6223 1512 6393 pourſuite
1582 6223 1639 6393 de
1682 6223 1724 6393 la
1795 6223 2249 6393 premiere)
2292 6223 2433 6393 ſera
2490 6223 2675 6393 aſſez
2731 6223 2987 6393 facile.
