5479 7714
3301 6128 3759 6252 LEXANDRE
3829 6128 4346 6252 pourſuivant
4393 6128 4440 6252 la
4487 6128 4933 6252 preceden-

3278 6252 3335 6375 te
3425 6252 3899 6375 operation,
4024 6252 4295 6375 marche
4396 6252 4441 6375 en
4543 6252 4758 6375 avant
4848 6252 4904 6375 du

3275 6377 3447 6500 pied
3545 6377 3852 6500 droi,
3925 6377 4318 6500 avançant
4404 6377 4797 6500 enſemble
4871 6377 4920 6500 le

3288 6501 3554 6629 corps,
3627 6501 3663 6629 il
3723 6501 3941 6629 pauſe
4014 6501 4074 6629 un
4159 6501 4280 6629 peu
4365 6501 4582 6629 avant
4667 6501 4800 6629 que
4860 6501 4921 6629 le

2822 6622 3054 6749 laiſſer
3127 6622 3444 6749 tomber
3505 6622 3676 6749 hors
3750 6622 3847 6749 ſon
3945 6622 4226 6749 poids,
4299 6622 4421 6749 afin
4519 6622 4580 6749 de
4690 6622 4922 6749 mieux

2818 6750 3179 6885 prevenir
3253 6750 3353 6885 ſon
3490 6750 3876 6885 Contraire
3950 6750 4037 6885 s’il
4112 6750 4498 6885 attentoit
4585 6750 4921 6885 quelque

4684 6880 4935 6979 choſe;

613 4708 855 4829 Zacharie
915 4708 952 4829 ſe
1036 4708 1109 4829 met
1169 4708 1205 4829 en
1278 4708 1580 4829 poſture,
1652 4708 1761 4829 avec
1810 4708 2003 4829 l’eſpee
2100 4708 2112 4829 &
2184 4708 2208 4829 le
2257 4708 2559 4829 poignard,
2680 4708 2680 4829 &

740 4832 1029 4951 Alexandre
1096 4832 1286 4951 venant
1341 4832 1631 4951 travailler
1698 4832 1709 4951 à
1764 4832 2065 4951 l’encontre
2132 4832 2243 4951 avec
2310 4832 2500 4951 l’eſpee
2555 4832 2678 4951 ſeule

692 4955 726 5076 il
759 4955 826 5076 l’a
893 4955 971 5076 met
1038 4955 1138 5076 d’un
1205 4955 1317 5076 bras
1361 4955 1562 5076 eſtendu
1618 4955 1662 5076 en
1729 4955 1874 5076 angle
1919 4955 2075 5076 obtus,
2142 4955 2286 5076 apres
2331 4955 2521 5076 l’avoir
2587 4955 2677 5076 pre-

708 5085 994 5198 mierement
1045 5085 1259 5198 eſlevée.

1059 5260 1452 5382 ACHARIE
1523 5260 1821 5382 s’eſtant
1916 5260 2023 5382 mis
2095 5260 2142 5382 en
2237 5260 2583 5382 poſture,
2630 5260 2678 5382 le

1034 5389 1206 5509 pied
1280 5389 1464 5509 droit
1513 5389 1759 5509 planté
1808 5389 1906 5509 ſur
1955 5389 2004 5509 le
2090 5389 2496 5509 Diametre,
2533 5389 2692 5509 tou-

1047 5510 1265 5635 chant
1337 5510 1446 5635 des
1530 5510 1784 5635 orteils
1845 5510 1893 5635 la
2002 5510 2606 5635 Circonference
2666 5510 2678 5635 à

1024 5636 1061 5759 la
1136 5636 1370 5759 lettre
1482 5636 1531 5759 X.
1605 5636 1655 5759 le
1741 5636 2025 5759 gauche
2112 5636 2347 5759 eſtant
2421 5636 2483 5759 un
2569 5636 2680 5759 pas

593 5762 641 5884 en
714 5762 1027 5884 arriere,
1100 5762 1522 5884 reſpõdant
1570 5762 1582 5884 à
1631 5762 1981 5884 l’opoſite
2053 5762 2113 5884 de
2162 5762 2210 5884 la
2270 5762 2536 5884 pointe
2608 5762 2656 5884 du

639 5884 1000 6006 Quadrat;
1142 5884 1194 6006 Le
1259 5884 1426 6006 bras
1504 5884 1736 6006 droi
1827 5884 2098 6006 courbé
2227 5884 2240 6006 &
2305 5884 2537 6006 join
2614 5884 2666 6006 au

589 6010 811 6135 coſté,
884 6010 1155 6135 tenant
1216 6010 1266 6135 la
1364 6010 1499 6135 main
1647 6010 1647 6135 &
1708 6010 1757 6135 la
1844 6010 2053 6135 garde
2139 6010 2200 6135 de
2274 6010 2532 6135 l’eſpée
2594 6010 2655 6135 un

576 6132 700 6261 peu
787 6132 837 6261 en
912 6132 1161 6261 avant,
1210 6132 1260 6261 le
1310 6132 1472 6261 bras
1584 6132 1596 6261 &
1646 6132 1696 6261 le
1758 6132 2131 6261 poignard
2194 6132 2592 6261 eſtandus,
2642 6132 2679 6261 la

581 6258 839 6382 pointe
909 6258 1225 6382 d’iceluy
1319 6258 1706 6382 montante
1788 6258 1929 6382 miſe
1975 6258 2034 6382 au
2128 6258 2386 6382 devant
2456 6258 2503 6382 du
2597 6258 2679 6382 vi-

576 6385 789 6506 ſage;
864 6385 901 6506 il
964 6385 1226 6506 attend
1302 6385 1477 6506 ainſi
1539 6385 1577 6506 ſa
1664 6385 1939 6506 partie.
2052 6385 2690 6506 ALEXANDRE

582 6503 785 6622 vient
856 6503 1238 6622 travailler
1297 6503 1309 6622 à
1369 6503 1810 6622 l’encontre
1881 6503 2060 6622 avec
2120 6503 2394 6622 l’eſpee
2441 6503 2680 6622 ſeule,

576 6630 804 6758 ayant
893 6630 994 6758 mis
1032 6630 1083 6758 le
1134 6630 1311 6758 pied
1375 6630 1603 6758 droi
1666 6630 1730 6758 un
1806 6630 1920 6758 peu
2021 6630 2275 6758 devant
2338 6630 2402 6758 le
2516 6630 2681 6758 Qua-

607 6754 742 6907 drat
823 6754 877 6907 du
1011 6754 1308 6907 Cercle,
1376 6754 1430 6907 en
1524 6754 1821 6907 entrant
1902 6754 1955 6907 du
2050 6754 2225 6907 pied
2306 6754 2589 6907 gauche
2657 6754 2684 6907 il

3548 5182 3860 5354 Cercle
4083 5182 4350 5354 N.2.

2858 5433 3149 5570 Alexandre
3214 5433 3560 5570 pourſuivant
3635 5433 3830 5570 marche
3905 5433 3938 5570 du
4003 5433 4111 5570 pied
4165 5433 4316 5570 droit
4359 5433 4391 5570 en
4445 5433 4607 5570 avant
4651 5433 4921 5570 (avaçant

2937 5559 3311 5692 pareillement
3356 5559 3390 5692 le
3424 5559 3617 5692 corps)
3662 5559 3843 5692 lequel
3889 5559 3911 5692 il
3968 5559 4138 5692 plante
4194 5559 4228 5692 au
4296 5559 4387 5692 dela
4455 5559 4489 5692 du
4579 5559 4919 5692 Diametre,

2936 5682 3038 5819 puis
3094 5682 3117 5819 il
3185 5682 3264 5819 met
3321 5682 3378 5819 ſon
3446 5682 3571 5819 eſpee
3639 5682 3673 5819 en
3730 5682 3866 5819 ſorte
3922 5682 4093 5819 qu’elle
4138 5682 4455 5819 correſpond
4501 5682 4637 5819 entre
4682 5682 4739 5819 les
4796 5682 4921 5819 deux

2948 5808 3115 5944 armes
3181 5808 3215 5944 de
3270 5808 3315 5944 ſa
3370 5808 3604 5944 partie,
3692 5808 3837 5944 apres
3903 5808 4026 5944 avoir
4092 5808 4281 5944 penché
4326 5808 4359 5944 le
4403 5808 4548 5944 corps
4603 5808 4670 5944 ſur
4737 5808 4759 5944 le
4825 5808 4936 5944 pied

2950 5948 3122 6033 droic.

1355 4479 1656 4641 Cercle
1871 4479 2022 4641 N.1

993 1419 1310 1550 DEC
1429 1419 2519 1550 LARATION
2777 1419 3014 1550 DES
3272 1419 4600 1550 OPERATIONS

1144 1589 1257 1695 DV
1426 1589 2019 1695 TABLEAV
2188 1589 2978 1695 TROISIESME
3133 1589 3246 1695 DV
3387 1589 3909 1695 SECOND
4064 1589 4444 1695 LIVRE,

1379 1731 1455 1815 DE
1563 1731 1888 1815 L’ESPEE
1996 1731 2256 1815 SEVLE
2386 1731 2754 1815 CONTRE
2862 1731 3165 1815 L’ESPEE
3273 1731 3338 1815 ET
3457 1731 3533 1815 LE
3641 1731 4161 1815 POIGNARD.

1582 1932 1734 2153 Ous
1810 1932 2132 2153 avons
2246 1932 2550 2153 choiſi
2663 1932 2910 2153 deux
2986 1932 3517 2153 exemples
3631 1932 3688 2153 du
3821 1932 4276 2153 premier
4333 1932 4617 2153 livre,
4693 1932 4940 2153 pour

1499 2133 1868 2286 monſtrer
1947 2133 2263 2286 comme
2342 2133 2435 2286 les
2514 2133 2975 2286 operations
3054 2133 3463 2286 ſpecifiées
3542 2133 3594 2286 en
3687 2133 4003 2286 iceluy,
4082 2133 4425 2286 peuvent
4517 2133 4702 2286 eſtre
4794 2133 4939 2286 em-

1464 2281 1788 2425 ployées
1858 2281 2013 2425 ſans
2084 2281 2225 2425 uſer
2323 2281 2380 2425 de
2450 2281 2690 2425 grand
2774 2281 3324 2425 changement
3422 2281 3690 2425 contre
3761 2281 4014 2425 l’eſpee
4141 2281 4155 2425 &
4211 2281 4254 2425 le
4324 2281 4747 2425 poignard.
4860 2281 4930 2425 La

1465 2421 1861 2561 premiere
1934 2421 2022 2561 eſt
2081 2421 2256 2561 tirée
2359 2421 2403 2561 du
2550 2421 2784 2561 Cercle
2857 2421 2901 2561 8.
2975 2421 3019 2561 du
3121 2421 3444 2561 Tableau
3576 2421 3693 2561 XX
3752 2421 3898 2561 IX.
3986 2421 4030 2561 du
4104 2421 4441 2561 premier
4485 2421 4690 2561 livre,
4763 2421 4822 2561 ou
4895 2421 4939 2561 il

1470 2560 1550 2700 eſt
1630 2560 1991 2700 enſeigné
2071 2560 2391 2700 comme
2485 2560 2912 2700 Alexandre
2979 2560 3153 2700 peut
3233 2560 3527 2700 couvrir
3580 2560 3848 2700 l’eſpee
3928 2560 3981 2700 de
4035 2560 4088 2700 ſa
4141 2560 4382 2700 partie
4435 2560 4596 2700 avec
4662 2560 4783 2700 peu
4863 2560 4930 2700 de

1465 2698 1675 2839 peril;
1727 2698 1780 2839 en
1845 2698 1885 2839 la
1976 2698 2239 2839 meſme
2331 2698 2645 2839 maniere
2737 2698 3170 2839 Alexandre
3223 2698 3406 2839 vous
3459 2698 3550 2839 eſt
3590 2698 3708 2839 icy
3760 2698 4101 2839 propoſé
4180 2698 4574 2839 couvrant
4626 2698 4665 2839 la
4731 2698 4928 2839 lame

617 2836 671 2977 de
725 2836 819 2977 ſon
954 2836 1345 2977 Contraire
1412 2836 1695 2977 encore
1776 2836 2032 2977 qu’elle
2086 2836 2221 2977 ſoit
2275 2836 2517 2977 ſoubs
2558 2836 2598 2977 la
2692 2836 3016 2977 defence
3083 2836 3137 2977 du
3218 2836 3649 2977 poignard:
3690 2836 3730 2977 la
3825 2836 4148 2977 maniere
4229 2836 4566 2977 d’eſviter
4620 2836 4660 2977 le
4755 2836 4943 2977 mou-

593 2974 913 3117 vement
993 2974 1046 3117 du
1126 2974 1525 3117 poignard
1578 2974 1671 3117 eſt
1738 2974 2137 3117 contenue
2191 2974 2324 3117 aux
2430 2974 2710 3117 Cercles
2789 2974 2829 3117 2.
2896 2974 2936 3117 4.
2989 2974 3029 3117 5.
3096 2974 3135 3117 6.
3242 2974 3348 3117 &7.
3415 2974 3468 3117 de
3561 2974 3615 3117 ce
3694 2974 4014 3117 Tableau
4147 2974 4160 3117 &
4240 2974 4493 3117 qu’elle
4573 2974 4919 3117 occaſion

587 3114 1073 3256 l’ouverture
1142 3114 1392 3256 donne
1447 3114 1572 3256 par
1628 3114 1683 3256 ce
1780 3114 2086 3256 moyen.
2169 3114 2238 3256 La
2308 3114 2669 3256 Seconde
2724 3114 2821 3256 eſt
2877 3114 3043 3256 priſe
3127 3114 3182 3256 du
3252 3114 3585 3256 premier
3696 3114 3932 3256 Cercle
4015 3114 4070 3256 du
4167 3114 4473 3256 Tableau
4612 3114 4625 3256 X
4723 3114 4736 3256 X
4792 3114 4945 3256 IV.

612 3251 665 3394 du
785 3251 1052 3394 meſme
1105 3251 1319 3394 livre,
1399 3251 1532 3394 d’ou
1612 3251 1959 3394 procede
1999 3251 2092 3394 les
2159 3251 2612 3394 operations
2679 3251 3279 3394 qu’Alexandre
3333 3251 3519 3394 fai
3573 3251 3639 3394 au
3759 3251 4000 3394 Cercle
4080 3251 4120 3394 8.
4186 3251 4240 3394 de
4306 3251 4360 3394 ce
4440 3251 4813 3394 Tableau,
4866 3251 4920 3394 ou

573 3386 614 3531 il
681 3386 735 3531 ſe
803 3386 978 3531 void
1046 3386 1356 3531 comme
1424 3386 1532 3531 l’on
1626 3386 1815 3531 peut
1869 3386 2409 3531 aſſeurement
2463 3386 2881 3531 rencõtrer
2935 3386 2976 3531 ſa
3043 3386 3313 3531 partie,
3367 3386 3880 3531 nonobſtant
3948 3386 4109 3531 qu’il
4150 3386 4285 3531 ſoit
4339 3386 4784 3531 advantagé
4865 3386 4906 3531 du

588 3528 1020 3673 poignard,
1128 3528 1128 3673 &
1182 3528 1276 3673 les
1371 3528 1654 3673 Cercles
1735 3528 1776 3673 9.
1816 3528 1924 3673 10.
1965 3528 2032 3673 11.
2140 3528 2140 3673 &
2181 3528 2262 3673 12.
2356 3528 2464 3673 qui
2531 3528 3004 3673 enſeignent
3071 3528 3193 3673 par
3247 3528 3449 3673 leurs
3517 3528 4070 3673 particulieres
4137 3528 4610 3673 operations
4664 3528 4704 3673 la
4812 3528 4947 3673 ma-

584 3667 784 3810 niere
864 3667 931 3810 de
984 3667 1171 3810 tenir
1224 3667 1491 3810 l’eſpee
1544 3667 1717 3810 hors
1757 3667 1797 3810 la
1864 3667 2037 3810 priſe
2117 3667 2170 3810 du
2250 3667 2677 3810 poignard,
2757 3667 2757 3810 &
2823 3667 3157 3810 cõment
3223 3667 3277 3810 on
3357 3667 3530 3810 peut
3596 3667 3970 3810 executer
4023 3667 4116 3810 ſon
4210 3667 4396 3810 coup
4449 3667 4556 3810 ſur
4609 3667 4649 3810 le
4743 3667 4943 3810 mou-

603 3803 916 3949 vement
998 3803 1352 3949 d’iceluy,
1406 3803 1488 3949 ne
1556 3803 1719 3949 ſont
1788 3803 2210 3949 adjouſtés
2278 3803 2414 3949 que
2482 3803 2672 3949 pour
2740 3803 2904 3949 plus
2985 3803 3271 3949 grande
3353 3803 3911 3949 cognoiſſance
4006 3803 4115 3949 des
4183 3803 4551 3949 differens
4646 3803 4946 3949 mouve-

631 3941 841 4088 mens.
953 3941 1065 4088 Sur
1121 3941 1289 4088 tout
1345 3941 1373 4088 il
1415 3941 1584 4088 faut
1640 3941 2312 4088 ſoigneuſement
2369 3941 2705 4088 prendre
2775 3941 3027 4088 garde,
3097 3941 3153 4088 de
3209 3941 3406 4088 tenir
3448 3941 3560 4088 ſon
3630 3941 3840 4088 eſpee
3896 3941 4120 4088 libre,
4163 3941 4317 4088 ſans
4387 3941 4639 4088 qu’elle
4695 3941 4933 4088 puiſſe

603 4080 769 4225 eſtre
838 4080 1185 4225 touchée
1268 4080 1323 4225 de
1379 4080 1628 4225 voſtre
1684 4080 1947 4225 partie,
2003 4080 2030 4225 ſi
2100 4080 2155 4225 ce
2224 4080 2391 4225 n’eſt
2474 4080 2626 4225 qu’il
2682 4080 2987 4225 hauſſe,
3042 4080 3292 4225 baiſſe,
3361 4080 3805 4225 deſtourne,
3860 4080 4082 4225 retire
4151 4080 4206 4225 ou
4290 4080 4608 4225 eſtande
4650 4080 4692 4225 le
4747 4080 4941 4225 bras,

638 4221 638 4358 &
689 4221 830 4358 lors
881 4221 1059 4358 vous
1110 4221 1340 4358 aurez
1404 4221 1582 4358 aſſez
1659 4221 2156 4358 d’ouverture
2258 4221 2271 4358 &
2347 4221 2755 4358 d’occaſion
2845 4221 3023 4358 pour
3087 4221 3253 4358 faire
3329 4221 3572 4358 voſtre
3648 4221 3878 4358 coup.

2817 4484 3043 4606 porte
3127 4484 3507 4606 enſemble
3579 4484 3615 4606 la
3722 4484 3865 4606 main
3995 4484 3995 4606 &
4043 4484 4305 4606 l’eſpee
4388 4484 4436 4606 en
4507 4484 4710 4606 haut,
4769 4484 4924 4606 puis

2820 4606 3175 4723 plantant
3237 4606 3286 4723 le
3384 4606 3641 4723 meſme
3690 4606 3862 4723 pied
3911 4606 4009 4723 ſur
4070 4606 4107 4723 la
4181 4606 4450 4723 ſeion
4561 4606 4610 4723 de
4683 4606 4720 4723 la
4818 4606 4941 4723 Cir-

2833 4732 3308 4848 conference
3415 4732 3427 4848 &
3498 4732 3546 4848 du
3665 4732 4033 4848 Diametre
4092 4732 4140 4848 au
4211 4732 4473 4848 poin
4579 4732 4615 4848 C.
4686 4732 4722 4848 il
4805 4732 4924 4848 met

2822 4853 2919 4974 ſon
3029 4853 3235 4974 eſpee
3332 4853 3466 4974 d’un
3563 4853 3733 4974 bras
3818 4853 4121 4974 eſtendu
4218 4853 4267 4974 en
4364 4853 4583 4974 angle
4655 4853 4935 4974 obtus;

2837 4980 3138 5098 comme
3186 4980 3283 5098 les
3343 4980 3632 5098 figures
3692 4980 4174 5098 enſeignent.
