5479 7714
2934 688 3230 823 Alexandre
3288 688 3482 823 voyant
3539 688 3618 823 que
3676 688 3721 823 ſa
3778 688 3949 823 partie
3995 688 4143 823 croiſe
4200 688 4269 823 ſes
4326 688 4497 823 armes
4566 688 4680 823 pour
4725 688 5045 823 ſurprendre

3013 823 3058 948 ſa
3115 823 3250 948 lame
3396 823 3419 948 le
3464 823 3678 948 bleſſer,
3825 823 4118 948 Alexandre
4197 823 4231 948 au
4321 823 4479 948 meſme
4569 823 4885 948 mouvement
4952 823 5054 948 s’a-

3027 948 3203 1070 vance,
3355 948 3496 1070 bleſſe
3578 948 3836 1070 Zacharie
3871 948 4188 1070 (eſtendant
4234 948 4258 1070 le
4305 948 4445 1070 bras)
4504 948 4645 1070 entre
4692 948 4750 1070 les
4809 948 4926 1070 deux
4973 948 5055 1070 ar-

3033 1080 3148 1197 mes;
3221 1080 3315 1197 puis
3357 1080 3388 1197 le
3430 1080 3577 1197 perce
3629 1080 3661 1197 au
3713 1080 3943 1197 travers
3995 1080 4027 1197 du
4079 1080 4246 1197 corps.

3397 1271 3397 1401 E
3486 1271 3729 1401 Cercle
3805 1271 3933 1401 tire
3997 1271 4099 1401 ſon
4201 1271 4495 1401 origine
4559 1271 4623 1401 de
4674 1271 4712 1401 la
4776 1271 5044 1401 prece-

3380 1398 3598 1522 dente
3695 1398 4083 1522 operation
4204 1398 4253 1522 du
4410 1398 4640 1522 Cercle
4774 1398 4810 1522 N.
4883 1398 4931 1522 2.
4992 1398 5052 1522 a-

3360 1517 3524 1648 pres
3626 1517 4459 1648 qu’ALEXANDRE
4548 1517 4699 1648 s’eſt
4788 1517 5040 1648 planté

3356 1648 3712 1772 (comme
3775 1648 3800 1772 il
3877 1648 3966 1772 eſt
4029 1648 4334 1772 ſpecifié
4423 1648 4461 1772 en
4550 1648 4842 1772 iceluy,
4943 1648 4943 1772 Z
5007 1648 5045 1772 A-

2916 1770 3247 1896 CHARIE
3306 1770 3838 1896 pourſuivant
3908 1770 3944 1896 la
4038 1770 4310 1896 deſſus,
4416 1770 4700 1896 marche
4782 1770 4830 1896 en
4936 1770 5042 1896 de-

2918 1886 3087 2023 dans
3135 1886 3316 2023 avec
3388 1886 3436 2023 le
3521 1886 3689 2023 pied
3774 1886 4111 2023 gauche,
4232 1886 4557 2023 croiſant
4617 1886 4666 2023 le
4738 1886 4895 2023 bras
5027 1886 5039 2023 &

2896 2015 2992 2148 les
3088 2015 3269 2148 deux
3341 2015 3654 2148 armes,
3750 2015 3943 2148 pour
4015 2015 4196 2148 ſaiſir
4316 2015 4376 2148 de
4448 2015 4545 2148 ſon
4653 2015 5038 2148 poignard

2908 2142 2957 2273 en
3065 2142 3344 2273 dedans
3428 2142 3537 2273 des
3598 2142 3852 2273 armes
3912 2142 4179 2273 l’eſpee
4276 2142 4336 2273 de
4397 2142 4433 2273 ſa
4493 2142 4784 2273 partie,
4917 2142 4917 2273 &
4977 2142 5038 2273 le

2896 2267 3172 2370 bleſſer
3267 2267 3327 2370 de
3387 2267 3435 2370 la
3507 2267 3758 2370 ſienne
3854 2267 3902 2370 en
4009 2267 4285 2370 dehors
4369 2267 4428 2370 de
4500 2267 4536 2370 la
4608 2267 4859 2370 lame.
4979 2267 5039 2370 A-

2902 2411 3425 2530 LEXANDRE
3491 2411 3814 2530 prenant
3880 2411 4102 2530 garde
4169 2411 4225 2530 au
4336 2411 4892 2530 mouvement,
4969 2411 5014 2530 au

2893 2527 3147 2652 temps
3239 2527 3366 2652 que
3424 2527 3528 2652 les
3609 2527 3793 2652 deux
3839 2527 4093 2652 armes
4174 2527 4232 2652 de
4301 2527 4347 2652 ſa
4428 2527 4670 2652 partie
4728 2527 4774 2652 ſe
4855 2527 5040 2652 croi-

2897 2644 3096 2778 ſent,
3145 2644 3431 2778 avance
3493 2644 3542 2778 le
3592 2644 3765 2778 pied
3840 2644 4075 2778 droi
4187 2644 4187 2778 &
4236 2644 4298 2778 le
4360 2644 4608 2778 corps,
4732 2644 4745 2778 &
4807 2644 5042 2778 eſten-

2913 2770 3075 2901 dant
3137 2770 3186 2901 le
3236 2770 3398 2901 bras
3509 2770 3509 2901 &
3559 2770 3832 2901 l’eſpee
3882 2770 3919 2901 il
3969 2770 4205 2901 bleſſe
4267 2770 4466 2901 entre
4528 2770 4628 2901 les
4702 2770 4889 2901 deux
4951 2770 5050 2901 ar-

2929 2903 3056 3032 mes
3114 2903 3449 3032 croiſées
3495 2903 3599 3032 ſon
3703 2903 4096 3032 Contraire
4142 2903 4200 3032 au
4280 2903 4546 3032 viſage;
4592 2903 4766 3032 puis
4812 2903 5043 3032 pour-

2897 3021 3202 3155 ſuivant
3275 3021 3336 3155 du
3422 3021 3593 3155 pied
3666 3021 3947 3155 eſlevé,
4008 3021 4057 3155 le
4142 3021 4496 3155 plantant
4582 3021 4692 3155 par
4777 3021 4911 3155 delà
4985 3021 5033 3155 le

2945 3151 3313 3282 Diametre
3384 3151 3384 3282 à
3455 3151 3491 3282 la
3562 3151 3787 3282 lettre
3906 3151 3941 3282 R,
4013 3151 4428 3282 penchant
4475 3151 4522 3282 le
4594 3151 4807 3282 corps
4854 3151 5032 3282 avec

2898 3274 2948 3407 le
3034 3274 3268 3407 genou
3342 3274 3577 3407 ployé
3663 3274 3935 3407 deſſus,
4009 3274 4305 3407 ſuivant
4379 3274 4428 3407 du
4527 3274 4811 3407 gauche
4860 3274 5045 3407 hors

2910 3399 2970 3523 du
3091 3399 3382 3523 Cercle;
3454 3399 3490 3523 il
3551 3399 3780 3523 perce
3853 3399 3950 3523 ſon
4095 3399 4482 3523 Contraire
4554 3399 4554 3523 à
4627 3399 4929 3523 travers
4989 3399 5026 3523 la

2898 3524 3132 3659 teſte;
3206 3524 3514 3659 comme
3564 3524 3601 3659 la
3662 3524 3909 3659 figure
3995 3524 4340 3659 monſtre.

3647 4088 3966 4286 Cercle
4170 4088 4443 4286 N.5.

2929 4340 3074 4465 Apres
3119 4340 3554 4465 qu’Alexandre
3599 4340 3610 4465 à
3677 4340 3744 4465 mis
3789 4340 3833 4465 ſa
3900 4340 4023 4465 lame
4090 4340 4514 4465 correſpondant
4570 4340 4715 4465 entre
4771 4340 4838 4465 les
4905 4340 5028 4465 deux

3018 4467 3183 4590 armes
3238 4467 3282 4590 de
3336 4467 3380 4590 ſa
3435 4467 3655 4590 partie,
3720 4467 3907 4590 comme
3962 4467 3984 4590 il
4039 4467 4159 4590 void
4214 4467 4302 4590 que
4390 4467 4642 4590 Zacharie
4708 4467 4949 4590 attend,
5004 4467 5037 4590 il

3005 4593 3253 4722 pourſuit
3324 4593 3548 4722 dreſſant
3607 4593 3643 4722 ſa
3702 4593 3879 4722 pointe
3938 4593 3985 4722 au
4044 4593 4221 4722 viſage
4280 4593 4540 4722 d’iceluy,
4611 4593 4682 4722 qui
4729 4593 4764 4722 la
4812 4593 5024 4722 voulant

3010 4722 3161 4852 parer
3208 4722 3278 4852 luy
3336 4722 3475 4852 donne
3522 4722 3731 4852 occaſion
3801 4722 3835 4852 de
3894 4722 4068 4852 mettre
4114 4722 4184 4852 ſon
4242 4722 4382 4852 eſpee
4440 4722 4579 4852 ſoubs
4614 4722 4672 4852 ſon
4730 4722 5021 4852 poignard,

3064 4843 3064 4968 &
3138 4843 3162 4968 de
3224 4843 3249 4968 le
3298 4843 3507 4968 bleſſer,
3556 4843 3666 4968 puis
3716 4843 4097 4968 d’augmenter
4146 4843 4207 4968 ſon
4269 4843 4404 4968 coup.

3380 5033 3747 5163 Eſtuy-cy
3812 5033 3943 5163 tire
4009 5033 4179 5163 auſſi
4244 5033 4349 5163 ſon
4441 5033 4729 5163 origine
4820 5033 4873 5163 de
4925 5033 5043 5163 l’o-

3350 5164 3704 5286 peration
3789 5164 3838 5286 du
3947 5164 4191 5286 Cercle
4301 5164 4337 5286 N.
4386 5164 4435 5286 2.
4495 5164 4544 5286 ou
4654 5164 5044 5286 ALEXAN-

3379 5286 3525 5418 DRE
3586 5286 3806 5418 apres
3854 5286 4062 5418 avoir
4110 5286 4366 5418 planté
4415 5286 4476 5418 le
4525 5286 4732 5418 pied,
4830 5286 4830 5418 &
4927 5286 5025 5418 mis

3346 5413 3393 5537 ſa
3439 5413 3626 5537 lame
3697 5413 4328 5537 correſpondant
4409 5413 4608 5537 entre
4667 5413 4760 5537 les
4842 5413 5029 5537 deux

2891 5535 3139 5671 armes
3225 5535 3287 5671 de
3337 5535 3387 5671 ſa
3449 5535 3697 5671 partie
3771 5535 3883 5671 qui
3945 5535 4317 5671 l’attend,
4379 5535 4491 5671 ſur
4540 5535 5024 5671 l’eſperance

2905 5662 3069 5793 qu’il
3120 5662 3120 5793 à
3208 5662 3271 5793 de
3309 5662 3360 5793 la
3423 5662 3625 5793 parer
3701 5662 3764 5793 de
3814 5662 3915 5793 ſon
3991 5662 4408 5793 poignard,
4496 5662 5039 5793 ALEXANDRE

2927 5789 3203 5917 marche
3263 5789 3311 5917 en
3407 5789 3683 5917 dedans
3743 5789 3911 5917 avec
3959 5789 4019 5917 le
4079 5789 4247 5917 pied
4319 5789 4547 5917 droi
4595 5789 4715 5917 par
4775 5789 4919 5917 dela
4967 5789 5027 5917 le

2942 5916 3310 6041 Diametre
3372 5916 3384 6041 à
3445 5916 3495 6041 la
3544 5916 3777 6041 lettre
3900 5916 3949 6041 M,
4023 5916 4415 6041 avançant
4465 5916 4514 6041 le
4563 5916 4735 6041 bras
4845 5916 4845 6041 &
4894 5916 5042 6041 l’eſ-

2891 6042 3020 6170 pee
3090 6042 3137 6170 en
3219 6042 3406 6170 haut
3477 6042 3676 6170 entre
3746 6042 3851 6170 les
3933 6042 4121 6170 deux
4179 6042 4484 6170 armes,
4577 6042 4894 6170 dreſſant
4964 6042 5011 6170 la

2891 6169 3162 6296 pointe
3232 6169 3514 6296 d’icelle
3585 6169 3702 6296 par
3773 6169 3914 6296 une
3996 6169 4608 6296 circonference
4690 6169 5031 6296 douteu-

2895 6296 2944 6424 ſe
3018 6296 3079 6424 au
3178 6296 3411 6424 viſage
3497 6296 3559 6424 de
3632 6296 3669 6424 ſa
3743 6296 4038 6424 partie,
4124 6296 4247 6424 qui
4308 6296 4345 6424 la
4419 6296 4591 6424 veut
4665 6296 4874 6424 parer
4947 6296 4997 6424 en

2894 6424 3063 6522 bas:
3130 6424 3187 6522 au
3288 6424 3547 6522 meſme
3637 6424 4155 6522 mouvement
4211 6424 4245 6522 il
4324 6424 4695 6522 continue
4751 6424 4785 6522 la
4909 6424 5033 6522 Cir-

2895 6549 3382 6676 conference
3473 6549 4188 6676 encommencée,
4347 6549 4347 6676 &
4460 6549 4653 6676 mene
4710 6549 4744 6676 ſa
4823 6549 5016 6676 lame

2904 6674 3276 6803 deſſoubs
3340 6674 3391 6803 le
3468 6674 3622 6803 bras
3750 6674 3750 6803 &
3814 6674 3866 6803 le
3943 6674 4366 6803 poignard,
4430 6674 4596 6803 puis
4648 6674 5032 6803 traiſnant

2900 6800 2950 6929 en
3038 6800 3225 6929 rond
3288 6800 3338 6929 le
3388 6800 3550 6929 pied
3650 6800 3938 6929 gauche
4025 6800 4350 6929 derriere
4400 6800 4450 6929 le
4500 6800 4800 6929 planté,
4863 6800 4900 6929 il
4975 6800 5025 6929 a-

2894 6928 3129 7071 vance
3179 6928 3228 7071 le
3302 6928 3513 7071 corps
3587 6928 3860 7071 deſſus,
3971 6928 3971 7071 &
4045 6928 4095 7071 en
4157 6928 4219 7071 le
4281 6928 4801 7071 deſtournant
4850 6928 5024 7071 hors

4961 7068 5025 7154 de

639 376 912 499 choſe;
1007 376 1162 499 mais
1233 376 1530 499 comme
1577 376 1625 499 il
1672 376 2088 499 remarque
2183 376 2337 499 qu’il
2385 376 2694 499 attend,
2729 376 2765 499 il

625 490 892 630 plante
953 490 1014 630 le
1086 490 1268 630 pied
1353 490 1584 630 eſlevé
1657 490 1705 630 au
1827 490 1960 630 dela
2045 490 2094 630 du
2239 490 2603 630 Diametre
2676 490 2749 630 un

624 620 746 761 peu
845 620 1090 761 oultre
1164 620 1226 761 le
1287 620 1557 761 poin
1680 620 1730 761 G,
1828 620 2209 761 tournant
2270 620 2282 761 à
2356 620 2602 761 l’ayde
2688 620 2737 761 du

654 743 1165 875 mouvement
1233 743 1290 875 du
1358 743 1517 875 bras
1574 743 1608 875 la
1676 743 1982 875 paulme
2062 743 2119 875 de
2175 743 2221 875 la
2312 743 2459 875 main
2539 743 2584 875 en
2675 743 2777 875 de-

648 867 853 1008 dans,
913 867 1190 1008 tenant
1238 867 1274 1008 la
1347 867 1612 1008 pointe
1696 867 1756 1008 de
1804 867 1913 1008 ſon
2009 867 2226 1008 eſpée
2274 867 2780 1008 adſcenden-

630 999 719 1129 te;
783 999 949 1129 puis
1013 999 1039 1129 il
1077 999 1281 1129 laiſſe
1332 999 1575 1129 ſuivre
1626 999 1677 1129 le
1741 999 1907 1129 pied
1984 999 2277 1129 gauche
2329 999 2380 1129 le
2444 999 2635 1129 long
2699 999 2763 1129 de

620 1129 656 1244 la
778 1129 1376 1244 Circonference
1461 1129 1669 1244 entre
1778 1129 1790 1244 C
1888 1129 1949 1244 D,
2095 1129 2095 1244 &
2169 1129 2583 1244 penchant
2656 1129 2766 1244 en-

621 1242 911 1383 ſemble
987 1242 1037 1383 le
1126 1242 1340 1383 corps
1416 1242 1517 1383 ſur
1580 1242 1630 1383 le
1718 1242 1895 1383 pied
1958 1242 2261 1383 planté,
2336 1242 2374 1383 il
2462 1242 2588 1383 met
2651 1242 2752 1383 ſon

635 1366 878 1507 eſpée.
939 1366 987 1507 en
1072 1366 1266 1507 ſorte
1351 1366 1606 1507 quelle
1679 1366 2019 1507 reſpond
2104 1366 2310 1507 entre
2383 1366 2480 1507 les
2589 1366 2771 1507 deux

617 1503 869 1623 armes
965 1503 1024 1623 de
1108 1503 1216 1623 ſon
1336 1503 1803 1623 Contraire;
1922 1503 2222 1623 comme
2306 1503 2401 1623 les
2473 1503 2761 1623 figures

642 1625 1105 1720 monſtrent.

644 1996 890 2114 Zacharie
933 1996 1297 2114 remarquant
1362 1996 1447 2114 que
1501 1996 1533 2114 le
1597 1996 1919 2114 mouvement
1972 1996 2005 2114 de
2069 1996 2101 2114 ſa
2165 1996 2347 2114 partie
2401 1996 2455 2114 eſt
2519 1996 2765 2114 continu,

751 2125 821 2240 met
867 2125 924 2240 ſon
982 2125 1121 2240 eſpee
1167 2125 1201 2240 en
1271 2125 1421 2240 droite
1467 2125 1594 2240 ligne
1663 2125 1847 2240 devant
1894 2125 1928 2240 le
1974 2125 2147 2240 viſage
2205 2125 2447 2240 d’iceluy.
2551 2125 2771 2240 Alexan-

748 2252 804 2367 dre
872 2252 1153 2367 rencontre
1220 2252 1254 2367 de
1310 2252 1355 2367 ſa
1412 2252 1580 2367 pointe
1636 2252 1828 2367 l’eſpee
1895 2252 1929 2367 de
1985 2252 2053 2367 ſon
2120 2252 2424 2367 Contraire,
2480 2252 2761 2367 graduant

727 2379 784 2491 les
853 2379 1025 2491 eſpees
1083 2379 1117 2491 en
1197 2379 1347 2491 droite
1427 2379 1553 2491 ligne
1622 2379 1645 2491 il
1702 2379 1725 2491 ſe
1806 2379 1886 2491 met
1955 2379 2070 2491 dans
2127 2379 2345 2491 l’angle
2402 2379 2632 2491 ouvert,

732 2500 871 2621 bleſſe
935 2500 973 2621 ſa
1036 2500 1214 2621 partie
1265 2500 1277 2621 à
1341 2500 1556 2621 travers
1607 2500 1645 2621 la
1696 2500 1873 2621 teſte,
1924 2500 2051 2621 ſans
2102 2500 2229 2621 qu’il
2279 2500 2431 2621 puiſſe
2495 2500 2647 2621 parer
2723 2500 2761 2621 du

730 2631 1023 2742 poignard.

1104 2794 1116 2913 E
1226 2794 1469 2913 Cercle
1542 2794 1786 2913 prend
1847 2794 1944 2913 ſon
2041 2794 2334 2913 origine
2419 2794 2480 2913 du
2565 2794 2760 2913 com-

1100 2919 1605 3039 mencement
1674 2919 1731 3039 de
1789 2919 2248 3039 l’operation
2351 2919 2409 3039 du
2512 2919 2753 3039 Cercle

1074 3046 1571 3159 precedent,
1659 3046 1703 3159 ou
1836 3046 2421 3159 ALEXANDRE
2498 3046 2565 3159 va
2653 3046 2752 3159 en-

1073 3169 1219 3284 trer
1287 3169 1343 3284 du
1422 3169 1591 3284 pied
1670 3169 1850 3284 droit
1918 3169 2098 3284 avec
2166 3169 2752 3284 l’avancement

625 3293 673 3410 du
757 3293 924 3410 bras
1044 3293 1044 3410 &
1140 3293 1200 3410 de
1248 3293 1559 3410 l’eſpée.
1702 3293 2157 3410 ZACHARIE
2229 3293 2755 3410 remarquant

619 3419 742 3539 que
831 3419 898 3539 ce
1010 3419 1525 3539 mouvement
1614 3419 1704 3539 eſt
1782 3419 2174 3539 continu,
2297 3419 2588 3539 marche
2677 3419 2733 3539 du

595 3545 776 3663 pied
861 3545 1043 3663 droit
1127 3545 1176 3663 en
1273 3545 1563 3663 dedans
1636 3545 1744 3663 ſur
1793 3545 1841 3663 le
1938 3545 2313 3663 Diametre
2362 3545 2362 3663 à
2422 3545 2458 3663 la
2519 3545 2749 3663 lettre

638 3675 686 3789 V,
781 3675 1176 3789 avançant
1247 3675 1809 3789 pareillement
1880 3675 1928 3789 le
2012 3675 2287 3789 corps,
2358 3675 2633 3789 tenant
2705 3675 2752 3789 le

599 3799 767 3919 bras
815 3799 1127 3919 avancé,
1235 3799 1247 3919 &
1295 3799 1572 3919 l’eſpee
1632 3799 1680 3919 en
1776 3799 2016 3919 droite
2064 3799 2268 3919 ligne
2328 3799 2377 3919 au
2473 3799 2749 3919 devant

593 3926 701 4048 ſon
796 3926 1095 4048 viſage:
1191 3926 1346 4048 mais
1454 3926 2039 4048 ALEXANDRE
2111 3926 2326 4048 avant
2422 3926 2553 4048 que
2613 3926 2756 4048 laiſ-

591 4053 685 4174 ſer
768 4053 1087 4174 tomber
1146 4053 1205 4174 le
1276 4053 1501 4174 corps
1560 4053 1725 4174 hors
1796 4053 1867 4174 de
1926 4053 2032 4174 ſon
2127 4053 2399 4174 poids,
2481 4053 2753 4174 cepen-

616 4176 772 4299 dant
857 4176 1025 4299 qu’il
1073 4176 1290 4299 pauſe
1374 4176 1615 4299 deſſus
1663 4176 1964 4299 l’autre,
2024 4176 2325 4299 comme
2373 4176 2409 4299 la
2482 4176 2747 4299 pointe

614 4304 673 4421 de
755 4304 849 4421 ſon
989 4304 1376 4421 Contraire
1446 4304 1458 4421 à
1540 4304 1727 4421 paſſe
1774 4304 1821 4421 la
1879 4304 2137 4421 ſienne
2195 4304 2383 4421 pour
2465 4304 2746 4421 execu-

598 4430 698 4531 ter
753 4430 853 4531 ſon
952 4430 1373 4531 eſtocade;
1440 4430 1495 4531 au
1595 4430 1850 4531 meſme
1938 4430 2448 4531 mouvement
2503 4430 2536 4531 il
2592 4430 2747 4531 ren-

605 4553 870 4673 contre
954 4553 1014 4673 de
1086 4553 1123 4673 la
1207 4553 1472 4673 pointe
1568 4553 1628 4673 de
1700 4553 1797 4673 ſon
1893 4553 2110 4673 eſpee
2170 4553 2218 4673 la
2290 4553 2483 4673 lame
2567 4553 2628 4673 de
2700 4553 2748 4673 ſa

591 4679 872 4799 partie,
931 4679 1318 4799 avançant
1388 4679 1529 4799 d’un
1623 4679 1880 4799 meſme
1939 4679 2197 4799 temps
2244 4679 2291 4799 le
2349 4679 2525 4799 pied
2584 4679 2748 4799 eſle-

601 4806 716 4924 vé,
843 4806 855 4924 &
912 4806 1224 4924 ſuivant
1304 4806 1362 4924 du
1454 4806 1674 4924 corps
1731 4806 1904 4924 avec
1962 4806 2020 4924 le
2077 4806 2250 4924 bras
2308 4806 2654 4924 avancé,
2712 4806 2746 4924 il

607 4931 890 5051 gradue
952 4931 1050 5051 les
1112 4931 1345 5051 lames
1419 4931 1469 5051 en
1579 4931 1813 5051 droite
1875 4931 2133 5051 ligne,
2219 4931 2280 5051 de
2330 4931 2527 5051 ſorte
2600 4931 2760 5051 qu’il

597 5060 754 5175 faut
851 5060 971 5175 que
1056 5060 1237 5175 celle
1322 5060 1394 5175 de
1442 5060 1479 5175 ſa
1551 5060 1793 5175 partie
1865 5060 2095 5175 cede;
2167 5060 2324 5175 puis
2397 5060 2759 5175 plantant

594 5186 643 5302 le
704 5186 874 5302 pied
959 5186 1178 5302 eſlevé
1251 5186 1300 5302 au
1409 5186 1543 5302 delà
1616 5186 1665 5302 du
1774 5186 2151 5302 Diametre
2224 5186 2467 5302 oultre
2516 5186 2552 5302 la
2613 5186 2747 5302 let-

600 5308 697 5429 tre
794 5308 842 5429 I,
939 5308 1229 5429 laiſſant
1314 5308 1798 5429 tresbucher
1858 5308 1907 5429 le
2003 5308 2270 5429 centre
2366 5308 2415 5429 du
2524 5308 2741 5429 corps

622 5432 908 5556 deſſus,
995 5432 1317 5556 (tenant
1367 5432 1417 5556 le
1491 5432 1715 5556 genou
1789 5432 2087 5556 ployé)
2149 5432 2186 5556 il
2236 5432 2298 5556 le
2397 5432 2509 5556 met
2583 5432 2745 5556 dans

595 5562 865 5685 l’angle
951 5562 1283 5685 ouvert,
1406 5562 1418 5685 &
1480 5562 1664 5685 avec
1713 5562 1861 5685 une
1922 5562 2107 5685 ſuite
2193 5562 2242 5685 du
2340 5562 2512 5685 pied
2586 5562 2746 5685 gau-

610 5689 782 5807 che,
844 5689 881 5807 il
955 5689 1189 5807 bleſſe
1251 5689 1300 5807 ſa
1374 5689 1609 5807 partie
1695 5689 1905 5807 d’une
1967 5689 2324 5807 eſtocade
2386 5689 2386 5807 à
2448 5689 2744 5807 travers

596 5811 633 5935 la
707 5811 943 5935 teſte,
1005 5811 1167 5935 ſans
1229 5811 1390 5935 qu’il
1453 5811 1689 5935 puiſſe
1751 5811 1937 5935 faire
1999 5811 2310 5935 aucune
2396 5811 2744 5935 deffence

610 5943 682 6065 de
729 5943 837 6065 ſon
908 5943 1349 6065 poignard;
1409 5943 1707 6065 pource
1778 5943 1910 6065 que
1969 5943 2076 6065 par
2136 5943 2744 6065 l’avancement

610 6067 683 6188 de
756 6067 853 6188 ſon
950 6067 1314 6188 eſtocade
1387 6067 1545 6188 qu’il
1593 6067 1593 6188 à
1654 6067 1884 6188 tirée,
1933 6067 1969 6188 il
2042 6067 2042 6188 a
2115 6067 2333 6188 porté
2406 6067 2455 6188 en
2528 6067 2746 6188 avant

601 6193 651 6310 le
727 6193 915 6310 coſté
990 6193 1253 6310 droi,
1353 6193 1416 6310 de
1504 6193 1817 6310 maniere
1905 6193 2068 6310 qu’il
2131 6193 2131 6310 a
2206 6193 2357 6310 fallu
2444 6193 2557 6310 par
2607 6193 2745 6310 for-

620 6319 721 6443 ce,
810 6319 938 6443 que
1001 6319 1052 6443 le
1141 6319 1446 6443 gauche
1484 6319 1548 6443 le
1599 6319 1764 6443 bras
1866 6319 1878 6443 &
1916 6319 1967 6443 le
2031 6319 2743 6443 poignardſoyent

621 6441 1047 6559 demeuréz
1128 6441 1508 6559 derriere;
1612 6441 1911 6559 comme
1969 6441 2003 6559 il
2049 6441 2096 6559 ſe
2165 6441 2337 6559 peut
2395 6441 2545 6559 voir
2602 6441 2741 6559 aux

609 6570 935 6688 figures.

3686 443 3983 612 Cercle
4175 443 4430 612 N.4.

1371 1754 1691 1933 Cercle
1920 1754 2148 1933 N.3.
