5479 7714
3538 4232 3851 4388 Cercle
4060 4232 4310 4388 N.9.

1308 2912 1614 3101 Cercle
1855 2912 2096 3101 N.7.

596 3110 849 3249 Zacharie
918 3110 1125 3249 voulant
1171 3110 1205 3249 en
1251 3110 1286 3249 ce
1355 3110 1516 3249 Cercle
1562 3110 1712 3249 parer
1769 3110 1804 3249 de
1850 3110 1907 3249 ſon
1976 3110 2241 3249 poignard
2310 3110 2482 3249 l’eſpee
2551 3110 2586 3249 de
2643 3110 2678 3249 ſa

684 3240 858 3377 partie
910 3240 951 3377 en
1013 3240 1178 3377 debors
1260 3240 1291 3377 du
1342 3240 1497 3377 bras,
1620 3240 1908 3377 Alexandre
1970 3240 2011 3377 au
2104 3240 2413 3377 mouvement
2474 3240 2680 3377 l’eſvite

677 3366 711 3492 en
778 3366 981 3492 faiſant
1037 3366 1127 3492 une
1183 3366 1577 3492 Circonference
1633 3366 1656 3492 de
1701 3366 1746 3492 ſa
1791 3366 2016 3492 lame:
2117 3366 2117 3492 &
2173 3366 2353 3492 comme
2432 3366 2680 3492 Zacharie

680 3498 914 3610 pourſuit
970 3498 1082 3610 avec
1115 3498 1183 3610 ſon
1227 3498 1496 3610 poignard
1540 3498 1652 3610 ſans
1686 3498 1887 3610 remuer
1931 3498 1987 3610 ſon
2043 3498 2222 3610 eſpee,
2323 3498 2613 3610 Alexandre
2658 3498 2691 3610 le

675 3610 868 3737 frappe
924 3610 1015 3737 d’un
1071 3610 1388 3737 eſtramaçon
1444 3610 1490 3737 au
1557 3610 1772 3737 derriere
1829 3610 1863 3737 de
1908 3610 1942 3737 la
1998 3610 2202 3737 teſte.

1048 3741 1061 3879 E
1150 3741 1391 3879 Cercle
1442 3741 1568 3879 tire
1632 3741 1797 3879 auſſi
1835 3741 1936 3879 ſon
2012 3741 2304 3879 origine
2380 3741 2431 3879 du
2545 3741 2685 3879 Cer-

1029 3869 1112 4001 cle
1171 3869 1548 4001 precedẽt
1666 3869 1690 4001 N.
1737 3869 1772 4001 2.
1867 3869 2397 4001 ALEXANDRE
2456 3869 2680 4001 ayant

1013 3992 1447 4120 parachevé
1493 3992 1596 4120 ſon
1676 3992 2065 4120 operation
2157 3992 2454 4120 comme
2512 3992 2546 4120 il
2603 3992 2683 4120 eſt

1021 4121 1341 4244 contenu
1440 4121 1484 4244 en
1572 4121 1870 4244 iceluy,
2014 4121 2532 4244 ZACHARIE
2610 4121 2654 4244 en

570 4239 979 4361 ceſtuy-cy
1060 4239 1364 4361 entrant
1422 4239 1574 4361 fort
1632 4239 1795 4361 viſte
1865 4239 1923 4361 du
1993 4239 2168 4361 pied
2250 4239 2577 4361 gauche.
2635 4239 2693 4361 a-

573 4350 894 4487 vançant
942 4350 1001 4487 le
1073 4350 1335 4487 corps,
1406 4350 1597 4487 tient
1644 4350 1692 4487 le
1751 4350 1918 4487 bras
1978 4350 2263 4487 gauche
2335 4350 2680 4487 eſtendu,

561 4475 760 4609 pour
819 4475 1006 4609 ſaiſir
1076 4475 1135 4609 de
1205 4475 1311 4609 ſon
1381 4475 1767 4609 poignard
1849 4475 1896 4609 en
2013 4475 2283 4609 dehors
2376 4475 2423 4609 du
2517 4475 2681 4609 bras

561 4602 832 4730 l’eſpee
927 4602 986 4730 de
1068 4602 1103 4730 ſa
1198 4602 1480 4730 partie.
1622 4602 2175 4730 ALEXANDRE
2246 4602 2305 4730 au
2435 4602 2682 4730 meſme

601 4721 1110 4853 mouvement
1170 4721 1478 4853 eſquive
1537 4721 1714 4853 avec
1762 4721 1856 4853 ſon
1939 4721 2188 4853 eſpee,
2247 4721 2520 4853 faiſant
2591 4721 2697 4853 d’i-

577 4843 749 4971 celle
841 4843 978 4971 une
1058 4843 1654 4971 circonference
1745 4843 2307 4971 horizontale,
2387 4843 2444 4971 ſe
2513 4843 2696 4971 pen-

578 4967 799 5102 chant
846 4967 858 5102 à
927 4967 1242 5102 gauche,
1277 4967 1614 5102 trainant
1672 4967 2219 5102 pareillement
2277 4967 2324 5102 en
2405 4967 2591 5102 rond
2638 4967 2685 5102 le

576 5089 740 5223 pied
810 5089 1103 5223 gauche
1173 5089 1232 5223 un
1314 5089 1431 5223 pas
1513 5089 1829 5223 derriere
1876 5089 1923 5223 le
1981 5089 2262 5223 planté,
2309 5089 2684 5223 tournant

570 5214 617 5345 le
700 5214 914 5345 corps
1009 5214 1271 5345 deſſus.
1414 5214 1854 5345 ZACHARIE
1913 5214 2068 5345 ſans
2127 5214 2424 5345 remuer
2484 5214 2519 5345 ſa
2603 5214 2686 5345 la-

604 5335 677 5466 me
749 5335 1112 5466 pourſuit
1197 5335 1258 5466 de
1330 5335 1427 5466 ſon
1524 5335 1911 5466 poignard
1996 5335 2286 5466 (ayant
2347 5335 2395 5466 le
2480 5335 2685 5466 corps

574 5460 941 5591 penché)
1004 5460 1269 5591 l’eſpée
1358 5460 1421 5591 de
1485 5460 1535 5591 ſa
1611 5460 1889 5591 partie,
1978 5460 2332 5591 plantant
2395 5460 2446 5591 le
2522 5460 2686 5591 pied

588 5581 814 5714 eſlevé
885 5581 1004 5714 par
1100 5581 1231 5714 delà
1302 5581 1350 5714 le
1469 5581 1837 5714 Diametre
1897 5581 1909 5714 à
1956 5581 2004 5714 la
2075 5581 2302 5714 lettre
2385 5581 2444 5714 L:
2540 5581 2682 5714 mais

591 5705 887 5817 comme
953 5705 986 5817 il
1052 5705 1129 5817 eſt
1205 5705 1249 5817 en
1337 5705 1403 5817 ce
1490 5705 2050 5817 mouvement,
2137 5705 2686 5817 ALEXANDRE

575 5830 587 5963 à
635 5830 887 5963 l’ayde
959 5830 1007 5963 du
1103 5830 1607 5963 mouvement
1691 5830 1739 5963 du
1811 5830 2003 5963 bras,
2087 5830 2243 5963 qu’il
2291 5830 2507 5963 porte
2567 5830 2687 5963 par

575 5951 717 6080 une
824 5951 1430 6080 Circonference
1502 5951 1632 6080 d’en
1704 5951 1823 6080 bas
1894 5951 2001 6080 par
2084 5951 2322 6080 deſſus
2369 5951 2405 6080 la
2464 5951 2690 6080 teſte,

588 6075 637 6209 en
758 6075 1073 6209 marchãt
1158 6075 1207 6209 du
1280 6075 1450 6209 pied
1510 6075 1741 6209 droi
1789 6075 1862 6209 un
1935 6075 2056 6209 peu
2129 6075 2177 6209 en
2262 6075 2541 6209 dedans
2590 6075 2687 6209 (&

575 6201 845 6334 faiſant
894 6201 1128 6334 ſuivre
1189 6201 1238 6334 le
1312 6201 1594 6334 gauche
1656 6201 1791 6334 d’un
1865 6201 2098 6334 pareil
2147 6201 2258 6334 pas
2319 6201 2467 6334 tant
2540 6201 2688 6334 qu’il

576 6326 635 6457 ſe
694 6326 967 6457 trouve
1038 6326 1369 6457 derriere
1417 6326 1464 6457 ſa
1511 6326 1819 6457 partie,)
1855 6326 1902 6457 le
1961 6326 2234 6457 frappe
2281 6326 2340 6457 au
2447 6326 2696 6457 meſme

589 6449 841 6585 temps
913 6449 1033 6585 d’un
1129 6449 1597 6585 eſtramaçon
1693 6449 1741 6585 au
1849 6449 2161 6585 derriere
2245 6449 2305 6585 de
2353 6449 2389 6585 la
2461 6449 2677 6585 teſte;

595 6581 891 6709 comme
940 6581 1039 6709 les
1100 6581 1384 6709 figures
1445 6581 1938 6709 enſeignent.

4792 6905 4930 6992 Cer-

581 431 642 562 de
691 431 728 562 la
789 431 1156 562 preſence
1229 431 1290 562 de
1339 431 1388 562 la
1437 431 1705 562 pointe
1779 431 1840 562 de
1889 431 1986 562 ſon
2096 431 2487 562 Contraire
2536 431 2573 562 il
2610 431 2671 562 le

579 566 794 692 bleſſe
869 566 920 692 au
1034 566 1210 692 coſté
1286 566 1627 692 gauche,
1703 566 1867 692 puis
1943 566 2233 692 paſſant
2284 566 2322 692 le
2410 566 2663 692 meſme

566 692 739 816 pied
826 692 1111 816 gauche
1173 692 1284 816 par
1383 692 1705 816 derriere
1767 692 1817 816 le
1904 692 2126 816 droi
2188 692 2436 816 planté
2486 692 2659 816 hors

588 815 637 943 du
759 815 1040 943 Cercle,
1113 815 1516 943 penchant
1553 815 1614 943 le
1675 815 1894 943 corps
1955 815 2187 943 deſſus
2248 815 2297 943 en
2383 815 2663 943 dedans

557 942 606 1071 la
668 942 1371 1071 perpendiculaire
1457 942 1519 1071 de
1568 942 1605 1071 la
1654 942 1852 1071 lame
1913 942 1975 1071 de
2024 942 2061 1071 ſa
2123 942 2394 1071 partie,
2431 942 2456 1071 il
2505 942 2678 1071 aug-

592 1069 827 1186 mente
886 1069 980 1186 ſon
1062 1069 1449 1186 eſtocade;
1507 1069 1801 1186 comme
1848 1069 1895 1186 la
1953 1069 2188 1186 figure
2270 1069 2610 1186 monſtre.

1323 1223 1640 1396 Cercle
1894 1223 2084 1396 é6.

606 1437 889 1556 Alexandre
935 1437 1287 1556 pourſuivant
1343 1437 1468 1556 paſſe
1514 1437 1582 1556 ſon
1639 1437 1866 1556 eſtocade
1934 1437 1979 1556 au
2036 1437 2252 1556 travers
2320 1437 2354 1556 du
2422 1437 2558 1556 corps
2637 1437 2672 1556 de

718 1561 1061 1683 Zacharie.

1051 1699 1131 1813 LE
1211 1699 1611 1813 XANDRE
1691 1699 2205 1813 pourſuivant
2274 1699 2685 1813 prompte-

1051 1823 1227 1941 ment
1271 1823 1722 1941 l’operation
1788 1823 2316 1941 precedente,
2382 1823 2668 1941 marche

1029 1944 1075 2061 en
1178 1944 1465 2061 dedans
1545 1944 1591 2061 du
1694 1944 1866 2061 pied
1946 1944 2198 2061 droit,
2290 1944 2554 2061 tenant
2623 1944 2668 2061 le

1019 2066 1174 2182 bras
1293 2066 1293 2182 &
1365 2066 1627 2182 l’eſpee
1710 2066 2127 2182 eſtendus,
2198 2066 2592 2182 avançant
2627 2066 2687 2182 le

584 2192 835 2306 corps,
870 2192 904 2306 il
961 2192 1385 2306 augmente
1431 2192 1534 2306 ſon
1614 2192 1797 2306 coup
1854 2192 2300 2306 precedent
2381 2192 2426 2306 en
2506 2192 2678 2306 plei-

573 2314 653 2429 ne
699 2314 953 2429 rigeur
1010 2314 1057 2429 au
1149 2314 1437 2429 travers
1506 2314 1563 2429 du
1644 2314 1852 2429 corps
1921 2314 1990 2429 de
2047 2314 2140 2429 ſon
2255 2314 2670 2429 Contraire;

585 2440 883 2554 comme
931 2440 966 2554 il
1014 2440 1276 2554 appert
1324 2440 1443 2554 par
1491 2440 1586 2554 les
1634 2440 1955 2554 figures.

2847 668 3091 813 Zacharie
3128 668 3164 813 ſe
3226 668 3299 813 met
3335 668 3372 813 en
3421 668 3653 813 nouvelle
3689 668 3909 813 poſture,
3946 668 4129 813 l’eſpee
4275 668 4300 813 le
4348 668 4605 813 poignard
4654 668 4690 813 la
4739 668 4898 813 pointe

2922 809 3146 937 eſlevée,
3224 809 3515 937 Alexandre
3571 809 3717 937 apres
3773 809 3930 937 s’eſtre
4008 809 4075 937 mis
4142 809 4322 937 comme
4378 809 4422 937 au
4512 809 4669 937 Cercle
4781 809 4803 937 N.
4859 809 4904 937 1;

2948 932 3129 1060 marche
3175 932 3209 1060 en
3277 932 3458 1060 dedans
3515 932 3549 1060 du
3606 932 3719 1060 pied
3765 932 3912 1060 droit,
3991 932 3991 1060 &
4059 932 4128 1060 met
4173 932 4230 1060 ſon
4275 932 4411 1060 eſpee
4456 932 4593 1060 ſoubs
4638 932 4695 1060 les
4740 932 4899 1060 armes

2940 1060 2964 1189 de
3012 1060 3048 1189 ſa
3096 1060 3348 1189 partie.

3223 1187 3682 1324 QACHARIE
3754 1187 4044 1324 s’eſtant
4140 1187 4237 1324 mis
4321 1187 4369 1324 en
4454 1187 4804 1324 poſture,
4840 1187 4900 1324 le

3266 1324 3430 1449 pied
3506 1324 3682 1449 droit
3720 1324 3946 1449 (avec
3984 1324 4034 1449 le
4110 1324 4336 1449 genou
4399 1324 4676 1449 ployé)
4714 1324 4815 1449 ſur
4852 1324 4903 1449 la

3300 1449 3904 1569 Circonference
3965 1449 3965 1569 à
4039 1449 4076 1569 la
4150 1449 4372 1569 lettre
4495 1449 4557 1569 X,
4618 1449 4668 1569 le
4742 1449 4914 1569 gau-

3266 1569 3386 1691 che
3451 1569 3745 1691 ſuivant
3811 1569 3876 1691 un
3963 1569 4083 1691 pas
4160 1569 4214 1691 en
4280 1569 4585 1691 arriere,
4661 1569 4901 1691 corre-

2814 1687 3207 1820 ſpondant
3245 1687 3258 1820 à
3308 1687 3714 1820 l’oppoſite
3778 1687 3828 1820 du
3955 1687 4297 1820 Quadrat,
4348 1687 4576 1820 ayant
4614 1687 4805 1820 joint
4855 1687 4893 1820 la

2811 1812 3046 1941 partie
3105 1812 3328 1941 haute
3399 1812 3457 1941 du
3528 1812 3692 1941 bras
3739 1812 3751 1941 à
3821 1812 3915 1941 ſon
4009 1812 4197 1941 coſté
4268 1812 4491 1941 droit,
4538 1812 4796 1941 tenant
4855 1812 4902 1941 le

2810 1937 3000 2062 reſte
3060 1937 3381 2062 d’iceluy
3440 1937 3619 2062 avec
3654 1937 3928 2062 l’eſpee
3975 1937 4011 2062 la
4082 1937 4344 2062 pointe
4415 1937 4903 2062 adſcenden-

2812 2056 2871 2184 te
2953 2056 3246 2184 eſtendu
3352 2056 3387 2184 en
3469 2056 3728 2184 avant,
3786 2056 3845 2184 le
3916 2056 4103 2184 coſté
4174 2056 4455 2184 gauche
4585 2056 4585 2184 &
4643 2056 4690 2184 le
4737 2056 4901 2184 bras

2825 2180 3121 2313 gauche
3182 2180 3515 2313 panché,
3565 2180 3738 2313 avec
3812 2180 3861 2313 le
3923 2180 4305 2313 poignard
4367 2180 4416 2313 la
4490 2180 4749 2313 pointe
4799 2180 4922 2313 ad-

2810 2305 3249 2431 ſcendente
3318 2305 3675 2431 preſenté
3756 2305 3802 2431 en
3883 2305 4160 2431 avant;
4217 2305 4252 2431 il
4321 2305 4587 2431 attend
4644 2305 4817 2431 ainſi
4863 2305 4898 2431 ſa

2812 2436 3100 2547 partie.
3233 2436 3798 2547 ALEXANDRE
3875 2436 4152 2547 venant
4219 2436 4606 2547 travailler
4673 2436 4673 2547 à
4750 2436 4917 2547 l’en-

2822 2549 3136 2667 contre,
3214 2549 3494 2667 (apres
3584 2549 3830 2667 s’eſtre
3909 2549 4536 2667 premierement
4637 2549 4738 2667 mis
4839 2549 4895 2667 du

2815 2674 2985 2804 pied
3069 2674 3348 2804 gauche
3409 2674 3506 2804 ſur
3554 2674 3590 2804 la
3687 2674 4317 2804 Circonference,
4390 2674 4608 2804 ayant
4656 2674 4705 2804 le
4753 2674 4911 2804 bras

2876 2795 2888 2926 &
2947 2795 3218 2926 l’eſpee
3300 2795 3665 2926 eſtandus
3747 2795 3794 2926 en
3877 2795 4089 2926 angle
4171 2795 4442 2926 obtus,
4524 2795 4795 2926 tenant
4865 2795 4912 2926 le

2828 2919 3043 3047 corps
3100 2919 3350 3047 roide,
3406 2919 3701 3047 comme
3758 2919 3792 3047 il
3849 2919 3940 3047 eſt
3997 2919 4439 3047 repreſenté
4496 2919 4553 3047 au
4678 2919 4916 3047 Cercle

2878 3043 2914 3166 N.
2961 3043 3043 3166 1.)
3114 3043 3397 3166 marche
3456 3043 3503 3166 en
3597 3043 3880 3166 dedans
3939 3043 3986 3166 du
4069 3043 4234 3166 pied
4305 3043 4540 3166 droit,
4611 3043 4917 3166 portant

2828 3167 3219 3287 enſemble
3277 3167 3380 3287 ſon
3472 3167 3667 3287 eſpee
3748 3167 3863 3287 par
3932 3167 4058 3287 une
4173 3167 4771 3287 Circonference
4851 3167 4897 3287 en

2822 3289 2980 3416 bas,
3029 3289 3066 3416 il
3102 3289 3359 3416 plante
3408 3289 3456 3416 le
3518 3289 3676 3416 pied
3737 3289 3969 3416 eſlevé
4018 3289 4140 3416 par
4201 3289 4336 3416 delà
4384 3289 4433 3416 le
4531 3289 4934 3416 Diametre,

2823 3412 2893 3540 un
2963 3412 3091 3540 peu
3161 3412 3208 3540 au
3313 3412 3546 3540 deſſus
3593 3412 3640 3540 la
3698 3412 3920 3540 lettre
3990 3412 4036 3540 I,
4118 3412 4515 3540 penchant
4585 3412 4631 3540 le
4713 3412 4935 3540 corps

2849 3532 3127 3658 deſſus,
3200 3532 3381 3658 avec
3441 3532 3490 3658 le
3574 3532 3804 3658 genou
3888 3532 4166 3658 ployé,
4227 3532 4529 3658 ſuivant
4613 3532 4662 3658 du
4758 3532 4928 3658 pied

2837 3659 3133 3789 gauche
3203 3659 3380 3789 hors
3451 3659 3510 3789 du
3617 3659 3853 3789 Cercle
3959 3659 3971 3789 &
4042 3659 4360 3789 croiſant
4443 3659 4561 3789 d’un
4667 3659 4927 3789 meſme

2826 3781 3085 3910 temps
3156 3781 3333 3910 avec
3380 3781 3428 3910 le
3487 3781 3640 3910 bras
3770 3781 3770 3910 &
3817 3781 4089 3910 l’eſpee
4160 3781 4514 3910 eſtandus
4585 3781 4632 3910 en
4715 3781 4927 3910 angle

2824 3904 2998 4009 acut
3067 3904 3114 4009 le
3229 3904 3658 4009 Diametre,
3727 3904 3959 4009 ſoubs
4016 3904 4121 4009 les
4202 3904 4387 4009 deux
4445 3904 4676 4009 lames
4757 3904 4815 4009 de
4884 3904 4931 4009 ſa

2825 4028 3107 4170 partie;
3165 4028 3459 4170 comme
3506 4028 3541 4170 il
3588 4028 3635 4170 ſe
3705 4028 3869 4170 void
3916 4028 4057 4170 aux
4104 4028 4421 4170 figures.

2851 4458 3101 4578 Zacharie
3155 4458 3362 4578 voulant
3406 4458 3558 4578 parer
3613 4458 3645 4578 de
3678 4458 3743 4578 ſon
3787 4458 4092 4578 poignard,
4211 4458 4495 4578 Alexandre
4549 4458 4680 4578 porte
4723 4458 4756 4578 ſa
4810 4458 4930 4578 lame

2950 4577 3053 4704 d’un
3111 4577 3226 4704 bras
3273 4577 3469 4704 eſtendu
3526 4577 3561 4704 au
3619 4577 3722 4704 long
3815 4577 3826 4704 &
3872 4577 3953 4704 par
4011 4577 4149 4704 deſſus
4184 4577 4218 4704 le
4264 4577 4368 4704 bras
4426 4577 4622 4704 gauche
4691 4577 4933 4704 d’iceluy,

2946 4703 3051 4828 puis
3086 4703 3178 4828 lors
3248 4703 3271 4828 du
3364 4703 3678 4828 mouvement
3747 4703 3782 4828 du
3852 4703 4119 4828 poignard
4154 4703 4189 4828 il
4235 4703 4270 4828 la
4328 4703 4456 4828 paſſe
4502 4703 4583 4828 par
4630 4703 4653 4828 le
4711 4703 4932 4828 deſſoubs

3001 4823 3001 4940 &
3053 4823 3080 4940 le
3119 4823 3250 4940 bleſſe
3303 4823 3382 4940 par
3460 4823 3670 4940 deſſoubs
3710 4823 3736 4940 le
3789 4823 3894 4940 bras
3933 4823 3972 4940 au
4038 4823 4169 4940 coſté.

3309 4976 3710 5099 ACHARIE
3788 4976 4201 5099 attendant
4268 4976 4369 5099 les
4469 4976 4926 5099 operations

3278 5101 3823 5226 precedentes
3916 5101 4207 5226 avance
4288 5101 4381 5226 ſon
4497 5101 4927 5226 poignard,

3291 5226 3628 5346 eſperant
3676 5226 3893 5346 parer
3954 5226 4303 5346 d’iceluy,
4412 5226 4942 5346 ALEXANDRE

3279 5347 3506 5467 ayant
3569 5347 3619 5467 le
3682 5347 3859 5467 pied
3922 5347 4148 5467 droi
4224 5347 4463 5467 planté
4514 5347 4627 5467 par
4702 5347 4828 5467 delà
4879 5347 4929 5467 le

2876 5474 3243 5587 Diametre
3314 5474 3325 5587 à
3385 5474 3432 5587 la
3515 5474 3739 5587 lettre
3846 5474 3905 5587 P,
4000 5474 4355 5587 pourſuit
4426 5474 4780 5587 traiſnant
4863 5474 4899 5587 en

2830 5593 3021 5712 rond
3068 5593 3116 5712 le
3188 5593 3474 5712 gauche
3557 5593 3879 5712 derriere
3926 5593 3974 5712 le
4034 5593 4332 5712 planté,
4439 5593 4439 5712 &
4499 5593 4820 5712 tordant
4880 5593 4928 5712 le

2842 5715 3060 5835 corps
3128 5715 3369 5835 deſſus
3426 5715 3460 5835 il
3518 5715 3792 5835 avance
3873 5715 4250 5835 enſemble
4308 5715 4399 5835 ſon
4502 5715 4708 5835 coup,
4766 5715 4926 5835 por-

2833 5841 2988 5960 tant
3047 5841 3095 5960 ſa
3155 5841 3345 5960 lame
3417 5841 3548 5960 d’un
3631 5841 3798 5960 bras
3869 5841 4238 5960 eſtendu,
4298 5841 4346 5960 au
4429 5841 4608 5960 long
4727 5841 4739 5960 &
4810 5841 4929 5960 par

2858 5964 3088 6085 deſſus
3124 5964 3185 6085 le
3233 5964 3403 6085 bras
3463 5964 3742 6085 gauche
3839 5964 3899 6085 de
3960 5964 3996 6085 ſa
4069 5964 4347 6085 partie,
4468 5964 4468 6085 &
4553 5964 4843 6085 comme
4892 5964 4928 6085 il

2837 6089 3015 6210 veut
3074 6089 3275 6210 parer
3334 6089 3405 6210 de
3452 6089 3558 6210 ſon
3629 6089 4043 6210 poignard,
4102 6089 4681 6210 ALEXANDRE
4728 6089 4917 6210 paſſe

2833 6211 2933 6331 ſon
3009 6211 3211 6331 eſpee
3274 6211 3387 6331 par
3450 6211 3816 6331 deſſoubs
3866 6211 3917 6331 le
3980 6211 4371 6331 poignard
4447 6211 4510 6331 de
4573 6211 4610 6331 ſa
4673 6211 4938 6331 partie,

2855 6333 2916 6457 de
2964 6333 3158 6457 ſorte
3230 6333 3351 6457 que
3424 6333 3762 6457 plantant
3811 6333 3859 6457 le
3920 6333 4089 6457 pied
4137 6333 4440 6457 traiſné,
4500 6333 4549 6457 en
4621 6333 4924 6457 laiſſant

2836 6456 3181 6581 pencher
3233 6456 3284 6581 le
3348 6456 3553 6581 corps
3630 6456 3886 6581 deſſus,
3924 6456 3963 6581 il
4014 6456 4065 6581 le
4117 6456 4334 6581 bleſſe
4398 6456 4501 6581 par
4565 6456 4936 6581 deſſoubs

2833 6586 2882 6707 le
2930 6586 3101 6707 bras
3161 6586 3368 6707 d’une
3429 6586 3769 6707 eſtocade
3830 6586 3878 6707 au
3976 6586 4158 6707 coſté
4219 6586 4559 6707 gauche;
4632 6586 4923 6707 comme

2833 6712 2933 6837 les
2983 6712 3271 6837 figures
3346 6712 3797 6837 monſtrent.

3534 449 3842 638 Cercle
4150 449 4326 638 N8.
