5479 7714
1578 5487 1905 5718 Ncores
2021 5487 2194 5718 que
2309 5487 2444 5718 ces
2559 5487 3194 5718 operations
3252 5487 3791 5718 ſemblent
3906 5487 4175 5718 avoir
4252 5487 4464 5718 plus
4599 5487 4675 5718 de
4772 5487 5003 5718 diffi-

1453 5702 1644 5854 culté
1713 5702 1850 5854 que
1918 5702 2124 5854 celles
2192 5702 2247 5854 du
2329 5702 2672 5854 premier
2713 5702 2918 5854 livre,
2959 5702 2987 5854 ſi
3055 5702 3137 5854 eſt
3206 5702 3261 5854 ce
3329 5702 3713 5854 qu’eſtant
3767 5702 3932 5854 bien
4014 5702 4548 5854 conſiderees,
4575 5702 4617 5854 il
4658 5702 4712 5854 ſe
4767 5702 4986 5854 trou-

1450 5843 1585 5996 vera
1666 5843 1937 5996 qu’elle
1978 5843 2181 5996 nous
2235 5843 2682 5996 apportent
2736 5843 2912 5996 plus
2980 5843 3034 5996 de
3088 5843 3413 5996 trouble
3481 5843 3589 5996 par
3657 5843 3698 5996 la
3792 5843 4145 5996 diverſité
4266 5843 4266 5996 &
4348 5843 4822 5996 nouveante
4916 5843 4984 5996 de

1435 5982 1630 6132 leurs
1721 5982 2241 6132 mouvemens
2306 5982 2436 6132 que
2514 5982 2579 6132 de
2643 5982 2955 6132 danger.
3111 5982 3163 6132 On
3254 5982 3423 6132 aura
3488 5982 3605 6132 peu
3670 5982 3865 6132 aſſez
3929 5982 4436 6132 remarquer,
4514 5982 4631 6132 que
4709 5982 4969 6132 quand

1438 6126 1583 6271 une
1689 6126 1848 6271 main
1928 6126 2312 6271 travaille,
2365 6126 2484 6271 elle
2563 6126 2868 6271 occupe
2947 6126 3119 6271 tout
3185 6126 3238 6271 le
3305 6126 3742 6271 jugement
3808 6126 4006 6271 pour
4059 6126 4112 6271 la
4218 6126 4589 6271 direion
4708 6126 4774 6271 de
4841 6126 4947 6271 ſon

1437 6264 1735 6417 aion,
1829 6264 1843 6417 &
1910 6264 2032 6417 que
2086 6264 2356 6417 l’autre
2424 6264 2802 6417 demeure
2857 6264 3330 6417 immobile:
3397 6264 3519 6417 que
3573 6264 3614 6417 ſi
3654 6264 3722 6417 au
3816 6264 4087 6417 meſme
4141 6264 4411 6417 temps
4452 6264 4506 6417 le
4560 6264 4965 6417 poignard

563 6404 906 6573 travaille
961 6404 1139 6573 avec
1194 6404 1496 6573 l’eſpee,
1537 6404 1579 6573 il
1647 6404 1990 6573 donnera
2059 6404 2485 6573 ouverture
2540 6404 2540 6573 à
2622 6404 2952 6573 quelque
3020 6404 3267 6573 coup:
3405 6404 3501 6573 Car
3556 6404 3789 6573 ayant
3858 6404 4105 6573 beſoin
4215 6404 4352 6573 d’un
4448 6404 4736 6573 temps,
4778 6404 4819 6573 ſi
4887 6404 4942 6573 en

565 6547 824 6727 iceluy
878 6547 1367 6727 l’adverſaire
1422 6547 1761 6727 travaille
1816 6547 1829 6727 à
1884 6547 2359 6727 l’encontre,
2414 6547 2441 6727 il
2495 6547 2781 6727 pourra
2835 6547 3392 6727 aſſeurement
3447 6547 3813 6727 executer
3881 6547 3990 6727 ſon
4072 6547 4534 6727 intention.
4656 6547 4955 6727 Partant

582 6689 835 6854 cõbien
934 6689 1060 6854 que
1116 6689 1159 6854 le
1215 6689 1623 6854 poignard
1679 6689 1975 6854 ſemble
2045 6689 2228 6854 eſtre
2298 6689 2368 6854 de
2425 6689 2650 6854 grade
2748 6689 3086 6854 defence,
3128 6689 3663 6854 neantmoins
3705 6689 3747 6854 il
3789 6689 3986 6854 nous
4042 6689 4380 6854 apporte
4436 6689 4591 6854 plus
4661 6689 4732 6854 de
4802 6689 4971 6854 dan-

580 6830 717 6993 ger,
785 6830 826 6993 en
922 6830 1456 6993 deſcouvrant
1497 6830 1552 6993 le
1621 6830 1854 6993 corps,
1908 6830 1963 6993 ou
2032 6830 2086 6993 le
2141 6830 2470 6993 portant
2539 6830 2580 6993 en
2662 6830 2799 6993 une
2867 6830 3237 6993 Inſtance
3306 6830 3826 6993 dangereuſe,
3881 6830 4045 6993 qu’il
4086 6830 4169 6993 ne
4223 6830 4415 6993 nous
4456 6830 4963 6993 accomode.

2919 388 3243 536 mettant
3303 388 3351 536 en
3471 388 3735 536 meſme
3795 388 4083 536 inſtant
4143 388 4191 536 ſa
4251 388 4503 536 lame,
4563 388 4611 536 au
4743 388 4791 536 N.
4851 388 4887 536 3.
4959 388 5031 536 de

2908 513 3086 662 celle
3162 513 3213 662 de
3264 513 3315 662 ſa
3366 513 3645 662 partie,
3772 513 3785 662 &
3823 513 3874 662 la
3938 513 4319 662 graduant
4370 513 4396 662 il
4446 513 4701 662 plante
4752 513 4815 662 le
4866 513 5031 662 pied

2902 638 3133 773 eſlevé
3182 638 3291 773 ſur
3340 638 3389 773 le
3474 638 3838 773 Diametre
3887 638 4604 773 perpendiculaire
4652 638 4652 773 à
4713 638 4750 773 la
4810 638 5029 773 lettre

2948 767 2948 913 ,
2997 767 3154 913 puis
3227 767 3263 913 en
3348 767 3674 913 ouvrant
3722 767 4001 913 l’angle
4073 767 4134 913 de
4170 767 4218 913 la
4267 767 4460 913 lame
4533 767 4593 913 de
4654 767 4750 913 ſon
4859 767 5029 913 Con-

2894 893 3146 1038 traire,
3204 893 3604 1038 penchant
3650 893 3708 1038 le
3776 893 3994 1038 corps
4040 893 4223 1038 avec
4280 893 4418 1038 une
4475 893 4888 1038 pourſuite
4956 893 5002 1038 du

2893 1017 3072 1165 pied
3136 1017 3419 1165 gauche
3483 1017 3483 1165 à
3534 1017 3573 1165 la
3624 1017 3855 1165 lettre
3932 1017 3970 1165 F,
4009 1017 4047 1165 il
4086 1017 4137 1165 le
4201 1017 4419 1165 bleſſe
4471 1017 4702 1165 (avec
4753 1017 4804 1165 le
4856 1017 5023 1165 bras

2897 1141 3254 1290 eſtendu,
3315 1141 3524 1290 d’une
3585 1141 3942 1290 eſtocade
4003 1141 4187 1290 tirée
4249 1141 4298 1290 en
4384 1141 4630 1290 droite
4679 1141 4912 1290 ligne,
5023 1141 5023 1290 &

2893 1269 2940 1414 en
3032 1269 3427 1414 premiere
3496 1269 3961 1414 Intention)
4019 1269 4019 1414 à
4088 1269 4390 1414 travers
4448 1269 4483 1414 la
4564 1269 4808 1414 teſte,
4866 1269 5016 1414 ſans

2893 1394 3030 1544 que
3080 1394 3181 1544 ſon
3256 1394 3644 1544 poignard
3694 1394 3932 1544 puiſſe
3982 1394 4157 1544 faire
4207 1394 4508 1544 aucune
4583 1394 4971 1544 deffence,
5008 1394 5021 1544 à

2890 1520 3090 1671 cauſe
3165 1520 3327 1671 qu’il
3402 1520 3477 1671 eſt
3539 1520 3926 1671 racourcy
4039 1520 4039 1671 &
4126 1520 4525 1671 empeſché
4588 1520 4700 1671 par
4750 1520 4800 1671 le
4850 1520 5012 1671 bras

2897 1642 3077 1783 droit
3137 1642 3497 1783 eſtendu;
3557 1642 3869 1783 comme
3917 1642 4013 1783 les
4073 1642 4361 1783 figures
4421 1642 5009 1783 demonſtrent.

3590 2210 3922 2378 Cercle
4100 2210 4432 2378 N.12.

2893 2408 3150 2559 Zacharie
3195 2408 3407 2559 s’eſtant
3452 2408 3686 2559 preſenté
3731 2408 3910 2559 comme
3966 2408 4010 2559 au
4077 2408 4245 2559 Cercle
4290 2408 4602 2559 precedent,
4669 2408 4781 2559 avec
4826 2408 4848 2559 le
4904 2408 5005 2559 bras

2981 2539 3161 2683 tourné
3217 2539 3251 2683 en
3341 2539 3521 2683 dedans
3667 2539 3858 2683 l’eſpee
3903 2539 3937 2683 en
3993 2539 4240 2683 brocade,
4297 2539 4319 2683 le
4364 2539 4859 2683 poignardcomme
4904 2539 5005 2683 deſ-

2983 2662 3075 2802 ſus,
3166 2662 3463 2802 Alexandre
3509 2662 3555 2802 lie
3600 2662 3635 2802 la
3680 2662 3806 2802 lame
3863 2662 3886 2802 de
3932 2662 3977 2802 ſa
4023 2662 4229 2802 partie,
4297 2662 4400 2802 puis
4435 2662 4606 2802 eſgale
4652 2662 4720 2802 les
4777 2662 5006 2802 nombres

3011 2788 3220 2929 d’icelle,
3319 2788 3331 2929 &
3380 2788 3405 2929 la
3479 2788 3750 2929 graduant
3799 2788 3824 2929 il
3873 2788 4021 2929 ouvre
4070 2788 4304 2929 l’angle,
4477 2788 4502 2929 le
4551 2788 4686 2929 bleſſe
4748 2788 4748 2929 à
4797 2788 5019 2929 travers

2985 2922 3023 3035 la
3073 2922 3275 3035 teſte.

3347 3056 3745 3193 ACHARIE
3824 3056 4063 3193 eſtant
4119 3056 4176 3193 en
4244 3056 4619 3193 poſture,
4699 3056 4994 3193 comme

3315 3181 3339 3324 il
3425 3181 3499 3324 eſt
3573 3181 4027 3324 repreſenté
4088 3181 4137 3324 au
4260 3181 4493 3324 Cercle
4554 3181 4996 3324 precedent

3368 3305 3403 3421 N.
3472 3305 3565 3421 11.
3624 3305 3798 3421 avec
3844 3305 3903 3421 le
3972 3305 4135 3421 bras
4205 3305 4507 3421 eſtendu
4647 3305 4658 3421 &
4717 3305 4996 3421 tourné

3323 3430 3372 3573 en
3457 3430 3784 3573 dedans,
3845 3430 4111 3573 l’eſpée
4172 3430 4233 3573 en
4293 3430 4681 3573 brocade,
4718 3430 4778 3573 le
4839 3430 5009 3573 gau-

2872 3550 2997 3703 che
3047 3550 3272 3703 (avec
3322 3550 3359 3703 la
3422 3550 3697 3703 pointe
3772 3550 3822 3703 du
3897 3550 4284 3703 poignard
4359 3550 4697 3703 eſlevée)
4759 3550 4997 3703 join

2856 3675 2918 3830 au
3016 3675 3238 3830 corps
3287 3675 3521 3830 ſoubs
3582 3675 3632 3830 le
3718 3675 3878 3830 bras
3964 3675 4247 3830 droi;
4308 3675 4345 3830 il
4395 3675 4665 3830 attend
4727 3675 4899 3830 ainſi
4949 3675 4985 3830 ſa

2849 3817 3127 3932 partie.
3197 3817 3220 3932 A
3290 3817 3801 3932 LEXANDRE
3847 3817 4196 3932 travaille
4242 3817 4254 3932 à
4300 3817 4742 3932 l’encontre
4811 3817 5009 3932 com-

2878 3939 2965 4068 me
3015 3939 3052 4068 il
3126 3939 3213 4068 eſt
3275 3939 3609 4068 deſclaré
3659 3939 3721 4068 au
3845 3939 4093 4068 Cercle
4142 3939 4626 4068 preeedent,
4725 3939 4997 4068 exepté

2863 4064 3065 4185 qu’en
3153 4064 3607 4185 c’eſtuy-cy,
3644 4064 3707 4185 le
3758 4064 3934 4185 pied
4010 4064 4186 4185 droit
4274 4064 4501 4185 eſtant
4564 4064 4791 4185 eſlevé
4841 4064 4879 4185 il
4917 4064 4993 4185 lie

2868 4192 2928 4311 de
2976 4192 3085 4311 ſon
3181 4192 3386 4311 eſpée
3459 4192 3495 4311 la
3567 4192 3772 4311 lame
3856 4192 3917 4311 de
3977 4192 4025 4311 ſa
4110 4192 4387 4311 partie,
4507 4192 4519 4311 &
4592 4192 4893 4311 entrant
4941 4192 4990 4311 la

2866 4303 3093 4444 deſſus
3177 4303 3225 4444 du
3297 4303 3428 4444 di
3476 4303 3655 4444 pied
3715 4303 4002 4444 droi,
4062 4303 4097 4444 il
4181 4303 4289 4444 met
4349 4303 4408 4444 au
4516 4303 4767 4444 meſme
4827 4303 4982 4444 tẽps

2841 4422 2888 4568 le
2959 4422 3220 4568 centre
3291 4422 3362 4568 de
3409 4422 3504 4568 ſon
3598 4422 3788 4568 eſpée
3847 4422 3906 4568 au
4013 4422 4273 4568 meſme
4332 4422 4569 4568 nõbre
4664 4422 4735 4568 de
4818 4422 4984 4568 celle

2864 4548 2924 4698 de
2984 4548 3020 4698 ſa
3079 4548 3366 4698 partie;
3414 4548 3582 4698 puis
3642 4548 3689 4698 en
3761 4548 3797 4698 la
3869 4548 4251 4698 graduant
4311 4548 4347 4698 il
4419 4548 4646 4698 ouvre
4694 4548 4993 4698 l’angle,

2908 4683 2908 4800 &
2957 4683 3318 4800 plantant
3367 4683 3417 4800 le
3479 4683 3653 4800 pied
3715 4683 3939 4800 eſlevé
4014 4683 4125 4800 par
4188 4683 4324 4800 delà
4386 4683 4436 4800 le
4535 4683 4908 4800 Diametre
4970 4683 4983 4800 à

2842 4807 2879 4927 la
2953 4807 3186 4927 lettre
3309 4807 3346 4927 N,
3395 4807 3801 4927 penchant
3851 4807 3900 4927 le
3986 4807 4195 4927 corps
4269 4807 4539 4927 deſſus,
4601 4807 4884 4927 tenant
4921 4807 4982 4927 le

2843 4918 3013 5068 bras
3075 4918 3429 5068 eſtendu,
3477 4918 3661 5068 avec
3722 4918 4125 5068 pourſuite
4198 4918 4247 5068 du
4332 4918 4491 5068 pied
4564 4918 4894 5068 gauche,
4943 4918 4979 5068 il

2840 5040 3071 5195 bleſſe
3122 5040 3378 5195 (d’une
3442 5040 3813 5195 eſtocade
3864 5040 4043 5195 tirée
4095 5040 4159 5195 au
4248 5040 4478 5195 deſſus
4568 5040 4632 5195 de
4670 5040 4977 5195 l’eſpée)

2842 5167 2889 5326 ſa
2948 5167 3186 5326 partie
3245 5167 3245 5326 à
3328 5167 3624 5326 travers
3695 5167 3731 5326 la
3802 5167 4051 5326 teſte;
4122 5167 4430 5326 comme
4478 5167 4513 5326 il
4584 5167 4667 5326 eſt
4727 5167 4988 5326 repre-

2844 5307 3045 5436 ſenté
3095 5307 3245 5436 aux
3283 5307 3608 5436 figures.

1321 396 1654 546 Cercle
1877 396 2166 546 N.10.

648 599 940 728 Alexandre
983 599 1275 728 augmente
1318 599 1383 728 ſon
1426 599 1535 728 coup
1589 599 1632 728 au
1686 599 1902 728 travers
1967 599 2000 728 du
2043 599 2194 728 corps
2248 599 2270 728 de
2313 599 2378 728 ſon
2443 599 2746 728 Contraire.

1091 740 1626 859 LEXANDRE
1706 740 2231 859 pourſuivant
2276 740 2379 859 ſon
2470 740 2732 859 prece-

1085 865 1248 987 dent
1317 865 1527 987 coup,
1596 865 1887 987 marche
1945 865 1992 987 en
2085 865 2375 987 dedans
2433 865 2491 987 du
2561 865 2736 987 pied

1086 993 1258 1110 droit
1332 993 1516 1110 hors
1614 993 1663 1110 du
1798 993 2105 1110 Cercle,
2203 993 2609 1110 penchant
2682 993 2731 1110 le

1069 1114 1280 1237 corps
1362 1114 1631 1237 deſſus,
1737 1114 1748 1237 &
1807 1114 2076 1237 tenant
2135 1114 2194 1237 le
2264 1114 2416 1237 bras
2498 1114 2733 1237 eſten-

620 1241 725 1364 du,
772 1241 807 1364 il
854 1241 1288 1364 augmente
1346 1241 1393 1364 ſa
1452 1241 1956 1364 precedente
2026 1241 2378 1364 eſtocade
2448 1241 2507 1364 au
2589 1241 2730 1364 tra-

602 1366 764 1482 vers
846 1366 892 1482 du
985 1366 1205 1482 corps
1286 1366 1344 1482 de
1425 1366 1518 1482 ſon
1646 1366 2086 1482 Contraire;
2190 1366 2504 1482 comme
2573 1366 2608 1482 il
2666 1366 2724 1482 ſe

600 1493 780 1615 peut
839 1493 983 1615 voir
1043 1493 1174 1615 aux
1222 1493 1557 1615 figures.

1342 1954 1663 2150 Cercle
1869 1954 2144 2150 N.11.

611 2165 857 2288 Zacharie
905 2165 940 2288 ſe
1010 2165 1081 2288 met
1128 2165 1163 2288 en
1210 2165 1445 2288 nouvelle
1492 2165 1716 2288 poſture,
1775 2165 1880 2288 avec
1939 2165 2127 2288 l’eſpee
2174 2165 2210 2288 en
2280 2165 2433 2288 droite
2468 2165 2633 2288 ligne,
2692 2165 2715 2288 le

689 2291 801 2414 bras
857 2291 1048 2414 gauche
1092 2291 1294 2414 courbé,
1361 2291 1395 2414 la
1462 2291 1630 2414 pointe
1697 2291 1731 2414 du
1787 2291 2055 2414 poignard
2089 2291 2279 2414 eſlevée
2380 2291 2380 2414 &
2447 2291 2716 2414 racourcie

698 2423 741 2533 au
806 2423 989 2533 devant
1043 2423 1075 2533 du
1129 2423 1247 2533 coſté
1280 2423 1430 2533 ſoubs
1463 2423 1495 2533 le
1538 2423 1646 2533 bras
1700 2423 1872 2533 droict.
1969 2423 2260 2533 Alexandre
2303 2423 2496 2533 venant
2540 2423 2550 2533 à
2593 2423 2712 2533 l’en-

693 2551 900 2666 contre,
981 2551 1062 2666 met
1096 2551 1142 2666 ſa
1188 2551 1315 2666 lame
1373 2551 1408 2666 au
1523 2551 1546 2666 N.
1604 2551 1650 2666 3.
1719 2551 1753 2666 de
1800 2551 1950 2666 celle;
2019 2551 2042 2666 de
2088 2551 2134 2666 ſa
2180 2551 2353 2666 partie
2457 2551 2457 2666 &
2503 2551 2538 2666 la
2595 2551 2722 2666 gra-

698 2673 852 2789 duant
888 2673 923 2789 il
959 2673 982 2789 le
1030 2673 1172 2789 bleſſe
1219 2673 1219 2789 à
1266 2673 1491 2789 travers
1527 2673 1562 2789 la
1609 2673 1810 2789 teſte.

1052 2814 1454 2935 ACHARIE
1524 2814 1831 2935 s’eſtant
1914 2814 2008 2935 mis
2091 2814 2126 2935 en
2209 2814 2587 2935 poſture,
2646 2814 2705 2935 le

1024 2938 1200 3058 pied
1300 2938 1538 3058 droi
1626 2938 1864 3058 (avec
1940 2938 1990 3058 le
2078 2938 2316 3058 genou
2416 2938 2705 3058 ployé)

1023 3064 1277 3174 planté
1337 3064 1434 3174 ſur
1482 3064 1518 3174 la
1615 3064 2231 3174 Circonference
2292 3064 2304 3174 à
2364 3064 2413 3174 la
2473 3064 2715 3174 lettre

1060 3190 1095 3305 X,
1143 3190 1190 3305 le
1261 3190 1544 3305 gauche
1615 3190 1911 3305 eſtendu
1982 3190 2053 3305 un
2124 3190 2254 3305 pas
2313 3190 2360 3305 en
2431 3190 2714 3305 arriere

561 3315 1052 3438 reſpondant
1102 3315 1115 3438 à
1165 3315 1517 3438 l’opoſite
1593 3315 1655 3438 de
1706 3315 1743 3438 la
1806 3315 2083 3438 pointe
2146 3315 2209 3438 du
2347 3315 2699 3438 Quadrat,

554 3442 603 3555 le
687 3442 881 3555 coſté
990 3442 1220 3555 droi
1293 3442 1475 3555 avec
1535 3442 1584 3555 le
1681 3442 1838 3555 bras
1984 3442 1984 3555 &
2068 3442 2335 3555 l’eſpee
2444 3442 2541 3555 mis
2638 3442 2686 3555 en

566 3565 815 3689 droite
864 3565 1101 3689 ligne,
1150 3565 1200 3689 le
1250 3565 1411 3689 bras
1486 3565 1772 3689 gauche
1834 3565 2170 3689 courbé,
2219 3565 2393 3689 avec
2443 3565 2505 3689 le
2555 3565 2704 3689 poi-

569 3695 783 3817 gnard
831 3695 914 3817 (la
986 3695 1260 3817 pointe
1331 3695 1927 3817 adſcendente)
1975 3695 2368 3817 racourcy
2439 3695 2487 3817 au
2594 3695 2701 3817 de-

558 3817 729 3915 vant
814 3817 862 3915 du
972 3817 1166 3915 coſté
1275 3817 1288 3915 &
1336 3817 1567 3915 ſoubs
1628 3817 1689 3915 le
1762 3817 1920 3915 bras
2005 3817 2272 3915 droi,
2333 3817 2369 3915 il
2430 3817 2710 3915 attend

543 3943 719 4069 ainſi
766 3943 813 4069 ſa
871 3943 1152 4069 partie.
1246 3943 1891 4069 ALEXANDRE
1973 3943 2254 4069 venant
2301 3943 2699 4069 travailler

537 4068 549 4186 à
618 4068 1113 4186 l’encontre,
1182 4068 1413 4186 ayant
1482 4068 2127 4186 premierement
2219 4068 2323 4186 mis
2392 4068 2438 4186 le
2518 4068 2691 4186 pied

546 4192 656 4314 ſur
692 4192 741 4314 la
827 4192 1437 4314 Circonference
1499 4192 1499 4314 à
1560 4192 1596 4314 la
1645 4192 1877 4314 lettre
1963 4192 2012 4314 C,
2061 4192 2366 4314 eſtendu
2427 4192 2476 4314 le
2537 4192 2696 4314 bras

606 4316 606 4439 &
666 4316 930 4439 l’eſpee
1002 4316 1050 4439 en
1123 4316 1339 4439 angle
1399 4316 1663 4439 obtus,
1772 4316 1772 4439 &
1832 4316 2024 4439 roidi
2072 4316 2120 4439 le
2192 4316 2433 4439 corps,
2505 4316 2697 4439 com-

584 4441 657 4558 me
719 4441 756 4558 il
829 4441 915 4558 eſt
976 4441 1431 4558 demonſtre
1480 4441 1602 4558 par
1652 4441 1688 4558 ſa
1774 4441 2020 4558 figure
2081 4441 2130 4558 au
2241 4441 2486 4558 Cercle
2535 4441 2707 4558 pre-

560 4560 851 4689 cedent
952 4560 990 4689 N.
1028 4560 1066 4689 1.
1142 4560 1180 4689 en
1268 4560 1597 4689 eſlevant
1647 4560 1761 4689 icy
1824 4560 1875 4689 le
1938 4560 2115 4689 pied
2178 4560 2393 4689 droit,
2444 4560 2481 4689 il
2532 4560 2709 4689 fai

545 4686 906 4820 pencher
956 4686 1018 4820 un
1093 4686 1205 4820 peu
1280 4686 1330 4820 le
1405 4686 1617 4820 corps
1666 4686 1766 4820 ſur
1816 4686 1878 4820 le
1941 4686 2240 4820 gauche
2290 4686 2589 4820 planté,
2688 4686 2688 4820 &

557 4811 930 4936 tournant
1000 4811 1047 4936 la
1128 4811 1397 4936 pointe
1490 4811 1548 4936 de
1618 4811 1723 4936 ſon
1817 4811 2027 4936 eſpee
2109 4811 2155 4936 en
2272 4811 2610 4936 dedans,
2669 4811 2704 4936 il

557 4938 849 5060 couvre
919 4938 1281 5060 d’enhaut
1327 4938 1502 5060 avec
1561 4938 1607 5060 ſa
1654 4938 1852 5060 lame
1911 4938 1957 5060 la
2039 4938 2307 5060 pointe
2389 4938 2459 5060 de
2529 4938 2704 5060 celle

559 5061 630 5189 de
678 5061 726 5189 ſa
797 5061 1071 5189 partie,
1130 5061 1178 5189 en
1261 5061 1309 5189 la
1392 5061 1714 5189 croiſanr
1773 5061 1928 5189 ſans
1976 5061 2023 5189 la
2083 5061 2464 5189 toucher;
2535 5061 2690 5189 puis

544 5188 868 5319 portant
926 5188 984 5319 un
1066 5188 1182 5319 peu
1275 5188 1321 5319 en
1391 5188 1611 5319 avant
1658 5188 1716 5319 le
1774 5188 1948 5319 pied
2006 5188 2261 5319 eſlevé,
2307 5188 2702 5319 enſemble

547 5313 597 5441 le
672 5313 936 5441 corps,
998 5313 1036 5441 il
1099 5313 1161 5441 le
1224 5313 1424 5441 laiſſe
1487 5313 1800 5441 tomber
1851 5313 2026 5441 hors
2114 5313 2176 5441 de
2252 5313 2352 5441 ſon
2440 5313 2703 5441 poids,
