5479 7714
1419 5060 1743 5215 Cercle
1938 5060 2111 5215 &N3.

636 5298 886 5422 Zacharie
921 5298 957 5422 ſe
1017 5298 1088 5422 met
1136 5298 1171 5422 en
1231 5298 1421 5422 poſture
1457 5298 1636 5422 l’eſpee
1683 5298 1719 5422 en
1767 5298 2005 5422 brocade,
2041 5298 2064 5422 le
2112 5298 2219 5422 bras
2267 5298 2457 5422 gauche
2505 5298 2695 5422 juſque.

732 5423 766 5546 au
813 5423 963 5546 coude
1009 5423 1148 5546 joinct
1194 5423 1240 5546 au
1286 5423 1436 5546 coſté,
1471 5423 1505 5546 le
1552 5423 1667 5546 reſte
1713 5423 1863 5546 avecq
1910 5423 1933 5546 le
1979 5423 2245 5546 poignard
2302 5423 2337 5546 la
2383 5423 2545 5546 pointe
2591 5423 2695 5546 eſle-

724 5545 842 5670 vée)
889 5545 983 5670 plus
1042 5545 1113 5670 bas
1184 5545 1267 5670 que
1326 5545 1503 5670 l’eſpee
1550 5545 1656 5670 pour
1703 5545 1739 5670 la
1810 5545 2022 5670 deffence
2081 5545 2117 5670 du
2176 5545 2246 5670 bas
2305 5545 2341 5670 du
2412 5545 2589 5670 corps,
2671 5545 2695 5670 ſe

723 5671 975 5792 penchant
1016 5671 1048 5792 le
1090 5671 1226 5792 corps
1278 5671 1351 5792 ſur
1383 5671 1414 5792 le
1477 5671 1676 5792 devant.
1781 5671 2074 5792 Alexandre
2116 5671 2157 5792 en
2199 5671 2419 5792 entrant
2482 5671 2555 5792 met
2597 5671 2670 5792 pre

744 5792 1029 5915 mierement
1064 5792 1132 5915 ſon
1178 5792 1304 5915 eſpee
1373 5792 1567 5915 d’angle
1613 5792 1761 5915 obtus
1796 5792 1830 5915 en
1887 5792 2047 5915 droite
2082 5792 2242 5915 ligne,
2379 5792 2699 5915 finallement

722 5915 756 6036 la
825 5915 893 6036 met
961 5915 1052 6036 d’un
1097 5915 1199 6036 bras
1267 5915 1597 6036 moderement
1642 5915 1847 6036 eſtandu
1926 5915 2142 6036 deſſoubs
2187 5915 2290 6036 celle
2358 5915 2392 6036 de
2426 5915 2471 6036 ſa
2517 5915 2698 6036 partie.

1078 6098 1466 6219 ACHARIE
1536 6098 1830 6219 s’eſtant
1924 6098 2030 6219 mis
2089 6098 2136 6219 en
2218 6098 2583 6219 poſture,
2642 6098 2689 6219 le

1058 6222 1228 6348 pied
1293 6222 1476 6348 droit
1515 6222 1606 6348 (le
1672 6222 1907 6348 genou
1985 6222 2259 6348 ployé)
2298 6222 2560 6348 planté
2612 6222 2703 6348 ſur

1054 6348 1102 6444 le
1198 6348 1559 6444 Diametre
1667 6348 1667 6444 &
1763 6348 2365 6444 Circonference
2413 6348 2425 6444 à
2473 6348 2521 6444 la
2569 6348 2689 6444 let-

1059 6470 1156 6598 tre
1277 6470 1313 6598 X,
1350 6470 1398 6598 le
1471 6470 1749 6598 gauche
1822 6470 1991 6598 avec
2052 6470 2100 6598 le
2173 6470 2391 6598 genou
2487 6470 2693 6598 roide

619 6592 669 6727 vn
756 6592 979 6727 grand
1029 6592 1153 6727 pas
1215 6592 1563 6727 derriere,
1638 6592 2197 6727 correſpondãt
2234 6592 2247 6727 à
2296 6592 2694 6727 l’oppoſite

621 6718 680 6846 du
787 6718 1216 6846 Diametre,
1263 6718 1311 6846 le
1370 6718 1525 6846 bras
1596 6718 1775 6846 droit
1834 6718 2143 6846 courbé,
2203 6718 2369 6846 avec
2417 6718 2690 6846 l’eſpee

610 6844 683 6971 (la
769 6844 1024 6971 pointe
1097 6844 1158 6971 un
1256 6844 1365 6971 peu
1451 6844 1743 6971 haute)
1840 6844 1974 6971 miſe
2059 6844 2108 6971 en
2193 6844 2595 6971 brocade,
2644 6844 2680 6971 la

4783 6993 4926 7082 Cer-

1019 1540 1175 1659 DE
1330 1540 2536 1659 CLARATION
2789 1540 3042 1659 DES
3275 1540 4617 1659 OPERATIONS

1157 1707 1244 1816 DV
1418 1707 2011 1816 TABLEAV
2199 1707 3010 1816 QVATRIESME
3169 1707 3285 1816 DV
3415 1707 3936 1816 SECOND
4066 1707 4443 1816 LIVRE,

1403 1834 1478 1924 DE
1586 1834 1908 1924 L’ESPEE
2015 1834 2273 1924 SEVLE
2401 1834 2766 1924 CONTRE
2874 1834 3163 1924 L’ESPEE
3281 1834 3346 1924 ET
3464 1834 3528 1924 LE
3635 1834 4161 1924 POIGNARD.

2825 5053 3055 5189 haute
3116 5053 3346 5189 partie
3418 5053 3467 5189 du
3539 5053 3697 5189 bras
3757 5053 4048 5189 gauche
4096 5053 4338 5189 jointe
4399 5053 4447 5189 au
4544 5053 4786 5189 coſté,
4907 5053 4919 5189 &

2825 5179 2876 5317 le
2926 5179 3115 5317 reſte
3190 5179 3492 5317 d’iceluy
3568 5179 3794 5317 (avec
3857 5179 3907 5317 le
3970 5179 4348 5317 poignard
4398 5179 4926 5317 adſcendant)

2823 5300 2984 5436 plus
3046 5300 3158 5436 bas
3232 5300 3356 5436 que
3406 5300 3691 5436 l’eſpée,
3728 5300 3913 5436 pour
3963 5300 4000 5436 la
4075 5300 4335 5436 defẽce
4409 5300 4459 5436 de
4508 5300 4929 5436 l’inferieu-

2823 5425 2882 5561 re
2941 5425 3165 5561 partie
3236 5425 3283 5561 du
3366 5425 3614 5561 corps,
3649 5425 3980 5561 penchãt
4027 5425 4098 5561 un
4169 5425 4287 5561 peu
4346 5425 4393 5561 le
4464 5425 4677 5561 corps
4724 5425 4818 5561 ſur
4866 5425 4913 5561 le

2826 5549 2995 5685 pied
3067 5549 3116 5685 de
3188 5549 3478 5685 devant;
3502 5549 3538 5685 il
3586 5549 3852 5685 attand
3900 5549 4069 5685 ainſi
4117 5549 4166 5685 ſa
4214 5549 4479 5685 partie.
4540 5549 4552 5685 A
4612 5549 4914 5685 LEXAN-

2843 5670 2986 5791 DRE
3052 5670 3328 5791 venant
3394 5670 3780 5791 travailler
3835 5670 3847 5791 à
3913 5670 4387 5791 l’encontre,
4475 5670 4762 5791 entrant
4828 5670 4883 5791 du

2832 5796 3007 5933 pied
3095 5796 3282 5933 droit
3357 5796 3557 5933 jette
3632 5796 3732 5933 ſon
3857 5796 4058 5933 eſpee
4170 5796 4433 5933 d’angle
4533 5796 4758 5933 obtus
4845 5796 4895 5933 en

2841 5918 3080 6053 droite
3130 5918 3356 6053 ligne;
3406 5918 3570 6053 puis
3608 5918 3645 6053 il
3696 5918 3947 6053 plante
3997 5918 4035 6053 le
4098 5918 4550 6053 piedeſlevé
4600 5918 4714 6053 par
4776 5918 4915 6053 dela

2830 6038 2881 6177 le
2982 6038 3350 6177 Diametre
3414 6038 3515 6177 ſur
3579 6038 3630 6177 la
3693 6038 3896 6177 ligne
3998 6038 4011 6177 C
4074 6038 4125 6177 I,
4188 6038 4480 6177 laiſſant
4544 6038 4785 6177 ſuivre
4861 6038 4912 6177 le

2840 6165 3128 6303 gauche
3213 6165 3790 6303 proportionné
3862 6165 3959 6303 ſur
4007 6165 4043 6303 la
4127 6165 4368 6303 meſme
4416 6165 4644 6303 ligne,
4681 6165 4717 6303 il
4801 6165 4909 6303 met

2824 6288 2859 6427 la
2919 6288 3180 6427 pointe
3251 6288 3310 6427 de
3358 6288 3464 6427 ſon
3547 6288 3749 6427 eſpee
3796 6288 4010 6427 (avec
4057 6288 4093 6427 la
4152 6288 4496 6427 branche
4544 6288 4923 6427 interieu-

2823 6411 2882 6547 re
2941 6411 2989 6547 en
3059 6411 3260 6547 haut,
3295 6411 3342 6547 le
3413 6411 3614 6547 corps
3684 6411 3897 6547 droit,
3991 6411 3991 6547 &
4026 6411 4073 6547 le
4132 6411 4286 6547 bras
4368 6411 4911 6547 moderement

2838 6540 3205 6664 eſtendu)
3256 6540 3306 6664 en
3407 6540 3635 6664 droite
3698 6540 3900 6664 ligne
4001 6540 4292 6664 deſſous
4355 6540 4393 6664 la
4469 6540 4659 6664 lame
4735 6540 4798 6664 de
4874 6540 4912 6664 ſa

2824 6664 3097 6798 partie,
3147 6664 3184 6798 ſa
3246 6664 3508 6798 pointe
3570 6664 3856 6798 proche
3893 6664 3943 6798 la
4017 6664 4229 6798 garde
4303 6664 4664 6798 d’iceluy;
4726 6664 4925 6798 com-

2848 6788 2922 6934 me
2971 6788 3069 6934 les
3118 6788 3411 6934 figures
3485 6788 3925 6934 monſtrent.

1604 2035 1758 2265 Ous
1854 2035 2181 2265 avons
2239 2035 2681 2265 propoſé
2796 2035 3412 2265 d’enſeigner
3546 2035 3777 2265 trois
3873 2035 4489 2265 operations
4585 2035 4950 2265 princi-

1487 2252 1688 2402 pales
1745 2252 1788 2402 en
1874 2252 1931 2402 ce
2017 2252 2332 2402 Tableau
2418 2252 2575 2402 IV.
2647 2252 2704 2402 La
2761 2252 3148 2402 premiere
3205 2252 3306 2402 eſt
3363 2252 3420 2402 en
3520 2252 3764 2402 quelle
3821 2252 4021 2402 façon
4107 2252 4150 2402 il
4208 2252 4365 2402 faut
4437 2252 4709 2402 ſujeter
4780 2252 4924 2402 une

1492 2395 1692 2538 eſpee
1772 2395 2024 2538 aſiſtée
2131 2395 2184 2538 du
2290 2395 2729 2538 poignard.
2835 2395 2889 2538 La
2982 2395 3341 2538 Seconde
3421 2395 3833 2538 comment
3913 2395 3966 2538 on
4072 2395 4338 2538 pourra
4405 2395 4923 2538 nonobſtant

1466 2532 1727 2676 iceluy
1793 2532 2185 2676 poignard
2251 2532 2617 2676 executer
2656 2532 2709 2676 le
2774 2532 2957 2676 coup
3049 2532 3101 2676 de
3167 2532 3546 2676 premiere
3585 2532 4043 2676 intention.
4148 2532 4200 2676 La
4279 2532 4606 2676 derniere
4671 2532 4724 2676 ce
4802 2532 4920 2676 que

1475 2669 1592 2813 l’on
1684 2669 1892 2813 doibt
1958 2669 2310 2813 obſerver
2362 2669 2414 2813 en
2519 2669 2845 2813 mettant
2897 2669 2936 2813 ſa
2989 2669 3184 2813 lame
3236 2669 3471 2813 ſoubs
3524 2669 3654 2813 une
3732 2669 3941 2813 eſpee
4006 2669 4294 2813 ſcituée
4359 2669 4398 2813 la
4476 2669 4737 2813 pointe
4802 2669 4920 2813 ad-

1488 2807 1956 2947 ſcendente.
2037 2807 2103 2947 En
2170 2807 2438 2947 toutes
2478 2807 2892 2947 leſquelles
2946 2807 3440 2947 operations,
3480 2807 3507 2947 il
3561 2807 3654 2947 eſt
3694 2807 4122 2947 neceſſaire
4189 2807 4243 2947 de
4296 2807 4497 2947 tenir
4537 2807 4644 2947 ſon
4724 2807 4924 2947 eſpee

624 2945 663 3088 en
741 2945 910 3088 telle
988 2945 1364 3088 diſtance,
1429 2945 1559 3088 que
1598 2945 1650 3088 le
1715 2945 2104 3088 poignard
2169 2945 2247 3088 ne
2299 2945 2338 3088 la
2403 2945 2636 3088 puiſſe
2714 2945 3052 3088 toucher
3103 2945 3259 3088 ſans
3324 2945 3493 3088 faire
3558 2945 3623 3088 un
3752 2945 4259 3088 mouvement
4324 2945 4934 3088 remarquable.

673 3080 940 3227 Quand
982 3080 982 3227 à
1038 3080 1080 3227 la
1136 3080 1571 3227 premiere,
1627 3080 1810 3227 pour
1866 3080 2189 3227 ſujetter
2231 3080 2498 3227 l’eſpee
2554 3080 2722 3227 ſans
2764 3080 2947 3227 eſtre
3017 3080 3059 3227 en
3158 3080 3424 3227 danger
3523 3080 3565 3227 du
3663 3080 4098 3227 poignard,
4154 3080 4210 3227 on
4309 3080 4519 3227 doibt
4589 3080 4926 3227 prendre

611 3223 1060 3361 ſougneuſe
1152 3223 1363 3361 garde
1429 3223 1495 3361 de
1547 3223 1626 3361 ne
1666 3223 2088 3361 l’attaquer
2140 3223 2259 3361 pas
2312 3223 2786 3361 rudement,
2892 3223 2892 3361 &
2944 3223 3221 3361 l’ayant
3274 3223 3656 3361 attaquée
3722 3223 3788 3361 de
3827 3223 3867 3361 la
3972 3223 4210 3361 mener
4289 3223 4342 3361 en
4421 3223 4618 3361 ſorte
4711 3223 4908 3361 qu’on

607 3359 744 3500 ſoit
806 3359 1217 3500 touſiours
1255 3359 1591 3500 attentif
1641 3359 1703 3500 au
1766 3359 2264 3500 ſentiment,
2326 3359 2451 3500 afin
2563 3359 2613 3500 de
2675 3359 3012 3500 pouvoir
3087 3359 3199 3500 par
3274 3359 3336 3500 ce
3435 3359 3672 3500 moyen
3759 3359 4108 3500 prevenir
4183 3359 4345 3500 tous
4407 3359 4507 3500 les
4619 3359 4918 3500 mouve-

648 3495 834 3638 mens
901 3495 1034 3638 que
1087 3495 1580 3638 l’adverſaire
1646 3495 2019 3638 pourroit
2085 3495 2258 3638 faire
2325 3495 2644 3638 d’iceluy
2711 3495 2857 3638 lors
2924 3495 2977 3638 de
3044 3495 3084 3638 la
3137 3495 3563 3638 ſujettion.
3736 3495 4148 3638 Touchant
4215 3495 4255 3638 la
4321 3495 4707 3638 ſeconde,
4747 3495 4787 3638 il
4840 3495 4920 3638 ne

604 3635 771 3776 faut
822 3635 937 3776 pas
1014 3635 1193 3776 pour
1257 3635 1411 3776 bien
1500 3635 1859 3776 executer
1923 3635 2383 3776 l’operation
2473 3635 2537 3776 de
2588 3635 2972 3776 premiere
3036 3635 3433 3776 intention
3522 3635 3842 3776 alonger
3906 3635 4072 3776 trop
4149 3635 4584 3776 viſtement
4648 3635 4699 3776 le
4763 3635 4917 3776 bras

604 3773 666 3916 au
752 3773 1539 3916 commencement:
1650 3773 1798 3916 mais
1859 3773 1909 3916 on
2007 3773 2216 3916 doibt
2290 3773 2524 3916 eſtant
2610 3773 3102 3916 doucement
3176 3773 3459 3916 avancé
3533 3773 3582 3916 du
3681 3773 3890 3916 corps
4013 3773 4013 3916 &
4099 3773 4161 3916 de
4222 3773 4518 3916 l’eſpee,
4579 3773 4911 3916 prendre

611 3910 1071 4059 l’Inſtance,
1139 3910 1193 4059 de
1247 3910 1585 4059 laquelle
1640 3910 1707 4059 on
1775 3910 2005 4059 puiſſe
2073 3910 2370 4059 planter
2424 3910 2533 4059 ſon
2614 3910 2817 4059 eſpee
2871 3910 3033 4059 ſans
3074 3910 3426 4059 recevoir
3480 3910 3724 4059 aucun
3805 3910 4481 4059 empeſchement
4576 3910 4630 4059 du
4711 3910 4928 4059 poig-

608 4046 829 4189 nard.
997 4046 1438 4189 Executant
1490 4046 1542 4189 la
1620 4046 2074 4189 troizieſme
2190 4046 2203 4189 &
2268 4046 2605 4189 derniere
2670 4046 3072 4189 operation
3163 4046 3228 4189 de
3293 4046 3345 4189 ce
3448 4046 3811 4189 Tableau,
3850 4046 3889 4189 il
3928 4046 4097 4189 faut
4162 4046 4499 4189 prendre
4576 4046 4784 4189 garde
4836 4046 4888 4189 en

640 4179 951 4327 dreſſant
1007 4179 1049 4327 ſa
1106 4179 1303 4327 lame
1374 4179 1741 4327 deſſoubs
1826 4179 1840 4327 &
1896 4179 2051 4327 pres
2122 4179 2178 4327 de
2235 4179 2277 4327 la
2348 4179 2559 4327 garde
2630 4179 2686 4327 de
2743 4179 2785 4327 ſa
2842 4179 3110 4327 partie,
3166 4179 3223 4327 de
3279 4179 3364 4327 ne
3420 4179 3759 4327 toucher
3801 4179 3858 4327 le
3900 4179 4055 4327 fort
4126 4179 4422 4327 d’icelle,
4521 4179 4718 4327 auſe
4789 4179 4916 4327 que

603 4319 655 4462 le
707 4319 1110 4462 poignard
1149 4319 1331 4462 (qui
1383 4319 1578 4462 pour
1630 4319 1669 4462 la
1734 4319 2071 4462 ſecourir
2136 4319 2214 4462 eſt
2266 4319 2669 4462 touſiours
2721 4319 3033 4462 environ
3111 4319 3163 4462 ce
3215 4319 3410 4462 lieu)
3449 4319 3488 4462 la
3552 4319 3877 4462 pouroit
3955 4319 4202 4462 parer;
4267 4319 4371 4462 par
4436 4319 4618 4462 ainſi
4670 4319 4709 4462 ſi
4787 4319 4917 4462 cela

609 4451 661 4601 ſe
712 4451 997 4601 faiſoit,
1061 4451 1126 4601 on
1190 4451 1449 4601 auroit
1526 4451 1578 4601 de
1629 4451 1668 4601 la
1733 4451 1952 4601 peine
2004 4451 2004 4601 à
2068 4451 2469 4601 recouvrir
2520 4451 2611 4601 ſon
2701 4451 3179 4601 advantage.
3269 4451 3450 4601 Tout
3528 4451 3657 4601 cela
3734 4451 3786 4601 ſe
3864 4451 4044 4601 verra
4122 4451 4587 4601 clairement
4651 4451 4768 4601 par
4832 4451 4923 4601 les

624 4588 1083 4736 operations
1159 4588 1579 4736 ſuivantes,
1681 4588 1681 4736 &
1732 4588 2280 4736 inſtruions
2357 4588 2650 4736 donnes
2713 4588 2815 4736 ſur
2879 4588 3261 4736 chaſcune
3350 4588 3694 4736 dicelles,
3758 4588 3860 4736 qui
3911 4588 4064 4736 bien
4140 4588 4599 4736 entendues
4713 4588 4713 4736 &
4777 4588 4917 4736 ſui-

625 4723 780 4867 vies,
850 4723 1259 4867 rendront
1301 4723 1527 4867 facile
1583 4723 1639 4867 ce
1710 4723 1823 4867 qui
1893 4723 1949 4867 de
2006 4723 2118 4867 ſoy
2175 4723 2471 4867 ſemble
2527 4723 2851 4867 preſque
2893 4723 3429 4867 impoſsibile.
