5479 7714
3563 4598 3880 4762 Cercle
4084 4598 4355 4762 N.5.

1307 3676 1627 3855 Cercle
1924 3676 2084 3855 .

1284 407 1597 573 Cercle
1821 407 2090 573 N.2.

3541 406 3867 571 Cercle
4150 406 4324 571 .4.

2840 655 3132 779 Alexandre
3188 655 3335 779 apres
3368 655 3458 779 une
3503 655 3762 779 pourſuite
3818 655 4043 779 prompte
4111 655 4145 779 du
4190 655 4336 779 corps
4426 655 4426 779 &
4493 655 4527 779 du
4583 655 4718 779 bras,
4763 655 4955 779 gradue

2930 782 2988 906 les
3034 782 3196 906 lames
3242 782 3346 906 d’un
3392 782 3496 906 bras
3542 782 3785 906 eſtandu,
3866 782 3993 906 &tire
4039 782 4120 906 une
4166 782 4397 906 eſtocade
4455 782 4489 906 du
4536 782 4732 906 longde
4778 782 4951 906 l’eſpee

2932 906 3068 1028 entre
3124 906 3192 1028 les
3260 906 3385 1028 deux
3431 906 3669 1028 armesde
3714 906 3748 1028 ſa
3793 906 3998 1028 partie,
4054 906 4088 1028 de
4134 906 4360 1028 laquelle
4395 906 4429 1028 il
4463 906 4497 1028 le
4531 906 4678 1028 bleſſe
4723 906 4769 1028 au
4825 906 4950 1028 haut

2947 1042 2969 1158 de
3023 1042 3055 1158 la
3099 1042 3369 1158 poicrine,
3402 1042 3510 1158 puis
3553 1042 3845 1158 augmente
3878 1042 3943 1158 ſon
3997 1042 4105 1158 coup
4159 1042 4202 1158 au
4267 1042 4483 1158 travers
4548 1042 4581 1158 du
4624 1042 4797 1158 corps.

2828 4853 3020 4971 Comme
3077 4853 3144 4971 les
3189 4853 3392 4971 parties
3449 4853 3550 4971 ſont
3618 4853 3652 4971 en
3719 4853 3922 4971 poſture
3967 4853 4001 4971 en
4058 4853 4092 4971 la
4148 4853 4306 4971 forme
4385 4853 4419 4971 du
4486 4853 4644 4971 Cercle
4689 4853 4949 4971 premier,

2943 4976 3063 5096 ainſi
3111 4976 3387 5096 qu’Alex.
3448 4976 3604 5096 eſleve
3652 4976 3676 5096 le
3736 4976 3844 5096 pied
3892 4976 4013 5096 droit
4109 4976 4109 5096 &
4157 4976 4337 5096 l’eſpee
4385 4976 4626 5096 enſemble
4674 4976 4854 5096 comme
4902 4976 4950 5096 au

2970 5104 3123 5221 Cercle
3181 5104 3228 5221 2.
3286 5104 3438 5221 Zach.
3474 5104 3544 5221 ſes
3579 5104 3708 5221 force
3754 5104 3813 5221 icy
3871 5104 3895 5221 de
3942 5104 4094 5221 parer
4152 5104 4187 5221 du
4234 5104 4503 5221 poignard
4644 5104 4725 5221 par
4772 5104 4807 5221 ce
4866 5104 4948 5221 mo-

2948 5229 3020 5349 yen
3068 5229 3092 5349 il
3128 5229 3272 5349 laiſſe
3308 5229 3512 5349 tomber
3560 5229 3584 5349 le
3620 5229 3728 5349 bras
3908 5229 4124 5349 l’eſpee,
4208 5229 4244 5349 de
4304 5229 4424 5349 quoy
4519 5229 4807 5349 Alexandre
4867 5229 4951 5349 ad-

2944 5354 3081 5473 verti
3134 5354 3218 5473 par
3260 5354 3292 5473 le
3334 5354 3651 5473 ſentiment,
3693 5354 3851 5473 apres
3914 5354 4052 5473 avoir
4115 5354 4305 5473 tourné
4347 5354 4368 5473 le
4431 5354 4579 5473 corps
4642 5354 4748 5473 hors
4822 5354 4853 5473 de
4917 5354 4948 5473 la

2945 5472 3175 5596 preſencé
3236 5472 3272 5596 de
3308 5472 3345 5596 la
3393 5472 3514 5596 lame
3575 5472 3611 5596 de
3648 5472 3684 5596 ſa
3732 5472 3926 5596 partie,
3962 5472 3987 5596 il
4023 5472 4047 5596 le
4096 5472 4229 5596 bleſſe
4277 5472 4326 5596 au
4374 5472 4495 5596 coſté
4544 5472 4834 5596 gauche.

3323 5655 3323 5778 E
3433 5655 3678 5778 Cercle
3740 5655 3875 5778 tire
3924 5655 3961 5778 ſa
4022 5655 4292 5778 ſource
4366 5655 4427 5778 de
4476 5655 4930 5778 l’operation

3297 5780 3357 5878 du
3464 5780 3702 5878 Cercle
3821 5780 3857 5878 N.
3916 5780 3952 5878 1.
4071 5780 4083 5878 &
4155 5780 4202 5878 du
4298 5780 4953 5878 commencemẽt

3298 5906 3358 6021 de
3431 5906 3600 6021 celle
3672 5906 4058 6021 duCercle
4167 5906 4203 6021 N.
4251 5906 4287 6021 2.
4336 5906 4384 6021 Ou
4493 5906 4963 6021 ALEXANDRE

3285 6028 3297 6151 a
3357 6028 3585 6151 eſlevé
3633 6028 3693 6151 le
3741 6028 3909 6151 pied
3981 6028 4160 6151 droit
4268 6028 4280 6151 &
4328 6028 4592 6151 l’eſpee
4664 6028 4952 6151 enſem-

2828 6155 2987 6277 ble,
3036 6155 3452 6277 attachant
3501 6155 3623 6277 par
3684 6155 3746 6277 ce
3831 6155 4125 6277 moyen,
4248 6155 4260 6277 &
4309 6155 4664 6277 ſaiſiſſant
4737 6155 4860 6277 par
4896 6155 4957 6277 le

2840 6275 3212 6393 deſſoubs
3286 6275 3335 6393 en
3435 6275 3682 6393 forme
3756 6275 4252 6393 d’obligation
4351 6275 4400 6393 la
4487 6275 4685 6393 lame
4772 6275 4834 6393 de
4896 6275 4945 6393 ſa

2828 6403 3105 6526 partie,
3165 6403 3357 6526 pour
3393 6403 3442 6526 la
3514 6403 4055 6526 ſurprendre;
4116 6403 4417 6526 comme
4477 6403 4513 6526 il
4585 6403 4669 6526 eſt
4717 6403 4946 6526 ſpeci-

2825 6531 2898 6652 fié
2946 6531 3212 6652 audits
3297 6531 3612 6652 Cercles.
3696 6531 3696 6652 Z
3757 6531 4132 6652 ACHARIE
4205 6531 4241 6652 en
4326 6531 4543 6652 celuy
4604 6531 4701 6652 cy,
4737 6531 4943 6652 tour-

2823 6656 2904 6774 ne
2985 6656 3031 6774 au
3146 6656 3411 6774 meſme
3503 6656 4010 6774 mouvement
4080 6656 4137 6774 le
4218 6656 4402 6774 coſté
4529 6656 4541 6774 &
4598 6656 4944 6774 leſpaule

2849 6780 3135 6902 gauche
3195 6780 3243 6902 en
3314 6780 3589 6902 avant,
3648 6780 3875 6902 ayant
3947 6780 3994 6902 le
4066 6780 4233 6902 bras
4364 6780 4364 6902 &
4436 6780 4484 6902 le
4555 6780 4949 6902 poignard

2846 6906 3259 7028 eſtandus,
3322 6906 3509 7028 pour
3560 6906 3747 7028 ſaiſir
3823 6906 4148 7028 d’iceluy
4211 6906 4261 7028 la
4324 6906 4511 7028 lame
4587 6906 4649 7028 de
4699 6906 4737 7028 ſa
4799 6906 4962 7028 par-

4828 7043 4959 7135 tie,

591 650 769 770 Comme
859 650 1104 770 Zacharie
1160 650 1383 770 attand,
1461 650 1751 770 Alexandre
1796 650 2053 770 pourſuit,
2086 650 2298 770 portant
2343 650 2377 770 la
2421 650 2589 770 pointe
2644 650 2678 770 de

688 775 732 888 ſa
775 775 894 888 lame
948 775 980 888 en
1034 775 1153 888 haut
1196 775 1239 888 en
1293 775 1510 888 dedans,
1596 775 1596 888 &
1639 775 1931 888 l’accouple
1974 775 2007 888 le
2050 775 2244 888 nombre
2320 775 2352 888 5.
2417 775 2461 888 au
2536 775 2579 888 7.
2655 775 2687 888 de

689 903 801 1018 celle
857 903 891 1018 de
936 903 981 1018 ſa
1026 903 1217 1018 partie,
1273 903 1374 1018 puis
1430 903 1576 1018 apres
1621 903 1756 1018 avoir
1801 903 1925 1018 faict
1969 903 2048 1018 une
2093 903 2273 1018 pauſe,
2295 903 2329 1018 il
2363 903 2677 1018 transporte

683 1026 748 1146 les
814 1026 934 1146 deux
977 1026 1141 1146 lames
1184 1026 1184 1146 à
1250 1026 1479 1146 gauche,
1511 1026 1784 1146 ſujettant
1838 1026 1838 1146 à
1893 1026 1925 1146 la
1969 1026 2154 1146 cheute
2209 1026 2241 1146 du
2296 1026 2438 1146 corps
2481 1026 2590 1146 celle
2645 1026 2677 1146 de

685 1153 747 1261 ſon
798 1153 1148 1261 contraire.

1042 1309 1445 1430 ACHARIE
1537 1309 1964 1430 attandant
2033 1309 2067 1430 la
2182 1309 2678 1430 precedente

1024 1436 1472 1554 operation,
1555 1436 1567 1554 A
1637 1436 2133 1554 LEXANDRE
2180 1436 2215 1554 la
2286 1436 2675 1554 pourſuit,

1075 1558 1075 1679 &
1136 1558 1462 1679 eſlevant
1511 1558 1571 1679 le
1632 1558 1801 1679 pied
1886 1558 2115 1679 droit,
2176 1558 2212 1679 il
2273 1558 2490 1679 porte
2575 1558 2684 1679 en-

1010 1682 1302 1803 ſemble
1387 1682 1837 1803 egalement
1897 1682 1946 1803 la
2007 1682 2274 1803 pointe
2347 1682 2408 1803 de
2481 1682 2529 1803 ſa
2602 1682 2687 1803 la-

593 1811 663 1915 me
733 1811 779 1915 en
861 1811 1094 1915 haut,
1129 1811 1175 1915 la
1269 1811 1583 1915 mettant
1641 1811 1688 1915 en
1793 1811 2131 1915 dedans,
2201 1811 2247 1915 le
2375 1811 2410 1915 N.
2480 1811 2515 1915 5.
2585 1811 2690 1915 d’i-

577 1933 855 2054 celleau
982 1933 1121 2054 N.7.
1197 1933 1248 2054 de
1324 1933 1489 2054 celle
1565 1933 1628 2054 de
1679 1933 1730 2054 ſa
1780 1933 2059 2054 partie;
2173 1933 2173 2054 &
2236 1933 2452 2054 apres
2515 1933 2680 2054 qu’il

556 2061 568 2178 à
629 2061 788 2178 fai
849 2061 984 2178 une
1057 2061 1302 2178 petite
1376 2061 1596 2178 pauſe
1682 2061 1731 2178 du
1816 2061 1988 2178 pied
2049 2061 2330 2178 eſlevé,
2391 2061 2502 2178 afin
2612 2061 2673 2178 de

560 2185 709 2302 voir
754 2185 788 2302 ſi
846 2185 880 2302 ſa
948 2185 1188 2302 partie
1234 2185 1314 2302 ne
1382 2185 1554 2302 veut
1599 2185 1737 2302 rien
1805 2185 2171 2302 attanter,
2205 2185 2239 2302 il
2319 2185 2593 2302 marche
2650 2185 2662 2302 a

569 2309 760 2431 coſté
820 2309 868 2431 en
963 2309 1286 2431 dedans,
1333 2309 1811 2431 tranſportãt
1883 2309 2265 2431 enſemble
2312 2309 2420 2431 les
2491 2309 2671 2431 deux

555 2435 801 2555 lames
850 2435 850 2555 à
899 2435 1010 2555 ſon
1084 2435 1281 2555 coſté
1355 2435 1687 2555 gauche;
1748 2435 1908 2555 puis
1957 2435 2314 2555 plantant
2376 2435 2425 2555 le
2499 2435 2671 2555 pied

572 2560 800 2678 eſlevé
851 2560 914 2678 au
1002 2560 1167 2678 deça
1255 2560 1306 2678 du
1458 2560 1825 2678 Diametre
1901 2560 2002 2678 ſur
2052 2560 2090 2678 la
2166 2560 2369 2678 ligne
2445 2560 2596 2678 IN,
2647 2560 2685 2678 il

554 2681 750 2806 laiſſe
835 2681 1190 2806 pencher
1251 2681 1300 2806 le
1386 2681 1594 2806 corps
1704 2681 1937 2806 deſſus
2023 2681 2206 2806 avec
2267 2681 2329 2806 le
2427 2681 2659 2806 genou

550 2809 838 2929 ployé,
874 2809 1162 2929 laiſſant
1222 2809 1462 2929 ſuivre
1510 2809 1558 2929 le
1642 2809 1930 2929 gauche
2002 2809 2050 2929 en
2134 2809 2674 2929 circonferen-

565 2936 625 3052 ce
672 2936 851 3052 hors
922 2936 970 3052 du
1089 2936 1375 3052 Cercle,
1506 2936 1506 3052 &
1566 2936 1899 3052 tendant
1947 2936 2007 3052 le
2078 2936 2292 3052 corps
2352 2936 2686 3052 propor-

553 3058 1155 3176 tionellement,
1202 3058 1238 3176 il
1285 3058 1569 3176 ſujette
1616 3058 1663 3176 (à
1722 3058 1758 3176 la
1841 3058 2112 3176 cheute
2183 3058 2242 3176 du
2325 3058 2538 3176 corps
2597 3058 2644 3176 en

551 3185 870 3303 portant
941 3185 1308 3303 l’eſpaule
1391 3185 1675 3303 gauche
1758 3185 1805 3303 en
1900 3185 2184 3303 avant)
2231 3185 2278 3303 la
2349 3185 2539 3303 lame
2610 3185 2669 3303 de

549 3304 655 3407 ſon
773 3304 1221 3407 contraire;
1304 3304 1481 3407 ſelon
1575 3304 1611 3407 la
1705 3304 2319 3407 demonſtration
2425 3304 2543 3407 des
2614 3304 2684 3407 fi-

581 3466 823 3557 gures.

3308 1229 3423 1356 Ecy
3486 1229 3575 1356 eſt
3639 1229 3919 1356 encore
3970 1229 4008 1356 la
4071 1229 4491 1356 pourſuite
4568 1229 4631 1356 de
4682 1229 4733 1356 la
4796 1229 4962 1356 pre-

3275 1356 3614 1480 cedente
3704 1356 4155 1480 operation.
4302 1356 4945 1480 ALEXANDRE

3268 1476 3788 1606 pourſuivant
3894 1476 4521 1606 promptement
4651 1476 4946 1606 marche

3287 1605 3337 1728 en
3450 1605 3737 1728 dedans
3825 1605 3875 1728 du
3962 1605 4137 1728 pied
4225 1605 4487 1728 droi,
4562 1605 4962 1728 avançant

2836 1723 2897 1856 de
2971 1723 3230 1856 meſme
3279 1723 3537 1856 temps
3587 1723 3636 1856 le
3698 1723 3944 1856 corps,
4055 1723 4055 1856 &
4128 1723 4510 1856 graduant
4572 1723 4707 1856 d’un
4781 1723 4941 1856 bras

2828 1855 3125 1979 eſtandu
3203 1855 3280 1979 (ſa
3345 1855 3603 1979 pointe
3668 1855 3990 1979 baiſſée)
4029 1855 4068 1979 ſa
4133 1855 4365 1979 lame,
4404 1855 4443 1979 il
4481 1855 4610 1979 tire
4675 1855 4727 1979 le
4765 1855 4959 1979 long

2840 1981 2892 2103 de
2944 1981 3216 2103 l’eſpee
3268 1981 3423 2103 (par
3462 1981 3514 2103 le
3592 1981 3877 2103 dedans
3980 1981 3993 2103 &
4071 1981 4227 2103 pres
4317 1981 4369 2103 du
4447 1981 4602 2103 bras
4667 1981 4952 2103 droi)

2822 2101 3022 2229 entre
3093 2101 3187 2229 les
3258 2101 3446 2229 deux
3494 2101 3741 2229 armes
3812 2101 3871 2229 de
3929 2101 3977 2229 ſa
4035 2101 4330 2229 partie,
4377 2101 4424 2229 le
4483 2101 4813 2229 bleſſant
4860 2101 4919 2229 au

2815 2229 2991 2357 haut
3079 2229 3130 2357 de
3180 2229 3218 2357 la
3281 2229 3723 2357 poirine,
3773 2229 4126 2357 plantant
4189 2229 4580 2357 enſemble
4656 2229 4706 2357 le
4769 2229 4946 2357 pied

2828 2357 3055 2475 eſlevé
3117 2357 3457 2475 pardeça
3508 2357 3558 2475 le
3659 2357 4024 2475 Diametre
4087 2357 4087 2475 à
4149 2357 4187 2475 la
4238 2357 4477 2475 lettre
4540 2357 4590 2475 S,
4640 2357 4942 2475 laiſſant

2825 2482 3166 2609 pencher
3215 2482 3264 2609 le
3324 2482 3544 2609 corps
3605 2482 3873 2609 deſſus,
3910 2482 4092 2609 avec
4153 2482 4568 2609 pourſuite
4641 2482 4690 2609 du
4775 2482 4946 2609 pied

2832 2607 3118 2733 gauche
3166 2607 3166 2733 à
3225 2607 3261 2733 la
3321 2607 3547 2733 lettre
3643 2607 3714 2733 P,
3798 2607 4334 2733 augmentant
4406 2607 4501 2733 ſon
4596 2607 4787 2733 coup
4859 2607 4918 2733 au

2811 2734 3108 2859 travers
3195 2734 3245 2859 du
3344 2734 3628 2859 corps,
3690 2734 3727 2859 il
3789 2734 4012 2859 porte
4074 2734 4346 2859 l’eſpée
4433 2734 4495 2859 de
4569 2734 4618 2859 ſa
4693 2734 4940 2859 partie

2814 2858 3025 2981 (avec
3083 2858 3130 2981 la
3224 2858 3482 2981 pointe
3564 2858 4137 2981 adcendente)
4208 2858 4255 2981 en
4348 2858 4524 2981 haut
4594 2858 4641 2981 en
4711 2858 4934 2981 angle

2821 2983 3084 3103 obtus;
3175 2983 3473 3103 comme
3518 2983 3621 3103 les
3667 2983 3964 3103 figures
4044 2983 4501 3103 monſtrent.

2948 3105 2996 3227 Il
3057 3105 3201 3227 faut
3286 3105 3467 3227 eſtre
3539 3105 3889 3227 adverti,
3974 3105 4107 3227 que
4203 3105 4638 3227 Alexandre
4734 3105 4940 3227 doibt

2813 3228 2993 3352 tirer
3041 3228 3137 3352 ſon
3221 3228 3413 3352 coup
3473 3228 3521 3352 en
3617 3228 3869 3352 dedãs,
3965 3228 3977 3352 &
4037 3228 4326 3352 proche
4410 3228 4458 3352 du
4530 3228 4686 3352 bras
4758 3228 4938 3352 droit

2828 3352 2902 3476 de
2951 3352 2988 3476 ſa
3050 3352 3333 3476 partie,
3382 3352 3567 3476 pour
3641 3352 4010 3476 prevenir
4059 3352 4108 3476 la
4170 3352 4453 3476 parade
4515 3352 4675 3476 qu’il
4724 3352 4958 3476 pour-

2814 3478 2959 3600 roit
3008 3478 3480 3600 autrement
3528 3478 3710 3600 faire
3770 3478 3940 3600 avec
3988 3478 4097 3600 ſon
4170 3478 4594 3600 poignard,
4666 3478 4727 3600 ce
4787 3478 4957 3600 qu’il

2815 3604 2897 3727 ne
2956 3604 3228 3727 pourra
3287 3604 3405 3727 pas
3464 3604 3511 3727 en
3582 3604 3983 3727 l’occaſion
4101 3604 4338 3727 die:
4420 3604 4727 3727 pource
4810 3604 4940 3727 que

2821 3726 2909 3853 s’il
2972 3726 3224 3853 perce,
3249 3726 3286 3853 il
3324 3726 3450 3853 luy
3500 3726 3638 3853 ſera
3689 3726 3902 3853 force
3978 3726 4041 3853 de
4091 3726 4405 3853 frapper
4468 3726 4568 3853 ſon
4656 3726 4945 3853 propre

2816 3853 2987 3978 bras
3036 3853 3219 3978 avec
3268 3853 3365 3978 ſon
3450 3853 3877 3978 poignard,
3999 3853 4011 3978 &
4060 3853 4109 3978 le
4157 3853 4316 3978 bras
4401 3853 4657 3978 meſme
4706 3853 4828 3978 luy
4901 3853 4950 3978 o-

2814 3980 2997 4099 ſtera
3046 3980 3083 4099 la
3156 3980 3644 4099 commodité
3717 3980 3778 4099 de
3839 3980 4083 4099 parer.

584 3963 839 4081 Zacharie
885 3963 1070 4081 voyant
1116 3963 1151 4081 ſa
1197 3963 1325 4081 lame
1371 3963 1672 4081 aſſujettie,
1706 3963 1996 4081 augmente
2042 3963 2065 4081 le
2111 3963 2400 4081 ſentiment
2447 3963 2493 4081 au
2539 3963 2690 4081 poids

663 4090 763 4207 fort
808 4090 931 4207 pour
976 4090 1200 4207 ſujetter
1244 4090 1356 4207 celle
1423 4090 1446 4207 de
1513 4090 1558 4207 ſa
1602 4090 1804 4207 partie,
1893 4090 2184 4207 Alexandre
2229 4090 2307 4207 ſur
2363 4090 2397 4207 ce
2486 4090 2676 4207 mouve-

688 4217 796 4330 ment
839 4217 1239 4330 tiraſdomme
1293 4217 1401 4330 vers
1433 4217 1498 4330 ſon
1552 4217 1725 4330 viſage
1779 4217 1844 4330 les
1898 4217 2178 4330 gradue,
2232 4217 2600 4330 augmentant
2654 4217 2675 4330 le

671 4340 815 4456 poids
848 4340 881 4456 en
937 4340 1036 4456 plus
1080 4340 1213 4456 fort,
1280 4340 1379 4456 puis
1446 4340 1745 4456 desgradue
1822 4340 2055 4456 derechef
2121 4340 2187 4456 les
2221 4340 2431 4456 lames,
2519 4340 2674 4456 domp-

673 4459 783 4580 tant
831 4459 855 4580 le
904 4459 1050 4580 poids
1098 4459 1135 4580 de
1171 4459 1208 4580 ſa
1256 4459 1463 4580 partie,
1499 4459 1535 4580 la
1584 4459 1705 4580 lame
1766 4459 1948 4580 duquel
1997 4459 2361 4580 ilaſſujettiſt
2410 4459 2519 4580 avec
2580 4459 2689 4580 plus

686 4598 1104 4705 d’avantage.

1054 4784 1054 4899 E
1190 4784 1437 4899 Cercle
1535 4784 1893 4899 contient
1967 4784 2017 4899 la
2103 4784 2510 4899 pourſuite
2609 4784 2658 4899 du

1012 4907 1497 5028 precedent,
1544 4907 1601 5028 ou
1671 4907 1705 5028 la
1763 4907 1959 5028 lame
2017 4907 2606 5028 deZACHARIE
2664 4907 2676 5028 à

1032 5030 1158 5150 eſté
1208 5030 1635 5150 aſſujettie.
1685 5030 1798 5150 icy
1861 5030 1899 5150 il
1949 5030 2376 5150 augmente
2426 5030 2477 5150 le
2527 5030 2678 5150 ſen-

1015 5158 1298 5273 timent
1369 5158 1416 5273 au
1510 5158 1746 5273 poids
1793 5158 2005 5273 fort,
2099 5158 2288 5273 pour
2347 5158 2677 5273 ſujetter

564 5283 746 5402 celle
803 5283 871 5402 de
928 5283 963 5402 ſa
1042 5283 1350 5402 partie:
1441 5283 1601 5402 mais
1646 5283 1703 5402 au
1829 5283 2079 5402 meſme
2170 5283 2683 5402 mouvement

589 5406 1151 5523 ALEXANDRE
1243 5406 1506 5523 gradue
1564 5406 1632 5523 un
1724 5406 1839 5523 peu
1908 5406 1965 5523 le
2022 5406 2355 5523 nombre
2423 5406 2538 5523 des
2595 5406 2687 5523 la-

586 5533 739 5650 mes,
798 5533 1092 5650 comme
1162 5533 1244 5650 s’il
1303 5533 1597 5650 vouloit
1656 5533 1820 5650 tirer
1879 5533 1926 5650 au
2008 5533 2255 5650 viſage
2325 5533 2384 5650 de
2431 5533 2478 5650 ſa
2537 5533 2689 5650 par-

554 5655 705 5774 tie,
775 5655 892 5774 par
962 5655 1137 5774 ainſi
1183 5655 1230 5774 il
1300 5655 1545 5774 donne
1638 5655 1964 5774 occaſion
2069 5655 2256 5774 pour
2326 5655 2536 5774 parer
2606 5655 2652 5774 en

559 5779 785 5904 poids
835 5779 998 5904 plus
1048 5779 1249 5904 fort;
1287 5779 1337 5904 la
1412 5779 1651 5904 deſſus
1726 5779 2027 5904 entrant
2090 5779 2140 5904 du
2215 5779 2378 5904 pied
2454 5779 2679 5904 droi

562 5908 677 6027 par
766 5908 931 6027 deça
1008 5908 1059 6027 le
1186 5908 1555 6027 Diametre
1645 5908 1746 6027 ſur
1823 5908 1861 6027 la
1937 5908 2141 6027 ligne
2268 5908 2281 6027 M
2345 5908 2396 6027 S,
2434 5908 2472 6027 il
2523 5908 2676 6027 des-

579 6031 850 6154 gradue
956 6031 1332 6154 derechef
1391 6031 1485 6154 les
1556 6031 1839 6154 lames,
1933 6031 2345 6154 domptant
2416 6031 2533 6154 par
2616 6031 2675 6154 ce

594 6154 832 6279 moyen
904 6154 1560 6279 l’augmentation
1643 6154 1691 6279 du
1762 6154 1989 6279 poids
2060 6154 2120 6279 de
2168 6154 2203 6279 ſa
2263 6154 2537 6279 partie;
2585 6154 2680 6279 ce-

562 6280 915 6400 pendant
965 6280 1003 6400 il
1041 6280 1242 6400 laiſſe
1280 6280 1330 6400 le
1406 6280 1620 6400 corps
1670 6280 1771 6400 ſur
1821 6280 1872 6400 le
1922 6280 2098 6400 pied
2187 6280 2413 6400 droi
2476 6280 2678 6400 plan-

560 6404 656 6526 té,
704 6404 1027 6526 portant
1086 6404 1134 6526 en
1206 6404 1433 6526 avant
1481 6404 1529 6526 le
1601 6404 1792 6526 coſté
1888 6404 2175 6526 gauche
2223 6404 2402 6526 avec
2462 6404 2521 6526 le
2581 6404 2689 6526 ge-

564 6532 698 6653 nou
771 6532 1025 6653 ployé,
1050 6532 1086 6653 il
1135 6532 1511 6653 affermiſt
1572 6532 1681 6653 par
1742 6532 1802 6653 ce
1887 6532 2130 6653 moyen
2191 6532 2239 6653 le
2300 6532 2458 6653 bras
2506 6532 2506 6653 à
2567 6532 2664 6653 ſon

580 6654 767 6773 coſté
842 6654 1067 6773 droit,
1167 6654 1179 6773 &
1229 6654 1503 6773 ſujette
1591 6654 1965 6773 derechef
2015 6654 2189 6773 avec
2264 6654 2426 6773 plus
2501 6654 2676 6773 d’ad-

570 6784 896 6900 vantage
943 6784 989 6900 la
1036 6784 1234 6900 lame
1292 6784 1362 6900 de
1408 6784 1513 6900 ſon
1595 6784 2002 6900 contraire,
2060 6784 2351 6900 comme
2398 6784 2432 6900 il
2479 6784 2689 6900 apert

563 6905 703 7026 aux
754 6905 1085 7026 figures.
