5479 7714
3631 3499 3932 3669 Cercle
4125 3499 4383 3669 N.8.

609 363 731 495 tie,
840 363 852 495 &
901 363 937 495 la
1022 363 1277 495 parer,
1338 363 1629 495 laiſſant
1690 363 2321 495 enſemblement
2382 363 2698 495 tomber

613 491 662 617 le
711 491 882 617 bras
943 491 1127 617 droit
1237 491 1237 617 &
1274 491 1543 617 l’eſpee
1592 491 1812 617 (avec
1861 491 1898 617 la
1972 491 2241 617 pointe
2302 491 2608 617 baiſſée)
2682 491 2682 617 a

606 610 711 744 ſon
792 610 978 744 coſté
1048 610 1269 744 droit.
1351 610 1875 744 ALEXANDRE
1957 610 2178 744 eſtant
2224 610 2527 744 adverti
2574 610 2690 744 par

605 739 651 849 le
709 739 1137 849 ſentiment
1206 739 1275 849 de
1321 739 2095 849 l’abandonnement
2164 739 2222 849 de
2280 739 2326 849 ſa
2372 739 2592 849 lame,
2684 739 2696 849 &

625 861 754 993 que
806 861 857 993 ſa
922 861 1155 993 partie
1206 861 1206 993 à
1271 861 1490 993 porté
1542 861 1594 993 le
1658 861 2188 993 coſtégauche
2291 861 2304 993 &
2369 861 2420 993 le
2485 861 2705 993 poig-

604 984 783 1111 nard
843 984 890 1111 en
962 984 1224 1111 avant,
1272 984 1439 1111 fai
1498 984 1629 1111 une
1689 984 1903 1111 pauſe
1975 984 2035 1111 de
2094 984 2189 1111 ſon
2261 984 2428 1111 pied
2511 984 2690 1111 droit

620 1112 848 1237 eſlevé
920 1112 1136 1237 avant
1220 1112 1352 1237 que
1412 1112 1460 1237 le
1520 1112 1868 1237 planter;
1940 1112 2096 1237 puis
2144 1112 2180 1237 il
2276 1112 2552 1237 marche
2624 1112 2672 1237 du

638 1235 891 1358 meſme
937 1235 1029 1358 (au
1133 1235 1639 1358 mouvement
1708 1235 1834 1358 que
1880 1235 1926 1358 ſa
1984 1235 2214 1358 partie
2271 1235 2432 1358 fai
2513 1235 2559 1358 en
2628 1235 2685 1358 ſe

602 1358 1024 1482 tournant)
1073 1358 1181 1482 par
1254 1358 1387 1482 dela
1471 1358 1520 1482 du
1628 1358 2003 1482 Diametre
2051 1358 2063 1482 à
2111 1358 2160 1482 la
2208 1358 2437 1482 lettre
2534 1358 2570 1482 X,
2691 1358 2703 1482 &

615 1483 939 1608 eſlevant
999 1483 1059 1608 le
1143 1483 1431 1608 gauche
1491 1483 1527 1608 il
1575 1483 1851 1608 avance
1911 1483 1947 1608 ſa
2007 1483 2234 1608 lame,
2270 1483 2318 1608 la
2378 1483 2690 1608 baiſſant

611 1600 826 1733 d’une
910 1600 1506 1733 circonference
1578 1600 1805 1733 ſoubs
1864 1600 1912 1733 le
1960 1600 2127 1733 bras
2246 1600 2246 1733 &
2306 1600 2700 1733 poignard

622 1725 682 1855 de
731 1725 779 1855 ſa
840 1725 1107 1855 partie;
1204 1725 1216 1855 &
1277 1725 1641 1855 traiſnant
1714 1725 1763 1855 en
1836 1725 2030 1855 rond
2066 1725 2127 1855 le
2176 1725 2346 1855 pied
2406 1725 2698 1855 gauche

611 1854 834 1980 eſlevé
905 1854 1222 1980 derriere
1280 1854 1327 1980 le
1374 1854 1691 1980 planté,
1750 1854 1785 1980 il
1844 1854 2126 1980 tourne
2185 1854 2243 1980 le
2314 1854 2537 1980 corps
2584 1854 2690 1980 par

611 1976 670 2100 ce
753 1976 1001 2100 moyen
1072 1976 1249 2100 hors
1320 1976 1379 2100 de
1427 1976 1462 2100 la
1521 1976 1887 2100 preſence
1958 1976 2017 2100 de
2088 1976 2124 2100 la
2183 1976 2455 2100 pointe
2537 1976 2596 2100 de
2655 1976 2691 2100 ſa

596 2100 872 2224 partie;
920 2100 1077 2224 puis
1137 2100 1486 2224 plantant
1546 2100 1594 2224 le
1678 2100 1846 2224 pied
1931 2100 2183 2224 traiſné
2255 2100 2364 2224 par
2436 2100 2568 2224 dela
2640 2100 2688 2224 le

644 2220 1009 2323 Diametre
1070 2220 1070 2323 à
1131 2220 1168 2323 la
1229 2220 1448 2323 lettre
1521 2220 1582 2323 P,
1643 2220 1667 2323 il
1740 2220 1959 2323 bleſſe
2045 2220 2252 2323 d’une
2337 2220 2690 2323 eſtocade

594 2346 697 2471 ſon
777 2346 1166 2471 contraire
1223 2346 1269 2471 au
1361 2346 1555 2471 coſté
1613 2346 1944 2471 gauche;
2002 2346 2299 2471 comme
2345 2346 2448 2471 les
2505 2346 2689 2471 figu-

591 2470 706 2599 res
764 2470 1272 2599 enſeignent;
1375 2470 1375 2599 &
1456 2470 1814 2599 derechef
1860 2470 2379 2599 pourſuivant
2460 2470 2506 2599 en
2586 2470 2690 2599 en-

589 2590 786 2723 trant
879 2590 926 2723 du
1019 2590 1182 2723 pied
1263 2590 1496 2723 droit,
1554 2590 1589 2723 il
1659 2590 2089 2723 augmente
2159 2590 2252 2723 ſon
2356 2590 2531 2723 coup
2612 2590 2670 2723 au

588 2717 889 2839 travers
970 2717 1028 2839 du
1132 2717 1340 2839 corps
1409 2717 1421 2839 à
1490 2717 1525 2839 la
1605 2717 1814 2839 façon
1929 2717 1998 2839 de
2056 2717 2507 2839 l’operation
2611 2717 2657 2839 du

632 2839 872 2963 Cercle
981 2839 1101 2963 N.2.
1209 2839 1209 2963 &
1269 2839 1558 2963 pource
1642 2839 1775 2963 que
1859 2839 2039 2963 ceſte
2124 2839 2509 2963 operation
2605 2839 2689 2963 eſt

614 2960 965 3085 depeinte
1024 2960 1070 3085 en
1141 2960 1527 3085 pluſieurs
1585 2960 1937 3085 endroits
1995 2960 2065 3085 de
2124 2960 2182 3085 ce
2241 2960 2452 3085 livre,
2498 2960 2616 3085 elle
2674 2960 2686 3085 à

596 3085 733 3208 eſte
790 3085 1075 3208 obmiſe
1154 3085 1200 3208 en
1280 3085 1325 3208 ce
1416 3085 1690 3208 Cercle;
1735 3085 1792 3208 on
1861 3085 1998 3208 ſera
2066 3085 2510 3208 cependant
2567 3085 2681 3208 ad-

598 3209 783 3331 verti
887 3209 1072 3331 qu’en
1176 3209 1395 3331 toute
1476 3209 1904 3331 ſemblable
1996 3209 2389 3331 occaſion,
2436 3209 2459 3331 il
2528 3209 2678 3331 faut

624 3332 874 3454 mettre
921 3332 969 3454 le
1040 3332 1254 3454 corps
1313 3332 1491 3454 dans
1527 3332 1574 3454 la
1633 3332 2334 3454 perpendiculaire
2405 3332 2464 3454 de
2512 3332 2547 3454 la
2595 3332 2690 3454 la-

622 3453 692 3580 me
785 3453 832 3580 du
960 3453 1380 3580 Contraire,
1449 3453 1636 3580 pour
1694 3453 1753 3580 ſe
1858 3453 2172 3580 garantir
2254 3453 2370 3580 des
2452 3453 2685 3580 coups

606 3578 730 3699 que
787 3578 1273 3699 l’adverſaire
1386 3578 1737 3699 pourroit
1839 3578 2121 3699 donner
2189 3578 2404 3699 apres
2472 3578 2676 3699 avoir

612 3697 745 3788 eſté
798 3697 1063 3788 bleſſé.

1329 4338 1643 4515 Cercle
1936 4338 2104 4515 N6.

618 4580 868 4704 Zacharie
913 4580 1141 4704 reprend
1186 4580 1425 4704 nouvelle
1471 4580 1698 4704 poſture,
1778 4580 1960 4704 tenant
2005 4580 2039 4704 le
2074 4580 2199 4704 coſté
2256 4580 2369 4704 droit
2517 4580 2551 4704 le
2597 4580 2699 4704 bras

708 4700 955 4827 eſtandu,
1000 4700 1034 4827 la
1079 4700 1248 4827 pointe
1304 4700 1338 4827 de
1383 4700 1552 4827 l’eſpee
1608 4700 1811 4827 haute,
1856 4700 1878 4827 le
1946 4700 2059 4827 bras
2115 4700 2306 4827 gauche
2363 4700 2543 4827 courbé
2599 4700 2689 4827 der-

704 4828 835 4951 riere
878 4828 911 4951 la
955 4828 1096 4951 teſte,
1140 4828 1173 4951 la
1227 4828 1390 4951 pointe
1445 4828 1489 4951 du
1532 4828 1805 4951 poignard
1837 4828 1870 4951 en
1924 4828 2077 4951 haut.
2186 4828 2469 4951 Alexandre
2545 4828 2622 4951 met
2665 4828 2687 4951 le

745 4951 780 5074 N.
826 4951 861 5074 7.
920 4951 955 5074 de
1002 4951 1037 5074 ſa
1083 4951 1212 5074 lame
1247 4951 1340 5074 par
1387 4951 1410 5074 le
1469 4951 1656 5074 dedans
1702 4951 1749 5074 au
1843 4951 1878 5074 N.
1936 4951 1971 5074 4.
2029 4951 2065 5074 de
2100 4951 2216 5074 celle
2275 4951 2310 5074 de
2357 4951 2392 5074 ſa
2438 4951 2695 5074 partie.

1071 5149 1492 5284 ACHARIE
1550 5149 1854 5284 s’eſtant
1936 5149 2029 5284 mis
2099 5149 2134 5284 en
2216 5149 2578 5284 poſture,
2625 5149 2683 5284 le

1044 5288 1215 5413 pied
1288 5288 1459 5413 droit
1520 5288 1690 5413 avec
1751 5288 1812 5413 le
1873 5288 2105 5413 genou
2190 5288 2422 5413 ployé
2483 5288 2580 5413 ſur
2641 5288 2678 5413 la

1081 5412 1686 5534 Circonference
1747 5412 1747 5534 à
1809 5412 1846 5534 la
1908 5412 2130 5534 lettre
2216 5412 2253 5534 X,
2290 5412 2339 5534 le
2401 5412 2685 5534 gauche

1049 5535 1333 5661 eſtandu
1412 5535 1469 5661 vn
1560 5535 1776 5661 grand
1844 5535 1958 5661 pas
2049 5535 2401 5661 derriere,
2458 5535 2696 5661 corre-

580 5657 978 5785 ſpondant
1030 5657 1030 5785 à
1094 5657 1506 5785 l’oppoſité
1583 5657 1634 5785 de
1686 5657 1737 5785 la
1788 5657 2058 5785 pointe
2136 5657 2187 5785 du
2328 5657 2689 5785 Quadrat,

585 5780 989 5910 penchant
1047 5780 1105 5910 un
1174 5780 1302 5910 peu
1382 5780 1429 5910 le
1510 5780 1752 5910 corps,
1799 5780 2053 5910 tenant
2111 5780 2157 5910 le
2249 5780 2434 5910 coſté
2504 5780 2677 5910 droit

572 5904 971 6034 preſenté,
1008 5904 1056 6034 le
1105 5904 1274 6034 bras
1395 5904 1395 6034 &
1456 5904 1722 6034 l’eſpee
1806 5904 2170 6034 eſtandus
2218 5904 2266 6034 en
2339 5904 2593 6034 avant,
2629 5904 2666 6034 la

582 6027 843 6157 pointe
914 6027 973 6157 de
1032 6027 1080 6157 ſa
1127 6027 1317 6157 lame
1388 6027 1958 6157 adcendente,
2029 6027 2076 6157 le
2147 6027 2313 6157 bras
2396 6027 2681 6157 gauche

586 6148 872 6275 courbé
979 6148 979 6275 &
1062 6148 1158 6275 mis
1229 6148 1563 6275 derriere
1610 6148 1646 6275 la
1706 6148 1920 6275 teſte,
1956 6148 2134 6275 avec
2182 6148 2230 6275 le
2289 6148 2670 6275 poignard

584 6275 630 6396 en
709 6275 946 6396 haut,
1014 6275 1320 6396 comme
1388 6275 1478 6396 s’il
1535 6275 1829 6396 vouloit
1897 6275 2259 6396 attendre
2315 6275 2349 6396 la
2440 6275 2666 6396 partie

578 6398 757 6528 avec
817 6398 1091 6528 l’eſpee
1163 6398 1389 6528 ſeule.
1556 6398 2093 6528 ALEXANDRE
2153 6398 2583 6528 travaillant
2654 6398 2666 6528 à

571 6523 1040 6655 l’encontre,
1089 6523 1348 6655 plante
1398 6523 1447 6655 le
1496 6523 1669 6655 pied
1731 6523 2014 6655 gauche
2076 6523 2175 6655 ſur
2236 6523 2286 6655 le
2397 6523 2680 6655 Diame-

576 6648 672 6757 tre
744 6648 948 6757 entre
1044 6648 1044 6757 C
1152 6648 1164 6757 &
1260 6648 1308 6757 E,
1357 6648 1633 6757 tenant
1669 6648 1729 6757 le
1801 6648 1981 6757 droit
2065 6648 2282 6757 eſlevé
2342 6648 2666 6757 derriere

574 6770 622 6901 le
683 6770 964 6901 planté,
1037 6770 1208 6901 avec
1257 6770 1306 6901 le
1379 6770 1586 6901 corps
1647 6770 1940 6901 penché
2050 6770 2050 6901 &
2111 6770 2160 6901 le
2209 6770 2367 6901 bras
2453 6770 2673 6901 eſtan-

3307 4557 3319 4674 E
3416 4557 3657 4674 Cercle
3705 4557 3838 4674 tire
3910 4557 4007 4674 ſon
4091 4557 4380 4674 origine
4453 4557 4501 4674 du
4586 4557 4935 4674 commẽ-

3284 4678 3587 4797 cement
3654 4678 3710 4797 de
3755 4678 4204 4797 l’operation
4271 4678 4798 4797 precedente,
4843 4678 4899 4797 ou

3311 4803 3883 4924 ALEXANDRE
3960 4803 4015 4924 va
4103 4803 4411 4924 entrer;
4543 4803 4543 4924 &
4620 4803 4917 4924 comme

3281 4924 3378 5048 ſon
3476 4924 3694 5048 corps
3755 4924 3888 5048 (en
4010 4924 4374 5048 graduant
4435 4924 4532 5048 les
4617 4924 4933 5048 eſpees)

2838 5045 3308 5169 commence
3366 5045 3377 5169 à
3469 5045 3950 5169 tresbucher
4031 5045 4203 5169 hors
4294 5045 4363 5169 de
4443 5045 4535 5169 ſon
4650 5045 4925 5169 poids,

2870 5168 3393 5286 ZACHARIE
3469 5168 3512 5286 en
3599 5168 3654 5286 ce
3697 5168 3871 5286 lieu,
3915 5168 4078 5286 pare
4132 5168 4187 5286 au
4296 5168 4546 5286 meſme
4622 5168 4916 5286 mouve-

2856 5289 3042 5414 ment
3100 5289 3576 5414 l’eſtocade,
3635 5289 3809 5414 avec
3867 5289 3972 5414 ſon
4076 5289 4274 5414 eſpee
4344 5289 4378 5414 la
4460 5289 4715 5414 pointe
4797 5289 4913 5414 ad-

2839 5416 3231 5532 cendente
3332 5416 3343 5532 &
3399 5416 3455 5532 le
3500 5416 3668 5532 bras
3724 5416 3993 5532 eſlevé.
4116 5416 4643 5532 ALEXANDRE
4721 5416 4766 5532 en
4867 5416 4911 5532 e-

2827 5538 3016 5657 ſtant
3063 5538 3368 5657 adverti
3415 5538 3533 5657 par
3580 5538 3627 5657 le
3674 5538 4145 5657 ſentiment,
4251 5538 4251 5657 &
4309 5538 4592 5657 voyant
4662 5538 4792 5657 que
4862 5538 4898 5657 ſa

2828 5660 3071 5780 partie
3120 5660 3168 5780 ſe
3229 5660 3508 5780 couvre
3557 5660 3605 5780 le
3678 5660 3909 5780 viſage
3994 5660 4055 5780 de
4115 5660 4152 5780 ſa
4225 5660 4492 5780 garde,
4553 5660 4808 5780 plante
4856 5660 4905 5780 le

2828 5785 3004 5906 pied
3066 5785 3242 5906 droit
3304 5785 3530 5906 eſlevé
3593 5785 3906 5906 pardeça
3968 5785 4019 5906 le
4119 5785 4482 5906 Diametre
4532 5785 4633 5906 ſur
4695 5785 4733 5906 la
4783 5785 4908 5906 lig-

2822 5906 2904 6028 ne
2963 5906 3696 6028 perpendiculaire,
3791 5906 3803 6028 &
3862 5906 4228 6028 tournant
4275 5906 4323 6028 le
4394 5906 4595 6028 corps
4666 5906 4914 6028 deſſus

2819 6027 2854 6150 il
2901 6027 3171 6150 avance
3242 6027 3641 6150 viſtement
3688 6027 3735 6150 le
3782 6027 3958 6150 pied
4016 6027 4333 6150 gauche,
4369 6027 4744 6150 tournant
4791 6027 4908 6150 par

2831 6153 2890 6275 ce
2972 6153 3208 6275 moyen
3278 6153 3325 6275 le
3396 6153 3584 6275 coſté
3655 6153 3937 6275 gauche
3996 6153 4043 6275 en
4137 6153 4349 6275 avant
4420 6153 4585 6275 dans
4643 6153 4914 6275 l’angle

2835 6274 2898 6394 de
2948 6274 2985 6394 la
3048 6274 3235 6394 lame
3310 6274 3360 6394 de
3422 6274 3459 6394 ſa
3522 6274 3809 6394 partie,
3921 6274 3934 6394 &
3984 6274 4021 6394 la
4096 6274 4670 6394 deſgraduant,
4770 6274 4782 6394 &
4832 6274 4920 6394 af-

2819 6397 3254 6525 fermiſſant
3316 6397 3403 6525 ſon
3477 6397 3639 6525 bras
3689 6397 3751 6525 au
3838 6397 4024 6525 coſté
4099 6397 4322 6525 droit,
4422 6397 4447 6525 il
4496 6397 4919 6525 aſſujettiſt

2819 6524 2992 6643 ainſi
3042 6524 3079 6643 la
3129 6524 3315 6643 lame
3377 6524 3749 6643 d’iceluy,
3811 6524 4170 6643 plantant
4245 6524 4294 6643 en
4356 6524 4542 6643 ſuite
4617 6524 4666 6643 le
4741 6524 4914 6643 pied

2825 6646 3113 6773 gauche
3197 6646 3413 6773 eſlevé
3485 6646 3821 6773 pardeça
3881 6646 3941 6773 le
4049 6646 4410 6773 Diametre
4482 6646 4494 6773 à
4566 6646 4602 6773 la
4674 6646 4902 6773 lettre

2854 6770 2891 6898 T,
3028 6770 3040 6898 &
3090 6770 3201 6898 par
3251 6770 3300 6898 le
3350 6770 3783 6898 ſentiment
3833 6770 3870 6898 il
3932 6770 4415 6898 abandonne
4465 6770 4514 6898 la
4564 6770 4749 6898 lame
4836 6770 4898 6898 de

4865 6895 4904 6984 ſa

2859 377 2970 510 du,
3007 377 3044 510 il
3118 377 3241 510 met
3291 377 3389 510 ſon
3463 377 3673 510 eſpee
3747 377 3797 510 en
3895 377 4179 510 dedans
4253 377 4315 510 de
4377 377 4414 510 la
4488 377 4673 510 lame
4747 377 4809 510 de
4883 377 4920 510 ſa

2845 510 3078 624 partie
3128 510 3177 624 le
3287 510 3324 624 N.
3373 510 3410 624 7.
3459 510 3521 624 au
3644 510 3681 624 N.
3742 510 3791 624 4.
3853 510 4172 624 d’icelle;
4234 510 4529 624 comme
4590 510 4627 624 il
4664 510 4713 624 ſe
4774 510 4922 624 voit

2841 631 2976 749 aux
3026 631 3346 749 figures.

3563 854 3867 1036 Cercle
4192 854 4301 1036 .7

2864 1083 3159 1212 Alexandre
3205 1083 3477 1212 pourſuit,
3625 1083 3773 1212 apres
3818 1083 3954 1212 avoir
4011 1083 4204 1212 gradué
4238 1083 4283 1212 la
4329 1083 4454 1212 lame
4510 1083 4533 1212 de
4579 1083 4613 1212 ſa
4658 1083 4919 1212 partie,

2949 1209 3020 1331 luy
3056 1209 3258 1331 faiſant
3294 1209 3436 1331 ceder
3484 1209 3508 1331 la
3579 1209 3722 1331 droite
3757 1209 3912 1331 ligne,
3959 1209 3983 1331 il
4019 1209 4042 1331 ſe
4114 1209 4185 1331 met
4245 1209 4351 1331 dans
4387 1209 4577 1331 l’angle
4637 1209 4815 1331 d’icelle

2957 1330 2982 1448 le
3020 1330 3160 1448 bleſſe
3210 1330 3249 1448 au
3325 1330 3502 1448 deſſous
3553 1330 3578 1448 du
3629 1330 3718 1448 col.

3305 1512 3867 1651 LEXANDRE
3972 1512 4510 1651 pourſuyvant
4604 1512 4920 1651 l’opera-

3277 1650 3414 1767 tion
3482 1650 4019 1767 precedente,
4099 1650 4145 1767 en
4236 1650 4533 1767 entrant
4613 1650 4670 1767 du
4750 1650 4921 1767 pied

3298 1773 3481 1896 droit
3538 1773 3801 1896 eſlevé,
3835 1773 3870 1896 il
3915 1773 4201 1896 avance
4247 1773 4292 1896 le
4361 1773 4567 1896 corps
4646 1773 4921 1896 enſem-

3282 1896 3416 2016 ble,
3489 1896 3856 2016 graduant
3941 1896 4076 2016 d’un
4149 1896 4308 2016 bras
4406 1896 4418 2016 &
4491 1896 4687 2016 eſpee
4748 1896 4919 2016 eſtã-

2848 2018 2970 2138 dus
3018 2018 3054 2138 la
3103 2018 3297 2138 lame
3370 2018 3430 2138 de
3479 2018 3515 2138 ſa
3588 2018 3855 2138 partie,
3916 2018 3976 2138 de
4025 2018 4219 2138 ſorte
4292 2018 4449 2138 qu’il
4486 2018 4643 2138 faut
4704 2018 4922 2138 qu’el-

2835 2140 2885 2262 le
2946 2140 3156 2262 cede;
3206 2140 3305 2262 ſur
3366 2140 3564 2262 quoy
3613 2140 3638 2262 il
3687 2140 3947 2262 planté
3996 2140 4046 2262 le
4095 2140 4268 2262 pied
4330 2140 4552 2262 eſlevé
4614 2140 4737 2262 (en
4811 2140 4922 2262 fai-

2832 2263 2985 2387 ſant
3032 2263 3102 2387 un
3184 2263 3407 2387 grand
3454 2263 3735 2387 pas)ſur
3782 2263 3841 2387 le
3935 2263 4216 2387 Diamet
4263 2263 4322 2387 re
4380 2263 4580 2387 entre
4627 2263 4673 2387 le
4767 2263 4920 2387 Cen-

2834 2384 2928 2507 tre
3046 2384 3046 2507 &
3093 2384 3140 2507 la
3188 2384 3424 2507 lettre
3506 2384 3553 2507 R,
3601 2384 4002 2507 penchant
4049 2384 4096 2507 le
4155 2384 4368 2507 corps
4450 2384 4686 2507 deſſus
4745 2384 4922 2507 avec

2834 2512 2885 2632 le
2949 2512 3178 2632 genou
3241 2512 3521 2632 ployé,
3623 2512 3623 2632 &
3674 2512 4005 2632 ſuyvant
4068 2512 4119 2632 du
4196 2512 4374 2632 pied
4437 2512 4717 2632 gauche
4794 2512 4819 2632 il
4883 2512 4934 2632 ſe

2866 2632 2973 2754 met
3045 2632 3212 2754 dans
3248 2632 3522 2754 l’angle
3582 2632 3845 2754 ouvert
3916 2632 3976 2754 de
4036 2632 4083 2754 ſa
4131 2632 4406 2754 partie,
4501 2632 4501 2754 &
4573 2632 4633 2754 le
4704 2632 4919 2754 bleſſe

2826 2754 2884 2864 au
2966 2754 3325 2864 deſſoubs
3394 2754 3441 2864 du
3522 2754 3626 2864 col
3684 2754 3881 2864 d’une
3951 2754 4333 2864 eſtocade;
4380 2754 4670 2864 comme
4716 2754 4820 2864 les
4867 2754 4925 2864 fi-

2848 2883 3053 3000 gures
3133 2883 3577 3000 monſtrent.

2847 3750 2927 3869 Les
2995 3750 3199 3869 parties
3256 3750 3415 3869 eſtant
3472 3750 3506 3869 en
3551 3750 3585 3869 la
3653 3750 3846 3869 poſture
3926 3750 3960 3869 du
4040 3750 4199 3869 Cercle
4301 3750 4335 3869 N.
4403 3750 4426 3869 6.
4483 3750 4664 3869 comme
4721 3750 4744 3869 le
4789 3750 4925 3869 corps

2954 3874 3339 3989 d’Alexandre
3394 3874 3669 3989 tresbuche
3735 3874 3768 3989 en
3834 3874 4153 3989 graduant,
4263 3874 4516 3989 Zacharie
4571 3874 4692 3989 pare
4769 3874 4802 3989 de
4857 3874 4923 3989 ſon

2944 4001 3074 4118 eſpée
3118 4001 3151 4118 la
3194 4001 3368 4118 pointe
3412 4001 3586 4118 haute.
3727 4001 4010 4118 Alexandre
4065 4001 4239 4118 voyant
4293 4001 4369 4118 que
4413 4001 4456 4118 ſa
4511 4001 4685 4118 partie
4728 4001 4772 4118 ſe
4815 4001 4924 4118 cou-

2953 4126 3024 4239 vre
3071 4126 3094 4239 le
3154 4126 3319 4239 viſage
3378 4126 3414 4239 de
3449 4126 3496 4239 ſa
3556 4126 3745 4239 garde,
3792 4126 3827 4239 ſe
3887 4126 3957 4239 met
4028 4126 4135 4239 dans
4194 4126 4383 4239 l’angle
4466 4126 4501 4239 de
4549 4126 4726 4239 l’eſpee
4797 4126 4820 4239 de
4891 4126 4927 4239 ſa

2948 4243 3160 4360 partie,
3205 4243 3238 4360 la
3305 4243 3673 4360 desgraduant
3829 4243 4242 4360 aſſuiettiſſant,
4286 4243 4398 4360 puis
4431 4243 4855 4360 l’abandonnant
4900 4243 4933 4360 il

2951 4364 2976 4476 le
3026 4364 3163 4476 bleſſe
3213 4364 3250 4476 au
3300 4364 3424 4476 coſté
3499 4364 3661 4476 droit.
