5479 7714
596 518 644 649 ſa
692 518 968 649 partie,
1028 518 1340 649 portant
1399 518 1435 649 la
1495 518 1759 649 pointe
1831 518 1891 649 de
1939 518 1987 649 la
2071 518 2322 649 ſienne
2382 518 2490 649 par
2562 518 2706 649 une

603 644 1208 745 circonference
1275 644 1320 745 en
1399 644 1567 745 bas,
1634 644 1813 745 avec
1880 644 1925 745 la
1993 644 2273 745 cheute
2385 644 2385 745 &
2430 644 2486 745 le
2542 644 2710 745 con-

596 768 1131 894 tournement
1216 768 1264 894 du
1349 768 1616 894 corps,
1665 768 1713 894 le
1762 768 1932 894 pied
2005 768 2236 894 droi
2284 768 2648 894 ſuyvant,
2685 768 2721 894 il

603 890 824 1001 bleſſe
873 890 971 1001 ſon
1057 890 1438 1001 contraire
1487 890 1548 1001 au
1634 890 1818 1001 coſté
1892 890 2162 1001 droi;
2198 890 2505 1001 comme
2554 890 2591 1001 il
2640 890 2714 1001 eſt

621 1022 1065 1144 demonſtré
1114 1022 1225 1144 par
1274 1022 1373 1144 les
1422 1022 1755 1144 figures.

1312 1527 1632 1701 Cercle
1846 1527 2102 1701 N.9.

615 1763 882 1889 Zacharie
917 1763 952 1889 ſe
1022 1763 1091 1889 met
1150 1763 1382 1889 derechef
1429 1763 1464 1889 en
1510 1763 1754 1889 poſture,
1801 1763 1836 1889 le
1894 1763 1999 1889 bras
2045 1763 2231 1889 courbé
2278 1763 2313 1889 la
2383 1763 2545 1889 garde
2615 1763 2720 1889 pres

727 1891 749 2015 de
795 1891 829 2015 la
887 1891 1173 2015 poictrine,
1218 1891 1253 2015 la
1310 1891 1470 2015 pointe
1527 1891 1561 2015 de
1607 1891 1779 2015 l’eſpee
1825 1891 2030 2015 haute,
2110 1891 2133 2015 le
2202 1891 2476 2015 poignard
2534 1891 2717 2015 devant

696 2014 731 2142 la
800 2014 1066 2142 poictrine.
1147 2014 1448 2142 Alexandre
1494 2014 1644 2142 apres
1679 2014 1817 2142 avoir
1864 2014 2060 2142 eſtendu
2106 2014 2176 2142 ſon
2222 2014 2349 2142 eſpee
2395 2014 2430 2142 en
2488 2014 2638 2142 haut,
2719 2014 2719 2142 &

712 2138 955 2266 derechef
1003 2138 1210 2266 baiſſée,
1234 2138 1270 2266 la
1331 2138 1416 2266 met
1452 2138 1792 2266 finallement
1841 2138 2071 2266 deſſoubs
2108 2138 2144 2266 la
2193 2138 2314 2266 lame
2375 2138 2411 2266 de
2447 2138 2484 2266 ſa
2532 2138 2726 2266 partie.

1062 2287 1074 2408 A
1158 2287 1472 2408 CHARIE
1544 2287 1845 2408 s’eſtant
1942 2287 2038 2408 mis
2110 2287 2158 2408 en
2231 2287 2604 2408 poſture,
2665 2287 2713 2408 le

1038 2414 1211 2538 pied
1286 2414 1472 2538 droit
1534 2414 1708 2538 avec
1758 2414 1807 2538 le
1882 2414 2118 2538 genou
2192 2414 2428 2538 ployé
2490 2414 2602 2538 ſur
2664 2414 2714 2538 le

1076 2542 1503 2638 Diametre,
1549 2542 1952 2638 touchant
2021 2542 2125 2638 des
2194 2542 2447 2638 orteils
2517 2542 2724 2638 d’ice-

1034 2666 1157 2785 luy
1219 2666 1268 2785 la
1342 2666 1957 2785 circonference
2018 2666 2030 2785 à
2092 2666 2129 2785 la
2203 2666 2436 2785 lettre
2547 2666 2596 2785 X,
2658 2666 2707 2785 le

594 2785 886 2912 gauche
956 2785 1260 2912 eſtandu
1330 2785 1400 2912 un
1470 2785 1598 2912 pas
1657 2785 1703 2912 en
1785 2785 2100 2912 arriere,
2158 2785 2649 2912 reſpondant
2695 2785 2707 2912 à

574 2912 996 3032 l’oppoſité
1070 2912 1120 3032 du
1244 2912 1666 3032 Diametre,
1716 2912 1766 3032 le
1815 2912 1989 3032 bras
2051 2912 2337 3032 courbé
2386 2912 2635 3032 join
2697 2912 2709 3032 à

574 3036 671 3162 ſon
757 3036 1013 3162 coſté,
1062 3036 1245 3162 avec
1294 3036 1331 3162 la
1416 3036 1636 3162 garde
1721 3036 1782 3162 de
1856 3036 1892 3162 ſa
1965 3036 2161 3162 lame
2234 3036 2393 3162 pres
2442 3036 2478 3162 la
2551 3036 2710 3162 poi-

631 3162 840 3282 rine,
875 3162 910 3282 la
979 3162 1247 3282 pointe
1316 3162 1386 3282 de
1433 3162 1537 3282 ſon
1618 3162 1828 3282 eſpee
1886 3162 2409 3282 adcendente
2467 3162 2513 3282 en
2583 3162 2699 3282 an-

592 3287 678 3412 gle
764 3287 1058 3412 obtus,
1144 3287 1194 3412 le
1280 3287 1464 3412 coſté
1562 3287 1845 3412 gauche
1931 3287 2140 3412 porté
2213 3287 2263 3412 en
2361 3287 2607 3412 avant,
2656 3287 2705 3412 la

570 3410 808 3536 haute
858 3410 1095 3536 partie
1170 3410 1221 3536 dn
1283 3410 1446 3536 bras
1521 3410 1808 3536 gauche
1858 3410 2221 3536 abaiſſée,
2259 3410 2309 3536 le
2359 3410 2546 3536 reſte
2622 3410 2722 3536 d’i-

584 3538 807 3660 celuy
856 3538 1042 3660 avec
1092 3538 1141 3660 le
1203 3538 1588 3660 poignard
1637 3538 1724 3660 (la
1786 3538 2058 3660 pointe
2120 3538 2715 3660 adcendente,)

577 3661 935 3788 preſenté
994 3661 1042 3788 en
1114 3661 1340 3788 avant
1388 3661 1447 3788 au
1543 3661 1745 3788 devãt
1793 3661 1841 3788 la
1900 3661 2330 3788 poirine,
2365 3661 2425 3788 le
2485 3661 2699 3788 corps

569 3788 878 3913 penché
942 3788 1045 3913 ſur
1084 3788 1136 3913 le
1187 3788 1367 3913 pied
1432 3788 1663 3913 droi
1715 3788 2037 3913 planté;
2101 3788 2140 3913 il
2204 3788 2475 3913 attand
2539 3788 2719 3913 ainſi

565 3915 611 4035 ſa
681 3915 949 4035 partie.
1089 3915 1112 4035 A
1182 3915 1729 4035 LEXANDRE
1799 3915 2242 4035 travaillant
2300 3915 2311 4035 à
2370 3915 2719 4035 l’encon-

575 4041 711 4163 tre,
761 4041 983 4163 apres
1045 4041 1255 4163 avoir
1304 4041 1551 4163 planté
1600 4041 1650 4163 le
1699 4041 1872 4163 pied
1946 4041 2230 4163 gauché
2304 4041 2403 4163 ſur
2453 4041 2490 4163 la
2601 4041 2712 4163 Cir-

583 4166 1069 4266 conference
1140 4166 1353 4266 outre
1401 4166 1436 4266 la
1495 4166 1721 4266 lettre
1816 4166 1863 4266 C,
1981 4166 1981 4266 &
2053 4166 2349 4266 eſtandu
2420 4166 2468 4266 le
2539 4166 2705 4266 bras

633 4291 633 4415 &
694 4291 966 4415 l’eſpee
1040 4291 1077 4415 en
1151 4291 1335 4415 haut
1385 4291 1397 4415 a
1446 4291 1557 4415 ſon
1644 4291 1841 4415 coſté
1915 4291 2100 4415 droit
2161 4291 2211 4415 en
2297 4291 2519 4415 angle
2605 4291 2716 4415 ob-

569 4412 715 4534 tus,
763 4412 812 4534 en
884 4412 1272 4534 avançant
1321 4412 1381 4534 le
1430 4412 1611 4534 pied
1672 4412 1914 4534 droit,
1975 4412 2011 4534 il
2060 4412 2254 4534 laiſſe
2327 4412 2605 4534 baiſſer
2678 4412 2727 4534 e-

591 4542 984 4663 galement
1031 4542 1091 4663 le
1139 4542 1305 4663 bras
1413 4542 1424 4663 &
1472 4542 1770 4663 l’eſpee,
1806 4542 1901 4663 les
1960 4542 2282 4663 portant
2341 4542 2389 4663 en
2460 4542 2722 4663 avant;

574 4665 675 4789 ſur
750 4665 952 4789 quoy
1002 4665 1040 4789 il
1090 4665 1341 4789 plante
1417 4665 1467 4789 le
1517 4665 1693 4789 pied
1756 4665 1982 4789 eſlevé
2033 4665 2096 4789 un
2171 4665 2297 4789 peu
2385 4665 2498 4789 par
2573 4665 2712 4789 dela

591 4790 653 4913 du
778 4790 1151 4913 Diametre
1214 4790 1214 4913 à
1276 4790 1313 4913 la
1363 4790 1600 4913 lettre
1712 4790 1749 4913 H,
1786 4790 2085 4913 laiſſant
2147 4790 2396 4913 ſuivre
2446 4790 2496 4913 le
2558 4790 2720 4913 gau-

600 4915 721 5036 che
795 4915 904 5036 par
977 4915 1111 5036 dela
1184 4915 1513 5036 d’iceluy
1610 4915 1988 5036 Diametre
2049 4915 2097 5036 au
2207 4915 2426 5036 milieu
2548 4915 2609 5036 de
2669 4915 2718 5036 la

579 5041 791 5161 ligne
903 5041 915 5161 C
1015 5041 1065 5161 G,
1127 5041 1164 5161 il
1239 5041 1351 5161 met
1426 5041 1526 5161 ſon
1626 5041 1825 5161 eſpée
1900 5041 2037 5161 d’un
2136 5041 2298 5161 bras
2398 5041 2735 5161 modere-

615 5164 798 5284 ment
883 5164 1175 5284 eſtandu
1248 5164 1467 5284 (avec
1516 5164 1565 5284 la
1625 5164 1942 5284 poine
2003 5164 2332 5284 baiſſée,
2380 5164 2429 5284 la
2502 5164 2733 5284 bran-

600 5291 717 5407 che
787 5291 1222 5407 interieure
1304 5291 2161 5407 montante)deſſoubs
2208 5291 2243 5407 la
2302 5291 2490 5407 lame
2560 5291 2630 5407 de
2677 5291 2713 5407 ſa

593 5415 868 5542 partie,
917 5415 955 5542 la
1017 5415 1292 5542 pointe
1341 5415 1503 5542 pres
1578 5415 1641 5542 de
1691 5415 1728 5542 la
1803 5415 2015 5542 garde
2090 5415 2451 5542 d’iceluy;
2526 5415 2725 5542 com-

616 5542 700 5661 me
748 5542 784 5661 il
832 5542 880 5661 ſe
940 5542 1085 5661 voit
1145 5542 1289 5661 aux
1337 5542 1662 5661 figures.

1327 5705 1633 5893 Cercle
1873 5705 2156 5893 N.10.

618 5954 804 6074 Comme
885 5954 1152 6074 Zacharie
1199 5954 1396 6074 attand
1478 5954 1768 6074 Alexandre
1815 5954 2070 6074 pourſuit;
2186 5954 2186 6074 &
2233 5954 2384 6074 apres
2430 5954 2570 6074 avoir
2616 5954 2733 6074 fait

706 6082 794 6198 une
838 6082 1244 6198 circonference
1310 6082 1343 6198 de
1387 6082 1420 6198 la
1464 6082 1640 6198 pointe
1694 6082 1727 6198 de
1771 6082 1804 6198 ſa
1859 6082 2013 6198 lane,
2046 6082 2079 6198 il
2112 6082 2210 6198 tire
2243 6082 2331 6198 une
2375 6082 2617 6198 eſtocade
2693 6082 2726 6198 du

713 6202 825 6325 long
874 6202 911 6325 du
961 6202 1072 6325 bras
1171 6202 1171 6325 &
1245 6202 1270 6325 du
1332 6202 1592 6325 poignard
1641 6202 1679 6325 de
1716 6202 1753 6325 ſa
1802 6202 2000 6325 partie,
2025 6202 2050 6325 le
2099 6202 2322 6325 bleſſant
2371 6202 2409 6325 au
2483 6202 2619 6325 milieu
2693 6202 2718 6325 du

716 6326 885 6452 corps.
957 6326 1222 6452 Zacharie
1270 6326 1307 6452 en
1391 6326 1704 6452 s’efforçant
1765 6326 1801 6452 de
1861 6326 2006 6452 parer
2054 6326 2199 6452 baiſſe
2271 6326 2295 6452 le
2355 6326 2512 6452 bras,
2560 6326 2596 6452 ce
2657 6326 2741 6452 qui

732 6457 867 6574 donne
912 6457 1126 6574 occaſion
1182 6457 1182 6574 à
1272 6457 1565 6574 Alexandre
1644 6457 1666 6574 de
1711 6457 1745 6574 ſe
1813 6457 1981 6574 mettre
2038 6457 2150 6574 dans
2195 6457 2386 6574 l’angle
2443 6457 2476 6574 de
2521 6457 2555 6574 ſa
2600 6457 2724 6574 par-

715 6582 798 6704 tie,
881 6582 881 6704 &
940 6582 1319 6704 d’augmenter
1366 6582 1425 6704 ſon
1473 6582 1615 6704 coup.

1094 6701 1107 6840 E
1232 6701 1470 6840 Cercle
1570 6701 1933 6840 contient
2009 6701 2046 6840 la
2146 6701 2547 6840 pourſuite
2647 6701 2698 6840 du

1205 6845 1686 7092 r'ee'eW',
1806 6845 1806 7092 '
1886 6845 2166 7092 WWde
2247 6845 2327 7092 W'
2407 6845 2808 7092 p'da'W.

1089 7095 1139 7220 en
1227 7095 1538 7220 dedans,
1576 7095 1888 7220 pardela
1950 7095 2012 7220 du
2112 7095 2474 7220 Diametre
2524 7095 2636 7220 ſur
2673 7095 2711 7220 la

4883 7229 5015 7315 Cer-

2851 505 3049 638 ligne
3155 505 3155 638 L
3273 505 3339 638 Q,
3405 505 3564 638 puis
3616 505 3656 638 il
3696 505 3986 638 tourne
4038 505 4091 638 le
4157 505 4368 638 corps
4434 505 4685 638 deſſus
4737 505 4790 638 en
4883 505 4988 638 de-

2847 639 3058 767 hors,
3182 639 3194 767 &
3256 639 3417 767 leve
3467 639 3528 767 le
3615 639 3937 767 gauche,
4049 639 4061 767 &
4111 639 4507 767 avançant
4556 639 4606 767 le
4668 639 4915 767 corps,
4940 639 4977 767 il

2844 764 2967 889 fait
3029 764 3165 889 d’un
3239 764 3411 889 bras
3473 764 3830 889 eſtendu,
3867 764 3917 889 (à
3966 764 4212 889 l’ayde
4299 764 4348 889 du
4471 764 4989 889 mouvement

2871 890 2919 1014 du
2991 890 3375 1014 poignet)
3423 890 3555 1014 vne
3627 890 4239 1014 circonſerence
4288 890 4468 1014 avec
4540 890 4588 1014 ſa
4672 890 4972 1014 pointe,

2867 1015 3025 1138 qu’il
3078 1015 3301 1138 porte
3341 1015 3446 1138 (en
3525 1015 3564 1138 la
3630 1015 3998 1138 baiſſant)
4037 1015 4155 1138 par
4221 1015 4523 1138 deſſous
4629 1015 4642 1138 &
4694 1015 4747 1138 le
4800 1015 4984 1138 long

2877 1135 2916 1269 du
2992 1135 3159 1269 bras
3261 1135 3274 1269 &
3351 1135 3402 1269 du
3479 1135 3863 1269 poignrrd
3927 1135 3991 1269 de
4042 1135 4081 1269 ſa
4145 1135 4452 1269 partie,
4516 1135 4567 1269 le
4644 1135 4977 1269 bleſſant

2846 1262 2966 1394 par
3073 1262 3133 1394 ce
3240 1262 3491 1394 moyen
3622 1262 3825 1394 d’une
3921 1262 4291 1394 eſtocade
4375 1262 4434 1394 au
4566 1262 4793 1394 milieu
4912 1262 4960 1394 du

2858 1394 3111 1517 corps,
3180 1394 3468 1517 menant
3526 1394 3572 1517 en
3652 1394 3848 1517 rond
3906 1394 3952 1517 en
4056 1394 4309 1517 meſme
4367 1394 4620 1517 temps
4666 1394 4724 1517 le
4793 1394 4977 1517 pied

2861 1517 3092 1643 eſlevé
3165 1517 3482 1643 derriere
3531 1517 3592 1643 le
3641 1517 3946 1643 planté,
3994 1517 4068 1643 un
4141 1517 4250 1643 peu
4336 1517 4506 1643 hors
4567 1517 4628 1643 du
4738 1517 4982 1643 Cercle

2850 1645 3024 1768 pres
3061 1645 3110 1768 la
3184 1645 3420 1768 lettre
3506 1645 3568 1768 T;
3617 1645 3729 1768 par
3791 1645 3976 1768 ainſi,
4013 1645 4051 1768 il
4088 1645 4372 1768 tourne
4422 1645 4471 1768 le
4545 1645 4756 1768 corps
4805 1645 4991 1768 hors

2873 1764 2932 1895 de
2980 1764 3027 1895 la
3086 1764 3465 1895 preſence
3536 1764 3595 1895 de
3642 1764 3690 1895 la
3749 1764 4021 1895 pointe
4092 1764 4163 1895 de
4210 1764 4246 1895 ſa
4317 1764 4601 1895 partie;
4672 1764 4980 1895 comme

2853 1891 2952 2020 les
3002 1891 3287 2020 figures
3361 1891 3819 2020 monſtrent.
3894 1891 3943 2020 Et
3993 1891 4290 2020 pource
4364 1891 4488 2020 que
4599 1891 4983 2020 ZACHAIE

2857 2019 3317 2143 s’efforçant
3389 2019 3450 2143 de
3510 2019 3716 2143 parer
3777 2019 3958 2143 avec
4006 2019 4103 2143 ſon
4188 2019 4587 2143 poignard
4648 2019 4986 2143 l’eſtoca-

2877 2145 2936 2250 de
3019 2145 3586 2250 mentionnée,
3657 2145 3882 2250 baiſſe
3952 2145 4000 2250 le
4059 2145 4283 2250 bras;
4413 2145 4980 2250 ALEXANDRE

2858 2269 3213 2397 pourſuit
3289 2269 3682 2397 avançant
3732 2269 3897 2397 auſſi
3960 2269 4100 2397 toſt
4163 2269 4214 2397 le
4290 2269 4467 2397 pied
4543 2269 4733 2397 droit
4860 2269 4873 2397 &
4936 2269 4987 2397 le

2867 2398 3086 2519 corps
3146 2398 3583 2519 enſemble,
3643 2398 3692 2519 le
3752 2398 4068 2519 portant
4153 2398 4310 2519 dans
4371 2398 4650 2519 l’angle
4771 2398 4783 2519 &
4844 2398 5001 2519 per-

2868 2518 3240 2646 diculaire
3326 2518 3388 2646 de
3450 2518 3500 2646 la
3562 2518 3760 2646 lame
3859 2518 3921 2646 de
3983 2518 4021 2646 ſa
4095 2518 4392 2646 partie,
4479 2518 4653 2646 ainſi
4715 2518 4752 2646 il
4814 2518 4987 2646 aug-

2888 2647 3121 2769 mente
3168 2647 3272 2769 ſon
3354 2647 3599 2769 coup,
3681 2647 4124 2769 travaillant
4205 2647 4252 2769 en
4322 2647 4357 2769 la
4427 2647 4636 2769 façon
4730 2647 4998 2769 repre-

2852 2773 3110 2896 ſentée
3171 2773 3221 2896 au
3331 2773 3565 2896 Cercle
3688 2773 3725 2896 N.
3761 2773 3835 2896 12.
3946 2773 3946 2896 &
3995 2773 4007 2896 à
4069 2773 4278 2896 cauſe
4351 2773 4474 2896 que
4548 2773 4671 2896 cela
4745 2773 4831 2896 eſt
4892 2773 4990 2896 de-

2879 2898 3199 3023 monſtré
3261 2898 3310 3023 en
3384 2898 3767 3023 pluſieurs
3816 2898 4050 3023 lieux,
4087 2898 4124 3023 il
4174 2898 4186 3023 à
4272 2898 4408 3023 eſté
4482 2898 4729 3023 obmis
4790 2898 4938 3023 icy.

3350 4338 3350 4454 E
3471 4338 3713 4454 Cercle
3761 4338 3894 4454 tire
3955 4338 4052 4454 ſon
4136 4338 4427 4454 origine
4499 4338 4560 4454 de
4632 4338 4680 4454 la
4741 4338 5007 4454 poſtu-

3319 4459 3382 4579 re
3445 4459 3495 4579 du
3620 4459 3871 4579 Cercle
3972 4459 4010 4579 N.
4072 4459 4110 4579 9.
4235 4459 4235 4579 &
4298 4459 4875 4579 pareillement
4938 4459 5001 4579 de

3315 4585 3352 4702 la
3427 4585 3925 4702 precedente
4012 4585 4062 4702 du
4199 4585 4435 4702 Cercle
4560 4585 4597 4702 N.
4647 4585 4759 4702 10.
4833 4585 4833 4702 à
4921 4585 5008 4702 la-

3334 4711 3582 4835 quelle
3706 4711 4165 4835 ZACHARIE
4239 4711 4698 4835 attandoit,
4785 4711 4896 4835 icy
4983 4711 5020 4835 il

2869 4832 3130 4957 eſtend
3177 4832 3236 4957 le
3283 4832 3449 4957 bras
3496 4832 3544 4957 le
3603 4832 3981 4957 baiſſant,
4040 4832 4088 4957 en
4158 4832 4549 4957 intention
4655 4832 4726 4957 de
4797 4832 5010 4957 parer

2872 4960 2945 5083 de
2993 4960 3102 5083 ſon
3174 4960 3561 5083 poignard
3610 4960 3658 5083 la
3707 4960 3900 5083 lame
3973 4960 4033 5083 de
4094 4960 4142 5083 ſa
4202 4960 4469 5083 partie.
4529 4960 5001 5083 ALEXANDRE

2861 5084 2919 5206 au
3023 5084 3289 5206 meſme
3370 5084 3889 5206 mouvement
3982 5084 4282 5206 entrant
4375 5084 4421 5206 du
4525 5084 4698 5206 pied
4791 5084 5010 5206 droit,

2864 5209 3062 5314 laiſſe
3109 5209 3435 5314 tomber
3482 5209 3529 5314 ſa
3575 5209 3809 5314 lame,
3832 5209 3879 5314 la
3960 5209 4275 5314 mettant
4345 5209 4555 5314 d’une
4625 5209 5010 5314 circonfe-

2879 5336 3095 5455 rencé
3143 5336 3382 5455 ſoubs
3430 5336 3478 5455 le
3538 5336 3706 5455 bras
3814 5336 3826 5455 &
3874 5336 4269 5455 poignard
4365 5336 4425 5455 de
4497 5336 4592 5455 ſon
4688 5336 5024 5455 contrai-

2874 5458 2964 5585 re,
3003 5458 3170 5585 puis
3209 5458 3248 5585 il
3299 5458 3544 5585 planté
3596 5458 3647 5585 le
3699 5458 3880 5585 pied
3931 5458 4163 5585 eſlevé
4228 5458 4344 5585 par
4408 5458 4550 5585 dela
4601 5458 4653 5585 le
4743 5458 5027 5585 Diame-

2873 5588 2970 5692 tre
3030 5588 3139 5692 ſur
3188 5588 3224 5692 la
3333 5588 3939 5692 Circonference
3999 5588 4205 5692 entre
4254 5588 4350 5692 les
4423 5588 4702 5692 lettres
4835 5588 4847 5692 N
4956 5588 5004 5692 T,

2875 5711 3226 5836 hauſſant
3277 5711 3327 5836 le
3389 5711 3603 5836 corps
3678 5711 3916 5836 deſſus
4017 5711 4017 5836 &
4079 5711 4418 5836 eſlevant
4468 5711 4518 5836 le
4581 5711 4882 5836 gauche
4957 5711 5008 5836 le

2874 5836 3257 5957 tournant
3327 5836 3361 5957 en
3454 5836 3767 5957 dehors,
3814 5836 3848 5957 il
3906 5836 4127 5957 porte
4208 5836 4347 5957 d’un
4428 5836 4602 5957 bras
4672 5836 4985 5957 eſtandu

2879 5963 2916 6083 ſa
2978 5963 3177 6083 lame
3239 5963 3289 6083 en
3376 5963 3687 6083 dehors;
3736 5963 3848 6083 ſur
3911 5963 4109 6083 quoy
4172 5963 4644 6083 ſavançant,
4694 5963 4731 6083 il
4781 5963 5005 6083 bleſſe

2876 6085 2983 6206 ſon
3066 6085 3447 6206 contraire
3494 6085 3506 6206 à
3554 6085 3601 6206 la
3649 6085 4077 6206 poirine,
4125 6085 4327 6206 d’une
4398 6085 4767 6206 eſtocade
4827 6085 5005 6206 tirée

2884 6211 3002 6335 par
3081 6211 3134 6335 le
3252 6211 3489 6335 deſſus
3594 6211 3646 6335 du
3738 6211 3909 6335 bras
4027 6211 4040 6335 &
4119 6211 4172 6335 du
4277 6211 4671 6335 poignard
4737 6211 5013 6335 baiſſé;

2876 6338 3046 6466 puis
3119 6338 3484 6466 traiſnant
3545 6338 3593 6466 le
3654 6338 3812 6466 pied
3885 6338 4177 6466 gauche
4262 6338 4493 6466 eſlevé
4566 6338 4894 6466 derriere
4954 6338 5003 6466 le

2876 6461 3169 6586 planté,
3205 6461 3380 6586 avec
3451 6461 3990 6586 avancement
4061 6461 4108 6586 du
4201 6461 4483 6586 corps,
4577 6461 4612 6586 il
4647 6461 4694 6586 le
4753 6461 4999 6586 plante

2877 6587 2990 6711 par
3066 6587 3204 6711 dela
3317 6587 3317 6711 &
3380 6587 3556 6711 hors
3619 6587 3669 6711 du
3807 6587 4096 6711 Cercle,
4172 6587 4662 6711 reſpondant
4712 6587 4712 6711 à
4775 6587 4813 6711 la
4875 6587 5001 6711 let-

2879 6712 2980 6835 tre
3069 6712 3119 6835 T,
3157 6712 3195 6835 il
3233 6712 3435 6835 laiſſe
3486 6712 3840 6835 pencher
3891 6712 3942 6835 le
4030 6712 4245 6835 corps
4346 6712 4587 6835 deſſus
4650 6712 4688 6835 en
4789 6712 5017 6835 arrie-

2874 6840 2962 6964 re,
3025 6840 3189 6964 dans
3239 6840 3503 6964 l’angle
3616 6840 3616 6964 &
3679 6840 3792 6964 per
3843 6840 4396 6964 pendiculaire
4472 6840 4522 6964 de
4572 6840 4623 6964 la
4673 6840 4861 6964 lame
4937 6840 5000 6964 de

2871 6968 2919 7093 ſa
2968 6968 3246 7093 partie,
3282 6968 3330 7093 le
3391 6968 3717 7093 perçant
3778 6968 3790 7093 à
3850 6968 4140 7093 travers
4213 6968 4261 7093 du
4358 6968 4624 7093 corps;
4697 6968 4999 7093 comme

2872 7097 2897 7217 il
2947 7097 2997 7217 ſe
3059 7097 3209 7217 voit
3259 7097 3396 7217 aux
3446 7097 3770 7217 figures.

3597 3530 3907 3705 Cercle
4151 3530 4416 3705 N.11.

2873 3770 3063 3886 Comme
3135 3770 3396 3886 Zacharie
3444 3770 3610 3886 eſtend
3646 3770 3682 3886 le
3729 3770 3836 3886 bras
3896 3770 4015 3886 pour
4086 3770 4241 3886 parer
4288 3770 4467 3886 l’eſpee
4550 3770 4586 3886 de
4633 3770 4681 3886 ſa
4752 3770 5014 3886 partie.

3017 3895 3306 4011 Alexandre
3350 3895 3494 4011 laiſſe
3538 3895 3738 4011 tomber
3804 3895 3838 4011 ſa
3882 3895 4037 4011 lame,
4093 3895 4126 4011 la
4193 3895 4270 4011 met
4303 3895 4414 4011 tnt
4459 3895 4547 4011 par
4592 3895 4669 4011 une
4736 3895 5013 4011 circonfe-

2972 4020 3115 4136 rence
3162 4020 3305 4136 ſoubs
3341 4020 3365 4136 le
3424 4020 3698 4136 poignard
3745 4020 3781 4136 de
3817 4020 3876 4136 ſon
3924 4020 4221 4136 contraire,
4257 4020 4364 4136 puis
4400 4020 4424 4136 le
4471 4020 4614 4136 bleſſe
4674 4020 4674 4136 à
4721 4020 4757 4136 la
4804 4020 5019 4136 poictri-

2971 4146 3017 4264 ne
3063 4146 3155 4264 par
3202 4146 3225 4264 le
3282 4146 3432 4264 deſſus
3490 4146 3524 4264 du
3570 4146 3709 4264 bras,
3812 4146 3812 4264 &
3858 4146 3904 4264 en
3951 4146 3997 4264 fin
4043 4146 4066 4264 le
4112 4146 4262 4264 perce
4308 4146 4319 4264 à
4365 4146 4584 4264 travers
4642 4146 4676 4264 du
4723 4146 4895 4264 corps.
