5479 7714
3324 2079 3324 2198 E
3458 2079 3701 2198 Cercle
3786 2079 4126 2198 contient
4212 2079 4260 2198 la
4357 2079 4759 2198 pourſuite
4893 2079 4905 2198 &

3282 2204 3405 2322 l’ex
3461 2204 3754 2322 ecution
3832 2204 3900 2322 de
3945 2204 4394 2322 l’operation
4473 2204 4911 2322 preceden-

3285 2327 3377 2441 te,
3433 2327 3866 2441 cependant
3934 2327 4606 2441 qu’ALEXANDRE
4663 2327 4914 2441 (com-

3318 2444 3393 2561 me
3443 2444 3480 2561 il
3530 2444 3530 2561 à
3593 2444 3730 2561 eſte
3805 2444 4080 2561 declaré
4142 2444 4204 2561 cy
4292 2444 4517 2561 deſſus
4579 2444 4579 2561 )
4641 2444 4916 2561 ſujette

2834 2570 2868 2684 la
2925 2570 3108 2684 lame
3177 2570 3245 2684 de
3291 2570 3325 2684 ſa
3394 2570 3622 2684 partie
3691 2570 3737 2684 en
3828 2570 4091 2684 dehors
4160 2570 4205 2684 du
4285 2570 4468 2684 bras,
4503 2570 4560 2684 au
4663 2570 4914 2684 meſme

2869 2694 3358 2805 mouvement
3483 2694 3994 2805 ZACHARIE
4062 2694 4346 2805 avance
4403 2694 4460 2805 le
4505 2694 4675 2805 pied
4789 2694 4800 2805 &
4857 2694 4914 2805 le

2852 2814 3044 2931 coſté
3116 2814 3404 2931 gauche
3464 2814 3896 2931 enſemble,
3968 2814 4352 2931 avançant
4400 2814 4448 2931 le
4508 2814 4664 2931 bras
4784 2814 4796 2931 &
4868 2814 4916 2931 le

2840 2938 3226 3056 poignard
3287 2938 3335 3056 en
3396 2938 3601 3056 haut,
3661 2938 3843 3056 eſſay
3891 2938 4000 3056 ant
4048 2938 4157 3056 par
4229 2938 4290 3056 ce
4362 2938 4507 3056 moy
4567 2938 4604 3056 en
4676 2938 4676 3056 à
4737 2938 4918 3056 ſaiſir

2838 3061 2873 3177 la
2931 3061 3117 3177 lame
3187 3061 3245 3177 de
3292 3061 3338 3177 ſa
3397 3061 3664 3177 partie,
3699 3061 4037 3177 laquelle
4084 3061 4118 3177 il
4165 3061 4677 3177 abandonne,
4724 3061 4770 3177 en
4840 3061 4933 3177 re-

2839 3183 3071 3291 tirant
3105 3183 3152 3291 la
3210 3183 3454 3291 ſienne
3500 3183 3686 3291 (d’un
3767 3183 3929 3291 bras
3976 3183 4243 3291 baiſſé)
4301 3183 4347 3291 en
4417 3183 4695 3291 arriere
4765 3183 4927 3291 vers

2837 3304 2929 3418 ſon
3020 3304 3202 3418 coſté
3271 3304 3499 3418 droit:
3578 3304 4103 3418 ALEXANDRE
4171 3304 4684 3418 remarquant
4752 3304 4923 3418 auſſi

2835 3427 2983 3544 toſt
3029 3427 3144 3544 par
3189 3427 3235 3544 le
3292 3427 3715 3544 ſentiment
3761 3427 3818 3544 le
3887 3427 4333 3544 mouvemẽt
4425 3427 4482 3544 de
4550 3427 4596 3544 ſa
4653 3427 4916 3544 partie,

2897 3548 2897 3644 &
2967 3548 3025 3644 de
3060 3548 3502 3644 laiſſement
3571 3548 3630 3644 de
3676 3548 3711 3644 ſa
3769 3548 3979 3644 lame,
4037 3548 4316 3644 marche
4374 3548 4420 3644 en
4514 3548 4793 3644 dedans
4851 3548 4897 3644 du

2842 3667 3014 3787 pied
3076 3667 3322 3787 droit,
3384 3667 3692 3787 hauſant
3765 3667 3926 3787 auſſi
3999 3667 3999 3787 à
4073 3667 4270 3787 l’aide
4344 3667 4393 3787 du
4480 3667 4812 3787 poignet
4874 3667 4910 3787 la

2839 3794 3108 3911 pointe
3167 3794 3237 3911 de
3284 3794 3319 3911 ſa
3377 3794 3600 3911 lame,
3658 3794 3986 3911 eſuitant
4032 3794 4149 3911 par
4208 3794 4266 3911 ce
4360 3794 4594 3911 moyen
4664 3794 4711 3911 le
4770 3794 4922 3911 poi-

2858 3915 3069 4035 gnard
3139 3915 3198 4035 de
3245 3915 3292 4035 ſa
3351 3915 3609 4035 partie.
3679 3915 3738 4035 Au
3832 3915 4090 4035 meſme
4149 3915 4395 4035 temps
4489 3915 4923 4035 ZACHARIE

2840 4033 3099 4156 plante
3136 4033 3197 4156 le
3247 4033 3419 4156 pied
3481 4033 3776 4156 gauche
3838 4033 4059 4156 eſlevé
4121 4033 4232 4156 par
4318 4033 4454 4156 dela
4527 4033 4577 4156 du
4688 4033 4922 4156 Cercle

2836 4151 2848 4276 à
2896 4151 2944 4276 la
2991 4151 3218 4276 lettre
3302 4151 3349 4276 T,
3409 4151 3851 4276 cependant
3958 4151 4531 4276 ALEXANDRE
4603 4151 4830 4276 baiſſe
4877 4151 4925 4276 la

2835 4275 3110 4392 pointe
3179 4275 3236 4392 de
3282 4275 3374 4392 ſon
3466 4275 3867 4392 eſpeequi
3936 4275 4143 4392 eſtoit
4200 4275 4475 4392 haute)
4521 4275 4567 4392 en
4659 4275 4934 4392 dehors

2864 4396 2913 4512 du
2998 4396 3156 4512 bras
3278 4396 3290 4512 &
3376 4396 3424 4512 du
3522 4396 3936 4512 poignard,
3997 4396 4314 4512 bleſſant
4375 4396 4424 4512 ſa
4497 4396 4729 4512 partie
4802 4396 4814 4512 à
4887 4396 4924 4512 la

2840 4519 3262 4634 poirine;
3310 4519 3467 4634 puis
3516 4519 3552 4634 il
3600 4519 3841 4634 plante
3902 4519 3950 4634 le
3998 4519 4167 4634 pied
4240 4519 4469 4634 droi
4541 4519 4758 4634 eſlevé
4819 4519 4927 4634 par

2852 4639 2986 4752 dela
3058 4639 3107 4752 du
3252 4639 3616 4752 Diametre
3677 4639 3677 4752 à
3737 4639 3774 4752 la
3846 4639 4077 4752 lettre
4162 4639 4222 4752 P,
4283 4639 4525 4752 faiſant
4586 4639 4926 4752 pencher

2836 4762 2881 4878 le
2949 4762 3165 4878 corps
3255 4762 3550 4878 deſſus,
3640 4762 3810 4878 avec
3889 4762 4071 4878 ſuite
4150 4762 4195 4878 en
4320 4762 4920 4878 circonference

2853 4884 2914 5003 du
3011 4884 3291 5003 gauche
3364 4884 3535 5003 hors
3657 4884 3657 5003 &
3730 4884 3840 5003 par
3925 4884 4059 5003 dela
4132 4884 4181 5003 du
4303 4884 4583 5003 Cercle,
4632 4884 4680 5003 ſe
4766 4884 4924 5003 met-

2836 5004 2996 5123 tant
3053 5004 3223 5123 dans
3269 5004 3360 5123 les
3417 5004 4168 5123 perpendiculaires
4236 5004 4339 5123 des
4430 5004 4612 5123 deux
4680 5004 4919 5123 armes

2854 5129 2916 5246 de
2977 5129 3014 5246 ſa
3075 5129 3358 5246 partie,
3407 5129 3444 5246 il
3493 5129 3923 5246 augmente
3984 5129 4082 5246 ſon
4181 5129 4537 5246 eſtocade
4598 5129 4930 5246 juſques

2840 5252 2852 5380 à
2900 5252 2936 5380 la
2996 5252 3211 5380 garde
3258 5252 3258 5380 à
3318 5252 3617 5380 travers
3676 5252 3724 5380 du
3808 5252 4023 5380 corps
4094 5252 4154 5380 de
4202 5252 4250 5380 ſa
4309 5252 4584 5380 partie;
4632 5252 4919 5380 comme

2839 5380 2875 5494 il
2910 5380 2958 5494 ſe
3017 5380 3160 5494 voit
3219 5380 3350 5494 aux
3409 5380 3718 5494 figures.

1280 491 1582 654 Cercle
1776 491 2099 654 N.12.

632 715 925 837 Alexandre
959 715 1320 837 pourſuivant
1365 715 1466 837 plus
1500 715 1635 837 outre
1680 715 1737 837 ſon
1793 715 1906 837 coup
1951 715 2255 837 precedent,
2334 715 2469 837 apres
2526 715 2684 837 s’eſtre

737 840 794 962 mis
850 840 962 962 dans
996 840 1064 962 les
1097 840 1604 962 perpendiculaires
1660 840 1728 962 des
1773 840 1930 962 armes
1998 840 2020 962 de
2065 840 2099 962 ſa
2144 840 2347 962 partie,
2381 840 2414 962 il
2437 840 2504 962 luy
2549 840 2685 962 paſſe

713 964 770 1079 ſon
826 964 950 1079 eſpee
995 964 1210 1079 juſques
1243 964 1345 1079 aux
1401 964 1593 1079 gardes
1638 964 1683 1079 au
1728 964 1943 1079 travers
1999 964 2033 1079 du
2078 964 2236 1079 corps.

1079 1154 1202 1275 Ecy
1301 1154 1387 1275 eſt
1448 1154 1498 1275 la
1584 1154 1978 1275 pourſuite
2089 1154 2138 1275 du
2237 1154 2680 1275 precedent

1058 1277 1285 1393 cou.
1364 1277 1898 1393 ALEXANDRE
1966 1277 2250 1393 avance
2318 1277 2477 1393 auſſi
2545 1277 2681 1393 toſt

1046 1399 1094 1523 le
1153 1399 1318 1523 pied
1388 1399 1589 1523 droit,
1624 1399 1943 1523 portant
2002 1399 2049 1523 en
2120 1399 2308 1523 ſuite
2355 1399 2403 1523 le
2462 1399 2674 1523 corps

1053 1523 1098 1639 en
1176 1523 1388 1639 avant
1444 1523 1622 1639 avec
1667 1523 2013 1639 l’eſpaule
2080 1523 2348 1639 droite,
2392 1523 2448 1639 le
2526 1523 2682 1639 met-

594 1645 744 1760 tant
802 1645 952 1760 bien
1021 1645 1240 1760 avant
1310 1645 1471 1760 dans
1540 1645 1575 1760 la
1656 1645 2360 1760 perpendiculaire
2440 1645 2498 1760 de
2567 1645 2683 1760 l’e-

588 1769 755 1887 ſpee
870 1769 883 1887 &
947 1769 998 1887 du
1074 1769 1458 1887 poignard
1522 1769 1586 1887 de
1637 1769 1676 1887 ſa
1740 1769 2021 1887 partie;
2059 1769 2405 1887 ſurquoy
2481 1769 2686 1887 plan-

590 1892 745 2006 tant
792 1892 852 2006 le
899 1892 1066 2006 pied
1125 1892 1185 2006 vn
1256 1892 1363 2006 pas
1434 1892 1482 2006 en
1565 1892 1874 2006 dedans,
1910 1892 2029 2006 par
2089 1892 2219 2006 dela
2338 1892 2540 2006 &hors
2612 1892 2659 2006 du

631 2016 926 2130 Cercle,
987 2016 1024 2130 il
1086 2016 1196 2130 fait
1258 2016 1492 2130 ſuivre
1541 2016 1590 2130 le
1688 2016 2008 2130 gauche,
2143 2016 2143 2130 &
2192 2016 2242 2130 le
2315 2016 2672 2130 traiſnant

599 2140 646 2261 en
739 2140 1368 2261 circonference,
1415 2140 1450 2261 il
1508 2140 1939 2261 augmente
1986 2140 2079 2261 ſon
2172 2140 2382 2261 coup,
2417 2140 2475 2261 le
2545 2140 2685 2261 paſ-

586 2261 741 2382 ſant
801 2261 1134 2382 juſques
1194 2261 1206 2382 à
1254 2261 1301 2382 la
1385 2261 1599 2382 garde
1683 2261 1730 2382 au
1826 2261 2112 2382 travers
2195 2261 2255 2382 du
2338 2261 2553 2382 corps
2612 2261 2672 2382 de

587 2382 692 2520 ſon
773 2382 1179 2520 contraire;
1237 2382 1527 2520 comme
1585 2382 1620 2520 il
1654 2382 1921 2520 appert
1979 2382 2118 2520 aux
2165 2382 2478 2520 figures.

1312 3027 1620 3219 Cercle
1818 3027 2104 3219 N.

623 3262 870 3380 Zacharie
904 3262 938 3380 ſe
1005 3262 1084 3380 met
1140 3262 1365 3380 derechef
1410 3262 1444 3380 en
1500 3262 1737 3380 poſture,
1782 3262 1905 3380 avec
1950 3262 2119 3380 l’eſpee
2175 3262 2378 3380 tontnée
2434 3262 2468 3380 en
2513 3262 2693 3380 broca-

718 3385 752 3503 de
797 3385 919 3503 pour
964 3385 1042 3503 s’en
1087 3385 1299 3503 couvrir
1344 3385 1377 3503 la
1422 3385 1545 3503 face,
1589 3385 1612 3503 le
1656 3385 1768 3503 bras
1813 3385 2013 3503 gauche
2058 3385 2125 3503 bas
2214 3385 2226 3503 &
2270 3385 2438 3503 court,
2482 3385 2505 3503 le
2549 3385 2694 3503 poig-

700 3511 833 3626 nard
874 3511 905 3626 la
956 3511 1120 3626 pointe
1171 3511 1325 3626 haute
1386 3511 1561 3626 devant
1602 3511 1643 3626 la
1684 3511 1971 3626 poitrine,
2073 3511 2360 3626 Alexandre
2442 3511 2514 3626 met
2565 3511 2678 3626 pre-

726 3634 1010 3749 mierement
1052 3634 1094 3749 ſa
1136 3634 1262 3749 lame
1304 3634 1336 3749 en
1388 3634 1462 3749 bas
1504 3634 1535 3749 en
1588 3634 1735 3749 angle
1777 3634 1924 3749 aigu,
1956 3634 2050 3749 puis
2092 3634 2124 3749 la
2176 3634 2313 3749 porte
2355 3634 2387 3749 en
2439 3634 2597 3749 haut,
2639 3634 2670 3749 en

711 3749 769 3873 fin
803 3749 837 3873 il
883 3749 918 3873 la
975 3749 1044 3873 met
1090 3749 1124 3873 en
1193 3749 1365 3873 dehors
1445 3749 1468 3873 du
1537 3749 1640 3873 bras
1686 3749 1709 3873 le
1801 3749 1835 3873 N.
1893 3749 1927 3873 6.
1973 3749 2007 3873 au
2110 3749 2145 3873 N.
2214 3749 2248 3873 4.
2340 3749 2363 3873 de
2409 3749 2523 3873 celle
2581 3749 2604 3873 de
2650 3749 2684 3873 ſa

712 3882 913 3997 partie,
947 3882 980 3997 en
1036 3882 1070 3997 la
1114 3882 1416 3997 ſujettant.

1069 4058 1081 4180 A
1164 4058 1461 4180 CHARIE
1532 4058 1829 4180 s’eſtant
1900 4058 2007 4180 mis
2067 4058 2114 4180 en
2186 4058 2554 4180 poſture,
2637 4058 2685 4180 le

1039 4186 1213 4301 pied
1283 4186 1458 4301 droit
1527 4186 1632 4301 ſur
1690 4186 1749 4301 le
1853 4186 2272 4301 Diametre,
2365 4186 2540 4301 avec
2586 4186 2679 4301 les

1050 4298 1305 4421 orteils
1375 4298 1688 4421 d’iceluy
1735 4298 1839 4421 ſur
1874 4298 1920 4421 la
2025 4298 2616 4421 Circonference
2674 4298 2674 4421 à

1040 4419 1076 4543 la
1125 4419 1354 4543 lettre
1463 4419 1512 4543 X,
1548 4419 1596 4543 le
1669 4419 1959 4543 gauche
2020 4419 2068 4543 vn
2153 4419 2383 4543 grand
2431 4419 2552 4543 pas
2600 4419 2685 4543 ar-

593 4544 820 4666 riere,
856 4544 1345 4666 reſpondant
1404 4544 1416 4666 à
1488 4544 1893 4666 l’oppoſite
1989 4544 2036 4666 du
2167 4544 2537 4666 Diametre
2609 4544 2668 4666 du

633 4666 921 4782 Cercle,
957 4666 1017 4782 le
1077 4666 1256 4782 coſté
1328 4666 1508 4782 droit
1556 4666 1916 4782 preſenté
1975 4666 2023 4782 en
2095 4666 2347 4782 avant,
2407 4666 2455 4782 le
2527 4666 2682 4782 bras

607 4785 900 4901 eſtandu
983 4785 1030 4901 en
1124 4785 1335 4901 dedãs
1441 4785 1452 4901 &
1499 4785 1781 4901 tourné
1840 4785 1887 4901 en
1969 4785 2145 4901 haut
2192 4785 2368 4901 avec
2415 4785 2685 4901 l’eſpee

602 4907 647 5030 en
714 4907 1097 5030 brocade,
1153 4907 1266 5030 s’en
1356 4907 1727 5030 couvrant
1783 4907 1895 5030 par
1963 4907 2019 5030 ce
2098 4907 2345 5030 moyen
2402 4907 2447 5030 la
2503 4907 2683 5030 face,

594 5030 884 5153 laiſſant
933 5030 981 5153 le
1054 5030 1417 5153 deſſoubs
1489 5030 1537 5153 du
1610 5030 1828 5153 corps
1876 5030 2046 5153 tout
2118 5030 2614 5153 deſcouvert,
2638 5030 2687 5153 le

605 5155 756 5283 bras
850 5155 1142 5283 gauche
1223 5155 1352 5283 bas
1457 5155 1457 5283 &
1527 5155 1819 5283 court,
1900 5155 2075 5283 avec
2145 5155 2192 5283 la
2262 5155 2531 5283 pointe
2612 5155 2659 5283 du

606 5278 979 5407 poignard
1037 5278 1551 5407 adcendente
1621 5278 1878 5407 devant
1925 5278 1960 5407 la
2018 5278 2462 5407 poirine;
2520 5278 2555 5407 il
2590 5278 2683 5407 at-

611 5401 776 5525 tand
836 5401 1002 5525 ainſi
1049 5401 1096 5525 ſa
1156 5401 1428 5525 partie.
1547 5401 2104 5525 ALEXANDRE
2175 5401 2613 5525 travaillant
2672 5401 2684 5525 à

597 5525 888 5648 l’encon
944 5525 1078 5648 tre,
1123 5525 1346 5648 apres
1391 5525 1592 5648 avoir
1648 5525 2274 5648 premierement
2341 5525 2598 5648 planté
2643 5525 2699 5648 le

605 5648 784 5776 pied
835 5648 1129 5776 gauche
1181 5648 1296 5776 par
1360 5648 1501 5776 dela
1577 5648 1616 5776 du
1731 5648 2102 5776 Diametre
2154 5648 2256 5776 ſur
2294 5648 2333 5776 la
2384 5648 2589 5776 ligne
2678 5648 2691 5776 C

661 5771 697 5889 G,
807 5771 807 5889 &
893 5771 991 5889 mis
1052 5771 1101 5889 en
1174 5771 1296 5889 bas
1345 5771 1394 5889 le
1455 5771 1614 5889 bras
1724 5771 1724 5889 &
1773 5771 2042 5889 l’eſpee
2128 5771 2164 5889 en
2238 5771 2458 5889 angle
2507 5771 2702 5889 aigu,

637 5896 918 6018 marche
986 5896 1031 6018 en
1132 5896 1413 6018 dedans
1503 5896 1548 6018 du
1638 5896 1807 6018 pied
1886 5896 2066 6018 droit
2134 5896 2314 6018 avec
2370 5896 2696 6018 avance-

639 6019 812 6143 ment
882 6019 928 6143 du
1020 6019 1263 6143 corps,
1309 6019 1633 6143 portant
1691 6019 2072 6143 enſemble
2130 6019 2176 6143 le
2222 6019 2384 6143 bras
2511 6019 2523 6143 &
2592 6019 2707 6143 l’e-

606 6140 768 6270 ſpee
843 6140 905 6270 de
955 6140 1080 6270 bas
1154 6140 1192 6270 en
1267 6140 1479 6270 haut,
1529 6140 1553 6270 il
1603 6140 1853 6270 plante
1928 6140 1977 6270 le
2040 6140 2214 6270 pied
2289 6140 2514 6270 eſlevé
2588 6140 2701 6270 par

636 6271 765 6388 dela
829 6271 880 6388 le
970 6271 1342 6388 Diametre
1406 6271 1509 6388 ſur
1560 6271 1599 6388 la
1650 6271 1856 6388 ligne
1971 6271 1971 6388 N
2099 6271 2164 6388 Q,
2254 6271 2420 6388 avec
2497 6271 2716 6388 pour-

601 6384 791 6518 ſuite
850 6384 909 6518 du
980 6384 1147 6518 pied
1218 6384 1503 6518 gauche
1562 6384 1609 6518 en
1704 6384 2297 6518 circonference
2369 6384 2475 6518 par
2558 6384 2689 6518 dela

669 6506 669 6620 &
743 6506 915 6620 hors
989 6506 1038 6620 du
1148 6506 1419 6620 Cercle,
1480 6506 1627 6620 lors
1664 6506 1701 6620 il
1787 6506 1898 6620 met
1959 6506 1996 6620 ſa
2045 6506 2242 6620 lame
2303 6506 2352 6620 en
2438 6506 2696 6620 dehors

3509 1102 3822 1287 Cercle
4051 1102 4322 1287 N14.

2862 1376 3110 1503 Zacharie
3172 1376 3359 1503 voyant
3396 1376 3434 1503 ſa
3483 1376 3595 1503 lame
3645 1376 3944 1503 aſſujettie,
3993 1376 4143 1503 eſſaye
4205 1376 4230 1503 de
4292 1376 4429 1503 ſaiſir
4478 1376 4516 1503 de
4553 1376 4615 1503 ſon
4665 1376 4939 1503 poignard

2952 1504 3060 1622 celle
3120 1504 3156 1622 de
3192 1504 3228 1622 ſa
3276 1504 3480 1622 partie,
3576 1504 3576 1622 &
3671 1504 3959 1622 deſacouple
4007 1504 4043 1622 la
4079 1504 4235 1622 ſienne
4307 1504 4534 1622 d’icelle,
4606 1504 4642 1622 ce
4702 1504 4930 1622 qu’Ale-

2958 1627 3147 1745 xandre
3192 1627 3570 1745 remarquant,
3604 1627 3849 1745 hauſſant
3893 1627 3927 1745 la
3971 1627 4127 1745 pointe
4182 1627 4216 1745 de
4249 1627 4283 1745 ſa
4327 1627 4472 1745 lame,
4505 1627 4706 1745 ileſuite
4750 1627 4772 1745 le
4817 1627 4917 1745 poi-

2960 1750 3128 1870 gnard
3188 1750 3212 1870 de
3260 1750 3296 1870 ſa
3344 1750 3537 1870 partie,
3681 1750 3705 1870 le
3753 1750 3885 1870 bleſſe
3933 1750 3933 1870 à
3981 1750 4018 1870 la
4090 1750 4366 1870 poitrine,
4438 1750 4534 1870 puis
4595 1750 4619 1870 le
4679 1750 4811 1870 perce
4871 1750 4919 1870 au

2948 1875 3157 1983 travers
3216 1875 3246 1983 du
3296 1875 3464 1983 corps.

2891 443 2930 616 du
3007 443 3175 616 bras
3214 443 3266 616 le
3369 443 3421 616 N.
3473 443 3511 616 6.
3550 443 3602 616 au
3731 443 3770 616 N.
3822 443 3860 616 4.
3925 443 3990 616 de
4054 443 4222 616 celle
4287 443 4352 616 de
4416 443 4455 616 ſa
4520 443 4830 616 partie,
4895 443 4933 616 la

2852 614 3216 739 ſujettant
3289 614 3411 739 d’un
3483 614 3641 739 bras
3750 614 3763 739 &
3823 614 4030 739 eſpée
4090 614 4455 739 eſtandus
4503 614 4503 739 à
4564 614 4661 739 ſon
4746 614 4940 739 coſté

2870 736 3046 861 droit
3116 736 3245 861 d’un
3350 736 3642 861 moderé
3677 736 4133 861 ſentiment;
4192 736 4484 861 comme
4554 736 4589 861 il
4659 736 4928 861 appert

2846 857 2959 983 par
3009 857 3097 983 les
3147 857 3473 983 figures.
