5479 7714
1616 447 1785 670 Oila
1898 447 1973 670 ce
2085 447 2254 670 que
2329 447 2686 670 noſtre
2780 447 3230 670 exercice
3306 447 3550 670 peut
3662 447 4019 670 contre
4094 447 4188 670 un
4319 447 4920 670 advantage
4995 447 5032 670 ſi

1510 660 1839 802 ſignalé,
1935 660 2058 802 que
2099 660 2154 802 la
2222 660 2592 802 pratique
2674 660 3003 802 d’iceluy
3058 660 3236 802 vous
3291 660 3565 802 rendra
3633 660 3770 802 tel,
3839 660 3962 802 que
4017 660 4346 802 ſujetter
4400 660 4537 802 une
4606 660 4866 802 elpee,
4948 660 5003 802 ou

1515 798 1875 948 executer
1940 798 2004 948 un
2094 798 2275 948 coup
2365 798 2416 948 de
2481 798 2867 948 premiere
2919 798 3382 948 intention,
3434 798 3498 948 ou
3614 798 3872 948 meſme
3936 798 4116 948 vous
4168 798 4374 948 loger
4438 798 4670 948 ſoubs
4709 798 4760 948 la
4812 798 5018 948 lame

1537 940 1659 1088 d’un
1768 940 2270 1088 adverſaire,
2379 940 2583 1088 muni
2651 940 2800 1088 d’un
2882 940 3290 1088 poignard
3358 940 3548 1088 pour
3616 940 3833 1088 parer
3888 940 3983 1088 les
4078 940 4309 1088 coups
4417 940 4540 1088 que
4648 940 4825 1088 vous
4879 940 5015 1088 luy

1508 1082 1880 1225 pourriez
1935 1082 2156 1225 tirer,
2211 1082 2294 1225 ne
2363 1082 2556 1225 vous
2598 1082 3026 1225 apportera
3122 1082 3385 1225 guerre
3495 1082 3550 1225 de
3633 1082 4061 1225 difficulté.
4213 1082 4682 1225 Seulement
4765 1082 4792 1225 il
4861 1082 5027 1225 faut

1514 1220 1695 1369 eſtre
1746 1220 2224 1369 ſongneux,
2301 1220 2353 1369 de
2430 1220 2508 1369 ne
2559 1220 3011 1369 permettre
3062 1220 3062 1369 à
3140 1220 3385 1369 voſtre
3437 1220 3682 1369 partie
3746 1220 3811 1369 de
3862 1220 4043 1369 faire
4108 1220 4353 1369 aucun
4482 1220 5011 1369 mouvement

651 1362 704 1511 du
796 1362 1217 1511 poignard,
1296 1362 1415 1511 que
1480 1362 1533 1511 au
1665 1362 1928 1511 meſme
2007 1362 2270 1511 temps
2323 1362 2507 1511 vous
2573 1362 2705 1511 n’en
2784 1362 3021 1511 facies
3087 1362 3153 1511 un
3232 1362 3442 1511 autre
3495 1362 3508 1511 à
3574 1362 3811 1511 voſtre
3864 1362 4364 1511 advantage.
4588 1362 4785 1511 Vous
4851 1362 5009 1511 aves

630 1499 736 1644 veu
803 1499 843 1644 la
910 1499 1070 1644 plus
1123 1499 1417 1644 ſubtile
1511 1499 1831 1644 maniere
1911 1499 1964 1644 de
2018 1499 2351 1644 ſujetter
2432 1499 2552 1644 qui
2605 1499 2725 1644 ayt
2792 1499 2925 1644 eſté
2992 1499 3272 1644 encore
3339 1499 3713 1644 deduite,
3766 1499 3820 1644 en
3886 1499 4233 1644 laquelle
4300 1499 4487 1644 vous
4540 1499 4714 1644 vous
4781 1499 5008 1644 devez

622 1643 772 1787 bien
854 1643 1208 1787 exercer,
1262 1643 1425 1787 puis
1507 1643 1698 1787 'u’on
1779 1643 1861 1787 ne
1915 1643 2092 1787 peut
2147 1643 2528 1787 attaquer
2582 1643 2719 1787 une
2773 1643 2977 1787 lame
3032 1643 3440 1787 preſentée
3508 1643 3563 1787 en
3658 1643 3889 1787 droite
3944 1643 4148 1787 ligne
4216 1643 4407 1787 qu’en
4502 1643 4693 1787 ceſte
4733 1643 5019 1787 façon,

678 1781 678 1934 &
748 1781 873 1934 que
942 1781 1095 1934 c’eſt
1137 1781 1178 1934 la
1248 1781 1414 1934 plus
1470 1781 1859 1934 brdinaire
1942 1781 2053 1934 qui
2109 1781 2511 1934 advienne
2595 1781 2636 1934 en
2720 1781 3136 1934 l’exercice
3220 1781 3275 1934 de
3317 1781 3359 1934 la
3428 1781 3845 1934 preſenter
3914 1781 4192 1934 droite.
