5479 7714
1588 1924 1744 2140 Our
1822 1924 2213 2140 exercer
2272 1924 2623 2140 noſtre
2779 1924 3170 2140 Diſciple
3268 1924 3346 2140 de
3424 1924 3619 2140 plus
3697 1924 3756 2140 en
3854 1924 4069 2140 plus
4147 1924 4205 2140 en
4303 1924 4909 2140 l’operation

1494 2122 1550 2273 de
1606 2122 1649 2273 la
1733 2122 2127 2273 Sujetion,
2197 2122 2591 2273 (laquelle
2647 2122 2816 2273 ſans
2900 2122 3125 2273 doute
3182 2122 3308 2273 luy
3392 2122 3533 2273 ſera
3603 2122 3786 2273 aſſez
3871 2122 4180 2273 difficile
4236 2122 4307 2273 au
4391 2122 4925 2273 commence-

1496 2269 1732 2413 ment)
1797 2269 1993 2413 nous
2045 2269 2281 2413 avons
2320 2269 2490 2413 jugé
2542 2269 3000 2413 neceſſaire,
3066 2269 3563 2413 d’adjoindre
3615 2269 3746 2413 aux
3811 2269 4426 2413 enſeignemens
4478 2269 4923 2413 precedens

1454 2407 1595 2526 une
1671 2407 2157 2526 Inſtruion
2233 2407 2297 2526 au
2399 2407 3140 2526 commencement
3216 2407 3267 2526 de
3331 2407 3395 2526 ce
3484 2407 3842 2526 Tableau,
3906 2407 4276 2526 different
4353 2407 4455 2526 des
4493 2407 4774 2526 autres,
4851 2407 4902 2526 en

1468 2546 1522 2689 ce
1615 2546 1748 2689 que
1788 2546 2320 2689 l’Adverſaire
2387 2546 2467 2689 s’y
2546 2546 2906 2689 preſente
2972 2546 3145 2689 avec
3198 2546 3465 2689 l’eſpee
3531 2546 4064 2689 adcendente
4183 2546 4183 2689 &
4237 2546 4276 2689 la
4356 2546 4623 2689 pointe
4689 2546 4915 2689 beau-

1468 2687 1654 2826 coup
1721 2687 1880 2826 plus
1933 2687 2239 2826 eſlevée,
2292 2687 2651 2826 combien
2744 2687 2863 2826 que
2930 2687 2996 2826 ce
3049 2687 3607 2826 changement
3661 2687 4019 2826 n’aporte
4072 2687 4192 2826 pas
4245 2687 4524 2826 grande
4604 2687 4936 2826 difficul-

585 2819 679 2963 té,
759 2819 1255 2963 moyennant
1336 2819 1645 2963 qu’avec
1698 2819 1832 2963 bon
1913 2819 2168 2963 ordre,
2222 2819 2275 2963 on
2383 2819 2584 2963 mene
2638 2819 2745 2963 ſon
2852 2819 3053 2963 eſpee
3107 2819 3228 2963 par
3295 2819 3657 2963 deſſoubs
3765 2819 3765 2963 &
3818 2819 3872 2963 au
3966 2819 4154 2963 coſté
4234 2819 4288 2963 de
4355 2819 4516 2963 celle
4597 2819 4650 2963 de
4717 2819 4932 2963 l’Ad-

592 2959 932 3103 verſaire.
1049 2959 1167 3103 Les
1258 2959 1428 3103 deux
1494 2959 1755 3103 autres
1820 2959 2317 3103 operations,
2396 2959 2526 3103 que
2592 2959 2788 3103 nous
2879 2959 3310 3103 deſcrivons
3363 2959 3363 3103 à
3428 2959 3467 3103 la
3533 2959 3938 3103 pourſuite
4029 2959 4082 3103 de
4173 2959 4225 3103 ce
4330 2959 4696 3103 Tableau,
4748 2959 4918 3103 ſont

584 3094 735 3241 fort
830 3094 1282 3241 differentes
1323 3094 1528 3241 l’une
1597 3094 1665 3241 de
1706 3094 2008 3241 l’autre.
2090 3094 2158 3241 En
2227 3094 2268 3241 la
2336 3094 2719 3241 premiere
2788 3094 3185 3241 contenue
3240 3094 3294 3241 au
3418 3094 3650 3241 Cercle
3787 3094 3815 3241 N.
3883 3094 3924 3241 8.
3979 3094 4513 3241 l’Adverſaire
4567 3094 4923 3241 preſente

588 3236 629 3380 le
698 3236 1097 3380 poignard
1179 3236 1303 3380 d’un
1386 3236 1537 3380 bras
1606 3236 1757 3380 fort
1812 3236 2183 3380 eſtendu,
2307 3236 2321 3380 &
2362 3236 2623 3380 l’eſpee
2692 3236 2912 3380 toute
2967 3236 3201 3380 baſſe;
3269 3236 3531 3380 contre
3586 3236 3847 3380 lequel
3916 3236 3971 3380 en
4053 3236 4507 3380 travaillant
4562 3236 4603 3380 il
4658 3236 4823 3380 faut
4878 3236 4919 3380 ſe

606 3372 869 3521 garder
939 3372 1188 3521 d’eſtre
1244 3372 1466 3521 bleſſé
1521 3372 1577 3521 au
1674 3372 1896 3521 coſté,
1951 3372 2020 3521 ou
2090 3372 2090 3521 à
2145 3372 2187 3521 la
2242 3372 2617 3521 poitrine,
2700 3372 2991 3521 menant
3047 3372 3310 3521 l’eſpee
3380 3372 3435 3521 de
3491 3372 3657 3521 telle
3713 3372 3907 3521 ſorte
3990 3372 4184 3521 entre
4240 3372 4517 3521 l’eſpee
4614 3372 4628 3521 &
4670 3372 4711 3521 le
4780 3372 4933 3521 poi-

604 3511 862 3657 gnard,
927 3511 1056 3657 que
1095 3511 1366 3657 jamais
1431 3511 1495 3657 ou
1560 3511 1637 3657 ne
1728 3511 2141 3657 deſtourne
2206 3511 2245 3657 ſa
2296 3511 2490 3657 lame
2580 3511 2852 3657 d’entre
2903 3511 2994 3657 les
3071 3511 3252 3657 deux
3317 3511 3562 3657 armes
3653 3511 3717 3657 de
3756 3511 4350 3657 l’Adverſaire,
4415 3511 4609 3657 ſinon
4712 3511 4906 3657 qu’en

583 3646 870 3793 parant
952 3646 1007 3793 de
1075 3646 1184 3793 ſon
1266 3646 1676 3793 poignard
1731 3646 1772 3793 il
1854 3646 2100 3793 donne
2182 3646 2606 3793 ouverture
2688 3646 2879 3793 pour
2934 3646 2989 3793 le
3057 3646 3372 3793 bleſſer.
3522 3646 3577 3793 La
3672 3646 4028 3793 Seconde
4110 3646 4506 3793 propoſée
4575 3646 4629 3793 au
4780 3646 4916 3793 Cer-

597 3788 689 3932 cle
728 3788 820 3932 12.
885 3788 1252 3932 contient
1343 3788 1435 3932 des
1526 3788 2050 3932 mouvemens
2116 3788 2181 3932 de
2220 3788 2482 3932 l’eſpee
2587 3788 2600 3932 &
2652 3788 3058 3932 poignard
3110 3788 3267 3932 plus
3359 3788 3699 3932 difficiles
3739 3788 3752 3932 à
3804 3788 4315 3932 rencontrer,
4367 3788 4563 3932 pour
4642 3788 4694 3932 ce
4773 3788 4930 3932 qu’il

595 3925 674 4070 eſt
753 3925 937 4070 quaſi
1016 3925 1056 4070 en
1135 3925 1504 4070 Inſtance
1557 3925 1754 4070 pour
1834 3925 2203 4070 executer
2255 3925 2361 4070 ſon
2466 3925 2703 4070 coup:
2835 3925 2928 4070 Par
2980 3925 3152 4070 ainſi
3191 3925 3231 4070 il
3283 3925 3363 4070 ne
3415 3925 3547 4070 luy
3600 3925 3758 4070 faut
3811 3925 4259 4070 permettre
4338 3925 4391 4070 de
4443 3925 4615 4070 faire
4667 3925 4905 4070 aucun

618 4063 1179 4218 mouvement,
1259 4063 1379 4218 que
1446 4063 1553 4218 ſur
1620 4063 1873 4218 iceluy
1940 4063 2007 4218 on
2087 4063 2167 4218 ne
2220 4063 2447 4218 prene
2501 4063 2608 4218 ſon
2688 4063 3195 4218 advantage,
3248 4063 3302 4218 ſe
3382 4063 3716 4218 gardant
3796 4063 4303 4218 cependant,
4383 4063 4450 4218 de
4517 4063 4917 4218 n’alonger

571 4199 849 4339 l’eſpee
897 4199 1102 4339 ſinon
1175 4199 1344 4339 avec
1404 4199 1670 4339 bonne
1742 4199 2044 4339 raiſon:
2140 4199 2225 4339 car
2297 4199 2418 4339 par
2503 4199 2551 4339 ce
2648 4199 2901 4339 moyen
2998 4199 3058 4339 on
3143 4199 3227 4339 ne
3275 4199 3408 4339 ſera
3481 4199 3746 4339 jamais
3819 4199 4241 4339 empeſché
4326 4199 4374 4339 de
4447 4199 4917 4339 rencontrer

585 4331 682 4473 ſes
752 4331 1043 4473 coups,
1099 4331 1210 4473 n’y
1293 4331 1349 4473 de
1391 4331 1446 4473 le
1488 4331 1766 4473 bleſſer
1807 4331 1849 4473 ſi
1891 4331 2294 4473 l’occaſion
2377 4331 2433 4473 ſe
2502 4331 2891 4473 preſente.

1335 4594 1659 4766 Cercle
1922 4594 2063 4766 .1.

611 4818 753 4943 Apres
800 4818 883 4943 que
966 4818 1214 4943 Zacharie
1273 4818 1367 4943 s’eſt
1426 4818 1497 4943 mis
1533 4818 1568 4943 en
1616 4818 1840 4943 poſture,
1887 4818 1994 4943 avec
2041 4818 2230 4943 l’eſpee
2265 4818 2301 4943 la
2360 4818 2514 4943 pointe
2561 4818 2679 4943 eſle-

701 4943 773 5065 vée
835 4943 876 5065 au
959 4943 1135 5065 devant
1197 4943 1228 5065 du
1279 4943 1445 5065 corps,
1497 4943 1517 5065 le
1569 4943 1672 5065 bras
1724 4943 1920 5065 gauche
1962 4943 2210 5065 racourcy
2251 4943 2417 5065 contre
2458 4943 2489 5065 le
2530 4943 2675 5065 corps

696 5065 798 5190 plus
844 5065 912 5190 bas
957 5065 1037 5190 que
1094 5065 1117 5190 le
1185 5065 1356 5190 droit,
1401 5065 1424 5190 le
1469 5065 1742 5190 poignard
1776 5065 1811 5190 la
1867 5065 2038 5190 pointe
2072 5065 2254 5190 eſlevée
2311 5065 2357 5190 au
2425 5065 2607 5190 devant
2652 5065 2686 5190 la

702 5186 1002 5311 poictrine,
1102 5186 1402 5311 Alexandre
1457 5186 1591 5311 vient
1646 5186 1646 5311 à
1702 5186 2002 5311 l’encontre,
2102 5186 2102 5311 &
2157 5186 2302 5311 eſleve
2346 5186 2379 5311 la
2435 5186 2590 5311 pointe
2657 5186 2679 5311 de

698 5312 764 5433 ſon
819 5312 951 5433 eſpee
1005 5312 1038 5433 en
1104 5312 1488 5433 circonference
1565 5312 1598 5433 de
1664 5312 1740 5433 bas
1795 5312 1828 5433 en
1905 5312 2070 5433 haut,
2135 5312 2355 5433 mettant
2410 5312 2442 5433 le
2552 5312 2585 5433 N.
2651 5312 2684 5433 4.

722 5431 898 5569 d’icelle
980 5431 1015 5569 au
1133 5431 1168 5569 N.
1238 5431 1285 5569 5.
1379 5431 1403 5569 de
1473 5431 1579 5569 celle
1649 5431 1685 5569 de
1755 5431 1790 5569 ſa
1861 5431 2025 5569 partie
2096 5431 2190 5569 par
2260 5431 2448 5569 dedans
2554 5431 2554 5569 &
2636 5431 2671 5569 au

726 5555 972 5674 deſſoubs.

1075 5728 1159 5854 AC
1243 5728 1495 5854 HARIE
1555 5728 1855 5854 s’eſtant
1939 5728 2035 5854 mis
2095 5728 2143 5854 en
2215 5728 2587 5854 poſture,
2635 5728 2683 5854 le

1050 5855 1220 5980 pied
1285 5855 1468 5980 droit
1520 5855 1964 5980 plãté(avec
2016 5855 2055 5980 le
2134 5855 2356 5980 genou
2421 5855 2695 5980 ployé)

1042 5979 1146 6084 ſur
1180 5979 1238 6084 le
1330 5979 1734 6084 Diametre,
1780 5979 2172 6084 touchant
2252 5979 2368 6084 des
2425 5979 2679 6084 orteils

1056 6100 1374 6225 d’iceluy
1435 6100 1484 6225 la
1594 6100 2205 6225 Circonference
2266 6100 2278 6225 à
2352 6100 2389 6225 la
2462 6100 2694 6225 lettre

664 6222 664 6346 ,
711 6222 758 6346 le
841 6222 1124 6346 gauche
1171 6222 1396 6346 (avec
1443 6222 1490 6346 le
1549 6222 1773 6346 genou
1844 6222 2104 6346 roide)
2163 6222 2222 6346 un
2292 6222 2410 6346 pas
2469 6222 2517 6346 en
2587 6222 2682 6346 ar-

581 6346 807 6473 riere,
866 6346 1485 6473 correſpondant
1544 6346 1544 6473 à
1592 6346 1949 6473 l’opoſite
2032 6346 2091 6473 de
2151 6346 2198 6473 la
2258 6346 2519 6473 pointe
2603 6346 2650 6473 du

642 6469 988 6595 Quadrat,
1052 6469 1104 6595 le
1181 6469 1373 6595 coſté
1463 6469 1681 6595 droi
1745 6469 2053 6595 avancé,
2104 6469 2155 6595 le
2219 6469 2373 6595 bras
2463 6469 2681 6595 droi

598 6593 915 6718 courbé,
1024 6593 1024 6718 &
1073 6593 1109 6718 la
1170 6593 1437 6718 pointe
1510 6593 1571 6718 de
1620 6593 1656 6718 la
1705 6593 1899 6718 lame
1948 6593 2458 6718 adcendente
2543 6593 2677 6718 miſe

586 6715 645 6850 au
751 6715 1021 6850 devant
1103 6715 1150 6850 du
1256 6715 1515 6850 corps,
1573 6715 1632 6850 le
1703 6715 1867 6850 bras
1938 6715 2232 6850 gauche
2302 6715 2678 6850 racourcy

4793 6715 4933 6800 Cer-

2841 4594 3096 4729 contre
3169 4594 3218 4729 le
3291 4594 3497 4729 corps
3570 4594 3728 4729 plus
3801 4594 3922 4729 bas
3995 4594 4128 4729 que
4201 4594 4250 4729 le
4347 4594 4602 4729 droi,
4663 4594 4711 4729 le
4784 4594 4930 4729 poi-

2845 4716 3065 4850 gnard
3123 4716 3169 4850 la
3262 4716 3528 4850 pointe
3586 4716 4106 4850 adcendente
4199 4716 4303 4850 mis
4372 4716 4419 4850 au
4534 4716 4800 4850 devant
4870 4716 4916 4850 la

2826 4842 3264 4972 poirine,
3315 4842 3365 4972 le
3452 4842 3665 4972 corps
3740 4842 4091 4972 repoſant
4166 4842 4266 4972 ſur
4329 4842 4379 4972 le
4442 4842 4605 4972 pied
4692 4842 4918 4972 droi

2827 4962 3142 5095 planté;
3203 4962 3239 5095 il
3288 4962 3554 5095 attend
3627 4962 3796 5095 ainſi
3857 4962 3893 5095 ſa
3954 4962 4233 5095 partie.
4354 4962 4923 5095 ALEXANDRE

2835 5086 3115 5216 venant
3162 5086 3548 5216 travailler
3595 5086 3607 5216 à
3654 5086 4087 5216 l’encontre
4180 5086 4297 5216 met
4344 5086 4391 5216 le
4449 5086 4613 5216 pied
4683 5086 4917 5216 droi

2825 5209 2931 5346 ſur
2989 5209 3036 5346 le
3130 5209 3541 5346 Diametre,
3600 5209 3987 5346 touchant
4069 5209 4175 5346 des
4257 5209 4515 5346 orteils
4597 5209 4914 5346 d’iceluy

2828 5332 2865 5463 la
2938 5332 3171 5463 lettre
3269 5332 3318 5463 C,
3380 5332 3649 5463 tenant
3698 5332 3747 5463 la
3809 5332 4078 5463 pointe
4164 5332 4213 5463 de
4274 5332 4544 5463 l’eſpee
4593 5332 4912 5463 abaiſſée

2839 5453 2970 5588 d’un
3042 5453 3209 5588 bras
3268 5453 3566 5588 eſtendu
3674 5453 4031 5588 deſſoubs
4138 5453 4138 5588 &
4198 5453 4258 5588 au
4341 5453 4603 5588 devant
4651 5453 4699 5588 la
4782 5453 4913 5588 gar-

2842 5580 2915 5714 de
2999 5580 3060 5714 de
3120 5580 3386 5714 l’eſpee
3458 5580 3531 5714 de
3579 5580 3628 5714 ſa
3700 5580 3990 5714 partie,
4075 5580 4365 5714 entrant
4449 5580 4510 5714 de
4570 5580 4752 5714 ſuite
4836 5580 4885 5714 du

2830 5700 2996 5834 pied
3067 5700 3398 5834 gauche,
3457 5700 3493 5834 il
3564 5700 3789 5834 eſleve
3860 5700 4038 5834 avec
4109 5700 4239 5834 une
4322 5700 4914 5834 circonference

2857 5824 2906 5955 de
2968 5824 3090 5955 bas
3176 5824 3213 5955 en
3299 5824 3483 5955 haut
3544 5824 3642 5955 ſon
3728 5824 3961 5955 eſpee;
4034 5824 4194 5955 puis
4243 5824 4598 5955 plantant
4647 5824 4696 5955 le
4745 5824 4917 5955 pied

2845 5946 3064 6089 eſlevé
3125 5946 3247 6089 par
3307 5946 3478 6089 deçà
3526 5946 3575 6089 le
3672 5946 4037 6089 Diametre
4085 5946 4377 6089 proche
4450 5946 4511 6089 de
4572 5946 4608 6089 la
4681 5946 4912 6089 lettre

2878 6078 2939 6192 G,
3037 6078 3074 6192 il
3160 6078 3283 6192 met
3369 6078 3749 6192 enſemble
3811 6078 3860 6192 le
3982 6078 4019 6192 N.
4105 6078 4142 6192 4.
4240 6078 4301 6192 de
4363 6078 4400 6192 ſa
4473 6078 4670 6192 lame
4731 6078 4915 6192 avec

2865 6194 3146 6327 moderé
3195 6194 3660 6327 ſentiment,
3709 6194 3770 6327 au
3904 6194 3941 6327 N.
3978 6194 4026 6327 5.
4100 6194 4149 6327 de
4222 6194 4381 6327 celle
4479 6194 4625 6327 dſa
4686 6194 4919 6327 partie

2828 6317 2950 6455 par
2999 6317 3047 6455 le
3145 6317 3426 6455 dedans
3524 6317 3536 6455 &
3585 6317 3634 6455 au
3731 6317 4098 6455 deſſoubs
4159 6317 4464 6455 d’icelle,
4537 6317 4806 6455 tenant
4867 6317 4916 6455 le

2841 6446 3049 6581 corps
3122 6446 3477 6581 eſtendu;
3550 6446 3843 6581 comme
3892 6446 3990 6581 les
4039 6446 4320 6581 figures
4406 6446 4846 6581 monſtrent.

989 1398 2505 1537 DECLARATION
2777 1398 3010 1537 DES
3263 1398 4604 1537 OPERATIONS

1143 1561 1230 1694 DV
1405 1561 2002 1694 TABLEAV
2177 1561 2993 1694 CINQVIESME
3167 1561 3269 1694 DV
3400 1561 3925 1694 SECOND
4056 1561 4449 1694 LIVRE,

1381 1710 1456 1800 DE
1563 1710 1885 1800 L’ESPEE
1992 1710 2249 1800 SEVLE
2378 1710 2742 1800 CONTRE
2860 1710 3150 1800 L’ESPEE
3257 1710 3332 1800 ET
3450 1710 3514 1800 LE
3621 1710 4147 1800 POIGNARD.
