5479 7714
3579 2430 3895 2609 Cercle
4098 2430 4369 2609 N.

2878 460 2939 586 de
3000 460 3037 586 ſa
3110 460 3355 586 garde.
3429 460 3490 586 Au
3600 460 3857 586 meſme
3943 460 4445 586 mouvement
4530 460 4995 586 ALEXANDRE

2892 590 3184 713 marche
3247 590 3298 713 en
3386 590 3678 713 dedans
3741 590 3792 713 du
3868 590 4045 713 pied
4108 590 4374 713 droi,
4501 590 4501 713 &
4564 590 4843 713 gradue
4894 590 4995 713 les

2853 714 3096 819 lames
3166 714 3351 819 avec
3409 714 3455 819 le
3536 714 3698 819 bras
3779 714 4138 819 eſtendu,
4242 714 4254 819 &
4300 714 4844 819 avancement
4914 714 4960 819 du

2875 838 3125 965 corps,
3175 838 3500 965 bleſſant
3575 838 3774 965 d’une
3837 838 4199 965 eſtocade
4261 838 4299 965 ſa
4361 838 4598 965 partie
4648 838 4711 965 au
4798 838 4985 965 coſté

2872 966 3167 1090 gauche
3240 966 3351 1090 par
3412 966 3461 1090 le
3535 966 3903 1090 deſſoubs
3989 966 4038 1090 du
4112 966 4320 1090 bras;
4394 966 4553 1090 puis
4627 966 4983 1090 plantant

2858 1091 2910 1219 le
2962 1091 3131 1219 pied
3196 1091 3417 1219 eſlevé
3482 1091 3586 1219 par
3664 1091 3833 1219 deçà
3885 1091 3937 1219 le
4041 1091 4418 1219 Diametre
4470 1091 4483 1219 à
4534 1091 4573 1219 la
4625 1091 4859 1219 lettre
4937 1091 4989 1219 S,

2856 1216 3263 1338 penchant
3325 1216 3375 1338 le
3461 1216 3683 1338 corps
3769 1216 4078 1338 deſſus,
4226 1216 4226 1338 &
4312 1216 4831 1338 pourſuivant
4917 1216 4967 1338 du

2877 1341 3164 1467 gauche
3216 1341 3321 1467 ſur
3373 1341 3412 1467 la
3464 1341 3673 1467 ligne
3791 1341 3791 1467 R
3908 1341 3948 1467 N,
4000 1341 4039 1467 il
4078 1341 4522 1467 augmenté
4587 1341 4692 1467 ſon
4796 1341 4979 1467 coup

2858 1465 2858 1591 à
2918 1465 3227 1591 travers
3287 1465 3334 1591 du
3429 1465 3644 1591 corps
3715 1465 4084 1591 d’iceluy;
4179 1465 4489 1591 comme
4536 1465 4632 1591 les
4679 1465 4977 1591 figures

2881 1591 3338 1716 monſtrent:
3397 1591 3819 1716 tellement
3901 1591 4030 1716 que
4147 1591 4593 1716 ZACHARIE
4663 1591 4734 1716 ne
4792 1591 4980 1716 peut

2859 1719 3065 1838 parer
3126 1719 3296 1838 avec
3356 1719 3453 1838 ſon
3538 1719 3963 1838 poignard,
4011 1719 4302 1838 pource
4375 1719 4496 1838 que
4557 1719 4982 1838 l’eſtocade

2851 1838 2981 1964 luy
3046 1838 3137 1964 eſt
3189 1838 3372 1964 tirée
3424 1838 3476 1964 au
3554 1838 3801 1964 temps
3867 1838 4036 1964 qu’il
4075 1838 4336 1964 hauſſe
4401 1838 4713 1964 l’eſpée.

1378 460 1685 620 Cercle
1904 460 2168 620 N.2.

3361 3385 3361 3512 E
3486 3385 3724 3512 Cercle
3786 3385 3911 3512 tire
3974 3385 4011 3512 la
4086 3385 4361 3512 ſource
4449 3385 4561 3512 des
4636 3385 4999 3512 poſtures

3337 3511 3397 3624 du
3530 3511 3772 3624 Cercle
3893 3511 3942 3624 N.
4026 3511 4075 3624 4.
4232 3511 4232 3624 &
4328 3511 4377 3624 du
4486 3511 5006 3624 commence-

3352 3636 3534 3762 ment
3606 3636 3728 3762 des
3788 3636 4248 3762 operations
4333 3636 4393 3762 de
4478 3636 4684 3762 celuy
4769 3636 4817 3762 du
4950 3636 4999 3762 N.

3344 3764 3379 3890 2.
3473 3764 3520 3890 ou
3637 3764 3649 3890 A
3731 3764 4294 3890 LEXANDRE
4388 3764 4599 3890 entre
4681 3764 4728 3890 du
4822 3764 4998 3890 pied

2890 3886 3148 4017 droi,
3185 3886 3740 4017 tranſportant
3789 3886 3974 4017 avec
4023 3886 4060 4017 ſa
4122 3886 4319 4017 lame
4381 3886 4553 4017 celle
4627 3886 4689 4017 de
4738 3886 4775 4017 ſa
4849 3886 5009 4017 par-

2866 4013 2988 4141 tie.
3097 4013 3158 4141 Au
3256 4013 3511 4141 meſme
3584 4013 3840 4141 temps
3925 4013 4083 4141 qu’il
4131 4013 4168 4141 la
4253 4013 4472 4141 baiſſe
4545 4013 4898 4141 (comme
4959 4013 4995 4141 il

2880 4139 2965 4259 eſt
3050 4139 3342 4259 declaré
3402 4139 3669 4259 audi
3779 4139 4082 4259 Cercle)
4204 4139 4726 4259 ZACHARIE
4835 4139 4993 4259 mar-

2877 4264 2997 4390 che
3093 4264 3129 4390 en
3237 4264 3525 4390 dedans
3621 4264 3669 4390 du
3753 4264 3933 4390 pied
4018 4264 4342 4390 gauche,
4450 4264 4450 4390 &
4522 4264 4846 4390 portant
4930 4264 4978 4390 en

2862 4386 3086 4510 avant
3145 4386 3203 4510 le
3274 4386 3462 4510 coſté
3556 4386 3839 4510 gauche
3909 4386 4085 4510 avec
4144 4386 4203 4510 le
4274 4386 4427 4510 bras
4532 4386 4544 4510 &
4591 4386 4991 4510 poignard

2879 4505 3245 4610 eſtendu,
3319 4505 3698 4610 tournant
3759 4505 3808 4610 en
3905 4505 4174 4610 dehors
4223 4505 4272 4610 le
4345 4505 4626 4610 droi,
4687 4505 4724 4610 il
4773 4505 4993 4610 ſaiſiſt

2859 4628 2948 4758 (la
3012 4628 3279 4758 pointe
3355 4628 3406 4758 de
3457 4628 3495 4758 ſa
3558 4628 3749 4758 lame
3812 4628 4054 4758 eſtant
4105 4628 4473 4758 abaiſſée)
4550 4628 4600 4758 de
4664 4628 4766 4758 ſon
4842 4628 5007 4758 poi-

2881 4754 3101 4884 gnard
3162 4754 3211 4884 la
3272 4754 3467 4884 lame
3541 4754 3602 4884 de
3663 4754 3700 4884 ſa
3761 4754 4005 4884 partie
4054 4754 4249 4884 pour
4286 4754 4335 4884 la
4396 4754 4640 4884 parer;
4689 4754 4738 4884 au
4848 4754 5007 4884 meſ-

2895 4875 2980 5008 me
3041 4875 3297 5008 temps
3383 4875 3968 5008 ALEXANDRE
4029 4875 4224 5008 laiſſe
4285 4875 4553 5008 baiſſer
4602 4875 4699 5008 ſon
4773 4875 4992 5008 eſpee

2866 5003 2982 5134 par
3051 5003 3190 5134 une
3271 5003 3917 5134 circonference,
3964 5003 4345 5134 (eſvitant
4391 5003 4506 5134 par
4576 5003 4633 5134 ce
4726 5003 4968 5134 moyen

2871 5129 2921 5257 le
2970 5129 3356 5257 poignard
3431 5129 3505 5257 de
3555 5129 4177 5257 ſonContraire)
4265 5129 4265 5257 &
4302 5129 4352 5257 la
4414 5129 4737 5257 portant
4800 5129 4999 5257 dere-

2886 5250 3040 5384 chef
3104 5250 3168 5384 du
3232 5250 3411 5384 long
3526 5250 3526 5384 &
3577 5250 3948 5384 deſſoubs
4012 5250 4063 5384 du
4140 5250 4306 5384 bras
4370 5250 4434 5384 de
4485 5250 4523 5384 ſa
4587 5250 4818 5384 partie
4882 5250 4997 5384 par

2868 5380 2903 5507 la
3019 5380 3276 5507 meſme
3357 5380 4010 5507 circonference,
4127 5380 4139 5507 &
4185 5380 4582 5507 avançant
4628 5380 4675 5507 le
4745 5380 5001 5507 corps,

2888 5500 3026 5626 d’un
3139 5500 3302 5626 bras
3390 5500 3691 5626 eſtendu
3779 5500 3816 5626 il
3879 5500 4118 5626 bleſſe
4180 5500 4218 5626 ſa
4318 5500 4557 5626 partie
4645 5500 4695 5626 au
4808 5500 4996 5626 coſté

2885 5624 3238 5760 gauche,
3311 5624 3359 5760 au
3469 5624 3834 5760 deſſoubs
3894 5624 3955 5760 du
4028 5624 4186 5760 bras
4247 5624 4551 5760 proche
4636 5624 4696 5760 de
4745 5624 4782 5760 la
4879 5624 5013 5760 cin-

2882 5752 3115 5883 ture;
3214 5752 3373 5883 puis
3435 5752 3791 5883 plantant
3852 5752 3902 5883 le
3975 5752 4147 5883 pied
4233 5752 4467 5883 eſlevé
4540 5752 4589 5883 au
4700 5752 4872 5883 deçà
4933 5752 4995 5883 le

2919 5879 3300 6002 Diametre
3349 5879 3460 6002 ſur
3497 5879 3546 6002 la
3632 5879 4246 6002 Circonference
4345 5879 4345 6002 F
4468 5879 4517 6002 N,
4591 5879 4996 6002 penchant

2883 6000 2934 6131 le
3009 6000 3223 6131 corps
3311 6000 3601 6131 deſſus,
3726 6000 3739 6131 &
3814 6000 4129 6131 mettant
4167 6000 4217 6131 le
4293 6000 4582 6131 gauche
4645 6000 4758 6131 par
4821 6000 4985 6131 deçà

2947 6127 2947 6255 &
3008 6127 3179 6255 hors
3252 6127 3301 6255 du
3410 6127 3679 6255 Cercle,
3728 6127 3764 6255 il
3813 6127 4253 6255 augmente
4302 6127 4399 6255 ſon
4485 6127 4729 6255 coup;
4863 6127 5010 6255 om-

2908 6253 2993 6384 me
3042 6253 3139 6384 les
3188 6253 3481 6384 figures
3566 6253 4017 6384 monſtrent.

652 690 946 821 Alexandre
992 690 1298 821 tranſporte
1343 690 1400 821 les
1445 690 1604 821 lames
1649 690 1660 821 à
1728 690 1966 821 gauche,
2057 690 2329 821 graduant
2374 690 2408 821 la
2465 690 2624 821 ſienne
2680 690 2726 821 au

788 817 826 944 N.
888 817 925 944 8.
1025 817 1037 944 &
1087 817 1187 944 puis
1236 817 1274 944 en
1336 817 1697 944 deſgraduant
1759 817 1796 944 au
1908 817 1945 944 N.
1995 817 2032 944 5.
2082 817 2207 944 celle
2256 817 2294 944 de
2356 817 2393 944 ſa
2455 817 2655 944 partie,
2717 817 2742 944 il

729 950 776 1069 la
822 950 1007 1069 ſujette
1065 950 1065 1069 à
1111 950 1146 1069 la
1192 950 1365 1069 cheute
1435 950 1469 1069 du
1516 950 1689 1069 corps.

1093 1082 1487 1187 ACHARIE
1568 1082 1996 1187 attendant
2100 1082 2737 1187 ALEXANDRE

1055 1213 1409 1338 pourſuit
1492 1213 1587 1338 ſon
1705 1213 2096 1338 operation
2190 1213 2734 1338 precedente,

1066 1337 1370 1464 entrant
1429 1337 1475 1464 en
1569 1337 1850 1464 dedans
1932 1337 1990 1464 du
2072 1337 2248 1464 pied
2330 1337 2611 1464 droi,
2669 1337 2728 1464 a-

1064 1464 1179 1588 vec
1237 1464 1768 1588 avancement
1837 1464 1894 1588 du
1975 1464 2218 1588 corps,
2264 1464 2298 1588 il
2344 1464 2737 1588 tranſpor-

617 1587 665 1717 te
713 1587 809 1717 les
856 1587 1096 1717 lames
1155 1587 1311 1717 vers
1347 1587 1454 1717 ſon
1538 1587 1729 1717 coſté
1789 1587 2112 1717 gauche;
2160 1587 2315 1717 puis
2375 1587 2734 1717 plantant

601 1715 653 1839 le
704 1715 883 1839 pied
947 1715 1177 1839 eſlevé
1228 1715 1343 1839 par
1407 1715 1574 1839 deçà
1625 1715 1676 1839 le
1765 1715 2136 1839 Diametre
2200 1715 2213 1839 à
2264 1715 2303 1839 la
2354 1715 2584 1839 lettre
2699 1715 2737 1839 N,

591 1836 627 1959 il
675 1836 867 1959 laiſſe
927 1836 1167 1959 ſuivre
1227 1836 2066 1959 proportionnement
2114 1836 2162 1959 le
2234 1836 2486 1959 corps,
2558 1836 2725 1959 por-

595 1964 748 2094 tant
819 1964 867 2094 en
961 1964 1186 2094 avant
1233 1964 1292 2094 le
1375 1964 1564 2094 coſté
1659 1964 2002 2094 gauche,
2073 1964 2250 2094 avec
2309 1964 2723 2094 pourſuite

619 2087 668 2213 du
766 2087 937 2213 pied
1023 2087 1316 2213 gauche
1402 2087 1439 2213 en
1537 2087 2148 2213 circonference
2222 2087 2332 2213 par
2417 2087 2577 2213 deçà
2711 2087 2723 2213 &

591 2213 771 2344 hors
855 2213 903 2344 du
1012 2213 1288 2344 Cercle,
1348 2213 1529 2344 avec
1601 2213 2046 2344 graduation
2154 2213 2214 2344 de
2287 2213 2323 2344 ſa
2383 2213 2575 2344 lame
2647 2213 2696 2344 au

658 2338 696 2466 N.
760 2338 798 2466 8.
913 2338 913 2466 &
989 2338 1028 2466 en
1130 2338 1652 2466 deſgraduant
1703 2338 1754 2466 au
1882 2338 1920 2466 N.
1984 2338 2009 2466 5.
2086 2338 2264 2466 celle
2328 2338 2392 2466 de
2455 2338 2506 2466 ſa
2583 2338 2736 2466 par-

593 2461 717 2591 tie,
779 2461 816 2591 il
865 2461 1113 2591 join
1162 2461 1212 2591 la
1286 2461 1521 2591 haute
1583 2461 1818 2591 partie
1892 2461 1954 2591 du
2028 2461 2189 2591 bras
2251 2461 2263 2591 à
2337 2461 2436 2591 ſon
2523 2461 2720 2591 coſté

613 2589 873 2713 droi,
908 2589 1286 2713 ſujettant
1333 2589 1510 2713 avec
1558 2589 1605 2713 la
1676 2589 1947 2713 cheute
2018 2589 2065 2713 du
2160 2589 2372 2713 corps
2420 2589 2467 2713 la
2526 2589 2715 2713 lame

613 2712 671 2837 de
742 2712 836 2837 ſon
953 2712 1388 2837 Contraire;
1470 2712 1705 2837 eſtant
1764 2712 1870 2837 les
1964 2712 2152 2837 deux
2211 2712 2457 2837 lames
2539 2712 2727 2837 com-

630 2841 705 2965 me
768 2841 942 2965 elles
992 2841 1155 2965 ſont
1230 2841 1641 2965 depeintes
1691 2841 1791 2965 ſur
1829 2841 1891 2965 le
1979 2841 2253 2965 Cercle.

1348 3036 1658 3203 Cercle
1902 3036 2124 3203 N.3.

624 3266 929 3392 Alexandre
996 3266 1346 3392 pourſuivant
1425 3266 1617 3392 gradue
1685 3266 2023 3392 egallement
2080 3266 2147 3392 les
2226 3266 2351 3392 deux
2407 3266 2610 3392 lames,
2723 3266 2723 3392 &

715 3398 851 3519 bleſſe
901 3398 925 3519 ſa
975 3398 1173 3519 partie,
1222 3398 1333 3519 puis
1370 3398 1655 3519 augmente
1704 3398 1766 3519 ſon
1815 3398 1951 3519 coup.

1094 3536 1094 3661 E
1216 3536 1460 3661 Cercle
1546 3536 1900 3661 contient
1973 3536 2022 3661 la
2107 3536 2510 3661 pourſuite
2620 3536 2730 3661 des

1062 3663 1532 3793 operations
1578 3663 2154 3793 precedentes,
2224 3663 2529 3793 comme
2623 3663 2729 3793 Za-

1076 3788 1399 3915 CHARIE
1480 3788 1745 3915 attend
1826 3788 2425 3915 ALEXANDRE
2495 3788 2725 3915 pour-

1065 3911 1251 4038 ſuit,
1387 3911 1387 4038 &
1450 3911 1760 4038 entrant
1847 3911 1897 4038 du
1983 3911 2157 4038 pied
2244 3911 2480 4038 droi
2555 3911 2729 4038 avec

586 4041 1139 4169 avancement
1199 4041 1259 4169 du
1343 4041 1596 4169 corps,
1644 4041 1680 4169 il
1752 4041 2041 4169 gradue
2101 4041 2582 4169 egallement
2630 4041 2738 4169 les

614 4164 796 4284 deux
844 4164 1124 4284 lames,
1233 4164 1245 4284 &
1306 4164 1610 4284 entrant
1658 4164 1695 4284 il
1756 4164 1987 4284 bleſſe
2035 4164 2290 4284 (d’une
2363 4164 2728 4284 eſtocade

590 4291 773 4418 tirée
846 4291 980 4418 d’un
1054 4291 1224 4418 bras
1286 4291 1591 4418 eſtendu
1676 4291 1725 4418 au
1798 4291 1982 4418 long
2091 4291 2104 4418 &
2165 4291 2214 4418 au
2311 4291 2592 4418 dedans
2665 4291 2714 4418 du

589 4418 759 4542 bras
869 4418 881 4542 &
955 4418 1003 4542 du
1077 4418 1589 4542 poignard)ſa
1638 4418 1882 4542 partie
1931 4418 1931 4542 à
1992 4418 2028 4542 la
2089 4418 2516 4542 poirine;
2565 4418 2736 4542 puis

593 4530 949 4677 plantant
1011 4530 1072 4677 le
1121 4530 1293 4677 pied
1354 4530 1588 4677 eſlevé
1637 4530 1760 4677 par
1821 4530 1993 4677 deçà
2042 4530 2091 4677 le
2202 4530 2571 4677 Diametre
2632 4530 2730 4677 ſur

597 4658 637 4800 la
703 4658 902 4800 ligne
1034 4658 1167 4800 QS,
1246 4658 1644 4800 penchant
1697 4658 1750 4800 le
1829 4658 2055 4800 corps
2121 4658 2399 4800 deſſus,
2505 4658 2505 4800 &
2571 4658 2730 4800 por-

590 4785 742 4899 tant
813 4785 860 4899 en
942 4785 1164 4899 avant
1211 4785 1258 4899 le
1328 4785 1516 4899 coſté
1586 4785 1809 4899 droit,
1844 4785 2031 4899 avec
2078 4785 2113 4899 la
2172 4785 2359 4899 ſuite
2429 4785 2488 4899 du
2558 4785 2734 4899 pied

609 4909 901 5051 gauche
952 4909 1054 5051 ſur
1105 4909 1156 5051 la
1207 4909 1410 5051 ligne
1525 4909 1525 5051 K
1652 4909 1703 5051 N,
1754 4909 1792 5051 il
1856 4909 2301 5051 augmente
2352 4909 2453 5051 ſon
2555 4909 2733 5051 eſto-

605 5038 778 5164 cade
836 5038 836 5164 à
906 5038 1207 5164 travers
1241 5038 1299 5164 le
1380 5038 1600 5164 corps
1669 5038 1727 5164 de
1785 5038 1820 5164 ſa
1889 5038 2167 5164 partie;
2260 5038 2560 5164 comme
2630 5038 2734 5164 les

599 5179 893 5302 figures
969 5179 1454 5302 enſeignent.

1372 5702 1669 5873 Cercle
1882 5702 2137 5873 N.4.

632 5922 812 6055 Comme
908 5922 1209 6055 Alexandre
1269 5922 1317 6055 va
1377 5922 1606 6055 ſujetter
1666 5922 1858 6055 l’eſpee
1906 5922 1942 6055 de
1991 5922 2027 6055 ſa
2075 5922 2291 6055 partie,
2387 5922 2640 6055 Zacharie
2700 5922 2736 6055 ſe

731 6050 876 6180 coure
936 6050 961 6180 le
1033 6050 1202 6180 viſage
1275 6050 1299 6180 de
1347 6050 1384 6180 ſa
1456 6050 1650 6180 garde,
1722 6050 1795 6180 qui
1855 6050 1976 6180 faict
2049 6050 2472 6180 qu’Alexandre
2544 6050 2738 6180 gradue

733 6169 793 6298 les
841 6169 997 6298 lames
1057 6169 1153 6298 d’un
1225 6169 1333 6298 bras
1394 6169 1634 6298 eſtendu,
1754 6169 1754 6298 &
1826 6169 1850 6298 le
1910 6169 2042 6298 bleſſe
2102 6169 2139 6298 au
2211 6169 2331 6298 coſté
2391 6169 2583 6298 gauche
2643 6169 2739 6298 par

742 6300 971 6435 deſſoubs
1005 6300 1028 6435 le
1085 6300 1222 6435 bras,
1268 6300 1291 6435 le
1336 6300 1554 6435 perçant
1611 6300 1611 6435 à
1668 6300 1885 6435 travers
1942 6300 1977 6435 du
2034 6300 2194 6435 corps.

1109 6448 1109 6574 E
1223 6448 1462 6574 Cercle
1538 6448 1664 6574 tire
1727 6448 1827 6574 ſon
1916 6448 2205 6574 origine
2293 6448 2356 6574 de
2419 6448 2747 6574 l’opera-

1071 6577 1215 6681 tion
1299 6577 1347 6681 du
1467 6577 1707 6681 Cercle
1814 6577 1862 6681 N.
1910 6577 1946 6681 2.
2006 6577 2054 6681 ou
2174 6577 2737 6681 ALEXANDRE

1080 6697 1305 6834 ayant
1368 6697 1656 6834 ſujetté
1706 6697 1756 6834 ſa
1831 6697 2019 6834 lame
2119 6697 2169 6834 de
2245 6697 2282 6834 ſa
2345 6697 2620 6834 partie,
2733 6697 2745 6834 &

1098 6822 1335 6962 planté
1414 6822 1467 6962 le
1546 6822 1717 6962 pied
1823 6822 2047 6962 droi
2126 6822 2139 6962 à
2218 6822 2258 6962 la
2337 6822 2561 6962 lettre
2706 6822 2745 6962 N.

672 6946 1113 7076 ZACHARIE
1198 6946 1419 7076 eſleve
1480 6946 1541 7076 le
1602 6946 1798 7076 bras,
1835 6946 1896 7076 ſe
1970 6946 2349 7076 couvrant
2398 6946 2447 7076 le
2509 6946 2741 7076 viſage

2892 2681 3009 2798 Ainſi
3068 2681 3489 2798 qu’Alexandre
3548 2681 3864 2798 tranſporte
3911 2681 4016 2798 avec
4063 2681 4110 2798 ſa
4168 2681 4297 2798 lame
4344 2681 4449 2798 celle
4531 2681 4554 2798 de
4613 2681 4648 2798 ſa
4707 2681 4976 2798 patie,

3018 2808 3272 2926 Zacharie
3319 2808 3538 2926 portant
3596 2808 3631 2926 en
3700 2808 3862 2926 avant
3920 2808 3943 2926 le
3989 2808 4105 2926 bras
4197 2808 4197 2926 &
4267 2808 4290 2926 le
4336 2808 4636 2926 poignard,
4706 2808 4845 2926 ſaiſit
4914 2808 4995 2926 d’i-

2981 2935 3113 3048 celuy
3180 2935 3213 3048 la
3257 2935 3389 3048 lame
3467 2935 3500 3048 de
3555 2935 3610 3048 ſon
3710 2935 3975 3048 Contraire
4041 2935 4229 3048 tenant
4284 2935 4339 3048 ſon
4405 2935 4538 3048 eſpee
4604 2935 4637 3048 la
4703 2935 4869 3048 pointe
4935 2935 4979 3048 a-

2987 3055 3205 3173 baiſſée.
3338 3055 3629 3173 Alexandre
3690 3055 3871 3173 l’evite
3932 3055 4017 3173 par
4065 3055 4138 3173 une
4210 3055 4622 3173 circonference,
4719 3055 4719 3173 &
4767 3055 4913 3173 bleſſe
4949 3055 4985 3173 ſa

2978 3181 3158 3296 partie
3214 3181 3247 3296 au
3304 3181 3427 3296 coſté
3495 3181 3719 3296 gauche,
3764 3181 3865 3296 puis
3910 3181 4202 3296 augmenté
4236 3181 4303 3296 ſon
4348 3181 4494 3296 coup.

4866 6925 5006 7014 Cer-
