5479 7714
3348 4060 3768 4190 ACHARIE
3840 4060 4140 4190 s’eſtant
4236 4060 4332 4190 mis
4404 4060 4452 4190 en
4548 4060 4848 4190 poſture
4908 4060 4968 4190 le

3324 4186 3495 4322 pied
3568 4186 3800 4322 droi
3849 4186 3946 4322 ſur
3995 4186 4044 4322 le
4129 4186 4531 4322 Diametre,
4580 4186 4970 4322 touchant

3346 4312 3452 4414 des
3534 4312 3793 4414 orteils
3852 4312 3887 4414 la
3993 4312 4594 4414 Circonference
4653 4312 4653 4414 à
4723 4312 4770 4414 la
4841 4312 4971 4414 let-

3320 4420 3424 4546 tre
3541 4420 3599 4546 X,
3680 4420 3738 4546 le
3808 4420 4088 4546 gauche
4146 4420 4204 4546 un
4285 4420 4402 4546 pas
4471 4420 4820 4546 derriere,
4879 4420 4972 4546 re-

2887 4536 3273 4672 ſpondant
3312 4536 3324 4672 à
3363 4536 3724 4672 l’opoſite
3814 4536 3852 4672 du
3981 4536 4328 4672 Quadrat,
4393 4536 4444 4672 le
4509 4536 4676 4672 bras
4740 4536 4972 4672 droi

2885 4660 3146 4792 abaiſſé
3209 4660 3258 4792 en
3333 4660 3607 4792 arriere
3694 4660 3744 4792 du
3819 4660 4006 4792 long
4093 4660 4143 4792 de
4217 4660 4304 4792 ſon
4404 4660 4603 4792 coſté
4691 4660 4964 4792 droi,

2885 4786 3161 4917 l’eſpee
3224 4786 3525 4917 joine
3588 4786 3651 4917 au
3764 4786 4052 4917 genou,
4153 4786 4190 4917 la
4266 4786 4529 4917 pointe
4605 4786 4968 4917 baiſſante

2895 4914 2943 5046 en
3027 4914 3243 5046 angle
3303 4914 3532 5046 aigu,
3604 4914 3916 5046 portant
3988 4914 4036 5046 en
4120 4914 4337 5046 avant
4397 4914 4457 5046 le
4541 4914 4733 5046 coſté
4818 4914 4974 5046 gau-

2896 5035 3066 5165 che,
3115 5035 3298 5165 avec
3359 5035 3420 5165 le
3481 5035 3640 5165 bras
3725 5035 4018 5165 eſtendu
4128 5035 4384 5165 droi,
4506 5035 4518 5165 &
4579 5035 4628 5165 la
4701 5035 4969 5165 pointe

2908 5154 2957 5289 du
3030 5154 3409 5289 poignard
3458 5154 4032 5289 adſcendente,
4093 5154 4130 5289 il
4215 5154 4337 5289 met
4398 5154 4447 5289 le
4520 5154 4728 5289 corps
4777 5154 4875 5289 ſur
4924 5154 4972 5289 le

2887 5277 3061 5414 pied
3135 5277 3359 5414 droi
3422 5277 3745 5414 planté;
3832 5277 4255 5414 attendant
4330 5277 4491 5414 ainſi
4578 5277 4616 5414 ſa
4690 5277 4976 5414 partie.

2909 5400 3440 5515 ALEXANDRE
3518 5400 3794 5515 venant
3839 5400 4226 5515 travailler
4292 5400 4303 5515 à
4370 5400 4846 5515 l’encontre,
4912 5400 4968 5515 a-

2894 5528 3058 5662 pres
3121 5528 3324 5662 avoir
3412 5528 3513 5662 mis
3577 5528 3627 5662 le
3690 5528 3867 5662 pied
3969 5528 4196 5662 droi
4259 5528 4361 5662 ſur
4411 5528 4462 5662 le
4550 5528 4803 5662 poin
4892 5528 4942 5662 du

2948 5654 3289 5790 Quadrat,
3352 5654 3630 5790 tenant
3680 5654 3945 5790 l’eſpee
3996 5654 4400 5790 baiſſante,
4438 5654 4475 5790 il
4551 5654 4829 5790 marche
4905 5654 4955 5790 du

2894 5778 3068 5898 pied
3131 5778 3417 5898 gauche
3467 5778 3567 5898 ſur
3617 5778 3654 5898 la
3754 5778 4352 5898 Circonference
4402 5778 4415 5898 à
4477 5778 4527 5898 la
4577 5778 4801 5898 lettre
4913 5778 4963 5898 C,

2894 5897 3204 6034 portant
3278 5897 3663 6034 enſemble
3725 5897 3812 6034 (le
3899 5897 4110 6034 corps
4184 5897 4408 6034 eſtant
4494 5897 4718 6034 droi
4842 5897 4854 6034 &
4916 5897 4966 6034 le

2894 6024 3050 6153 bras
3123 6024 3484 6153 eſtandu)
3545 6024 3641 6153 ſon
3725 6024 3930 6153 eſpee
4003 6024 4051 6153 en
4135 6024 4352 6153 angle
4424 6024 4702 6153 obtus;
4786 6024 4979 6153 com-

2920 6153 2997 6277 me
3060 6153 3098 6277 il
3149 6153 3403 6277 appert
3454 6153 3568 6277 par
3619 6153 3720 6277 les
3759 6153 4076 6277 figures.

2929 6656 3211 6782 Alexandre
3282 6656 3622 6782 pourſuivant
3681 6656 3822 6782 porte
3869 6656 3927 6782 ſon
3974 6656 4115 6782 eſpee
4174 6656 4280 6782 d’un
4338 6656 4444 6782 bras
4479 6656 4690 6782 eſtandu
4773 6656 4796 6782 de
4855 6656 4972 6782 haut

3010 6785 3046 6905 en
3106 6785 3178 6905 bas
3226 6785 3262 6905 en
3334 6785 3718 6905 circonference
3766 6785 3790 6905 le
3838 6785 3946 6905 long
4006 6785 4042 6905 du
4102 6785 4366 6905 poignard
4438 6785 4715 6905 Zacharie,
4763 6785 4979 6905 s’eſſaye

3025 6910 3062 7033 de
3099 6910 3136 7033 la
3185 6910 3333 7033 parer
3394 6910 3431 7033 de
3468 6910 3529 7033 ſon
3578 6910 3849 7033 poignard
3886 6910 4033 7033 baiſſé
4082 6910 4119 7033 en
4193 6910 4377 7033 dedans
4426 6910 4463 7033 du
4512 6910 4660 7033 bras,
4734 6910 4807 7033 qui
4857 6910 4979 7033 fait

4826 7033 4989 7152 qu’A-

1389 4613 1690 4780 Cercle
1926 4613 2184 4780 N.7.

3578 3265 3881 3440 Cercle
4162 3265 4335 3440 .8.

1386 517 1694 683 Cercle
1981 517 2157 683 .6.

2899 3509 3155 3625 Zacharie
3201 3509 3236 3625 ſe
3317 3509 3399 3625 met
3434 3509 3469 3625 en
3527 3509 3759 3625 nouvelle
3794 3509 4027 3625 poſture,
4085 3509 4108 3625 le
4166 3509 4271 3625 bras
4329 3509 4480 3625 droit
4538 3509 4724 3625 abaiſſé
4794 3509 4829 3625 en
4887 3509 4968 3625 ar-

2986 3635 3111 3749 riere
3179 3635 3202 3749 du
3259 3635 3362 3749 long
3419 3635 3453 3749 de
3499 3635 3556 3749 ſon
3613 3635 3727 3749 coſté
3784 3635 3921 3749 droict
3978 3635 4161 3749 l’eſpee
4206 3635 4389 3749 jointe
4434 3635 4469 3749 au
4548 3635 4685 3749 genou
4742 3635 4777 3749 la
4822 3635 4959 3749 poin-

2992 3760 3027 3877 te
3098 3760 3133 3877 du
3203 3760 3473 3877 poigard
3520 3760 3766 3877 eſlevée,
3906 3760 4188 3877 Alexandre
4270 3760 4340 3877 met
4410 3760 4469 3877 ſon
4528 3760 4657 3877 eſpée
4715 3760 4750 3877 en
4821 3760 4961 3877 angle

2981 3883 3142 3967 obtus.

684 748 931 885 Zacharie
990 748 1297 885 s’efforçant
1367 748 1403 885 de
1462 748 1603 885 parer
1650 748 1686 885 la
1733 748 1851 885 lame
1921 748 1945 885 de
1992 748 2028 885 ſa
2075 748 2346 885 partie,
2452 748 2735 885 Alexandre

769 878 957 1007 l’evite
1013 878 1102 1007 par
1157 878 1179 1007 le
1246 878 1556 1007 mouvement
1612 878 1656 1007 du
1723 878 1967 1007 poignet,
2044 878 2122 1007 qui
2177 878 2322 1007 porte
2377 878 2410 1007 ſa
2466 878 2599 1007 lame
2654 878 2743 1007 par

795 1001 937 1132 deſſus
984 1001 1020 1132 ſa
1079 1001 1244 1132 teſte,
1315 1001 1410 1132 puis
1445 1001 1516 1132 luy
1575 1001 1705 1132 donne
1764 1001 1812 1132 un
1859 1001 1977 1132 coup
2048 1001 2426 1132 d’eſtramaçon
2497 1001 2745 1132 diagonal

774 1129 845 1254 ſr
892 1129 916 1254 le
952 1129 1071 1254 coſté
1142 1129 1332 1254 gauche
1415 1129 1439 1254 de
1486 1129 1522 1254 la
1593 1129 1736 1254 teſte,
1795 1129 1831 1254 en
1890 1129 2139 1254 plantant
2187 1129 2222 1254 le
2282 1129 2401 1254 pied
2436 1129 2591 1254 eſlevé
2650 1129 2733 1254 par

788 1251 889 1372 deçà
957 1251 979 1372 le
1080 1251 1451 1372 Diametre,
1575 1251 1575 1372 &
1643 1251 1912 1372 traiſnant
1980 1251 2014 1372 le
2081 1251 2272 1372 gauche
2340 1251 2474 1372 entre
2531 1251 2587 1372 les
2643 1251 2744 1372 let-

774 1389 876 1487 tres
952 1389 965 1487 C
1041 1389 1080 1487 E.

1135 1563 1148 1687 E
1249 1563 1489 1687 Cercle
1539 1563 1666 1687 tire
1742 1563 1906 1687 auſſi
1956 1563 2057 1687 ſon
2133 1563 2424 1687 origine
2500 1563 2613 1687 des
2689 1563 2740 1687 o-

1105 1688 1510 1813 perations
1581 1688 1688 1813 des
1772 1688 2058 1813 Cercles
2165 1688 2200 1813 N.
2236 1688 2260 1813 1.
2367 1688 2379 1813 &
2439 1688 2462 1813 2.
2546 1688 2736 1813 com-

1137 1811 1223 1935 me
1284 1811 1456 1935 auſſi
1517 1811 1578 1935 de
1639 1811 1688 1935 la
1762 1811 2166 1935 pourſuite
2227 1811 2362 1935 que
2423 1811 2521 1935 les
2594 1811 2741 1935 par-

1110 1937 1251 2061 ties
1298 1937 1451 2061 font
1498 1937 1686 2061 l’une
1768 1937 2027 2061 contre
2074 1937 2368 2061 l’autre,
2415 1937 2744 2061 juſques

651 2057 664 2188 à
725 2057 787 2188 ce
849 2057 984 2188 que
1095 2057 1095 2188 Z
1157 2057 1539 2188 ACHARIE
1613 2057 1663 2188 en
1737 2057 2045 2188 portant
2094 2057 2144 2188 le
2218 2057 2391 2188 coſté
2465 2057 2748 2188 gauche

665 2181 713 2310 en
786 2181 1040 2310 avant,
1088 2181 1451 2310 s’efforce
1511 2181 1910 2310 d’ataquer
2007 2181 2019 2310 &
2079 2181 2285 2310 parer
2321 2181 2587 2310 l’eſpee
2659 2181 2732 2310 de

646 2307 693 2431 ſa
753 2307 990 2431 partie
1062 2307 1228 2431 avec
1287 2307 1382 2431 ſon
1453 2307 1869 2431 poignard.
1964 2307 2510 2431 ALEXANDRE
2582 2307 2736 2431 pre-

652 2428 932 2555 venant
1025 2428 1211 2555 ceſte
1304 2428 1770 2555 operation,
1863 2428 2084 2555 eſvite
2166 2428 2212 2555 le
2294 2428 2736 2555 poignard,

663 2551 975 2680 portant
1033 2551 1126 2680 ſon
1230 2551 1438 2680 eſpee
1519 2551 1623 2680 par
1692 2551 1750 2680 le
1843 2551 2340 2680 mouvement
2432 2551 2479 2680 du
2583 2551 2733 2680 poi-

663 2673 826 2801 gnet
919 2673 965 2801 en
1093 2673 1686 2801 circonference
1779 2673 1825 2801 du
1953 2673 2232 2801 dedans
2302 2673 2418 2801 par
2499 2673 2732 2801 deſſus

648 2794 684 2921 ſa
767 2794 1005 2921 teſte;
1160 2794 1172 2921 &
1243 2794 1600 2921 pendant
1684 2794 1815 2921 que
1922 2794 1934 2921 Z
1993 2794 2374 2921 ACHARIE
2433 2794 2612 2921 avec
2672 2794 2731 2921 le

644 2918 1323 3048 tresbuchement
1432 2918 1481 3048 du
1590 2918 1808 3048 corps
1905 2918 2063 3048 bras
2220 2918 2220 3048 &
2305 2918 2741 3048 poignard,

644 3040 897 3169 plante
961 3040 1011 3169 le
1062 3040 1227 3169 pied
1290 3040 1581 3169 gauche
1657 3040 1771 3169 par
1847 3040 2012 3169 deçà
2063 3040 2114 3169 le
2215 3040 2582 3169 Diametre
2633 3040 2734 3169 ſur

649 3164 697 3288 la
768 3164 971 3288 ligne
1090 3164 1102 3288 M
1209 3164 1269 3288 T,
1400 3164 1936 3288 ALEXANDRE
2007 3164 2174 3288 avec
2269 3164 2329 3288 un
2412 3164 2746 3288 avance-

677 3288 850 3397 ment
976 3288 988 3397 &
1057 3288 1587 3397 tournement
1668 3288 1726 3397 du
1818 3288 2002 3397 coſté
2083 3288 2371 3397 droi,
2487 3288 2729 3397 donne

643 3407 715 3538 un
799 3407 1255 3538 eſtramaçon
1363 3407 1711 3538 diagonal
1759 3407 1855 3538 ſur
1915 3407 1975 3538 le
2047 3407 2239 3538 coſté
2311 3407 2599 3538 gauche
2671 3407 2731 3538 de

645 3532 682 3660 la
743 3532 926 3660 teſte
1011 3532 1060 3660 de
1121 3532 1219 3660 ſon
1328 3532 1767 3660 Contraire;
1841 3532 1999 3660 puis
2060 3532 2414 3660 plantant
2463 3532 2511 3660 le
2560 3532 2731 3660 pied

669 3654 895 3779 droi
971 3654 1196 3779 eſlevé
1259 3654 1372 3779 par
1460 3654 1623 3779 deçà
1698 3654 1749 3779 le
1862 3654 2288 3779 Diametre,
2364 3654 2401 3779 il
2464 3654 2727 3779 traiſne

640 3779 795 3907 (par
855 3779 915 3907 le
986 3779 1500 3907 tournement
1583 3779 1643 3907 du
1739 3779 2001 3907 corps)
2049 3779 2109 3907 le
2168 3779 2455 3907 gauche
2526 3779 2622 3907 ſur
2682 3779 2729 3907 le

686 3904 1062 4019 Diametre
1144 3904 1344 4019 entre
1391 3904 1496 4019 les
1543 3904 1814 4019 lettres
1919 3904 1931 4019 C
2025 3904 2072 4019 E;
2166 3904 2459 4019 comme
2530 3904 2624 4019 les
2683 3904 2741 4019 fi-

665 4030 869 4150 gures
953 4030 1397 4150 monſtrent.

2880 507 3260 643 avançant
3325 507 3377 643 le
3443 507 3613 643 pied
3692 507 3953 643 droi,
4006 507 4045 643 il
4110 507 4333 643 baiſſe
4385 507 4477 643 ſon
4555 507 4817 643 eſpee,
4935 507 4948 643 &

2889 634 3290 766 eſtandant
3338 634 3399 766 le
3460 634 3678 766 bras,
3751 634 3787 766 il
3848 634 4127 766 tourne
4212 634 4273 766 (à
4345 634 4576 766 l’ayde
4661 634 4709 766 du
4794 634 4952 766 poi-

2895 760 3096 885 gnet)
3144 760 3191 885 la
3250 760 3581 885 branche
3652 760 4090 885 exterieure
4149 760 4220 885 de
4268 760 4315 885 ſa
4362 760 4552 885 lame
4623 760 4670 885 en
4741 760 4954 885 haut,

2885 884 3264 1014 couvrant
3323 884 3501 1014 avec
3560 884 3596 1014 ſa
3679 884 3939 1014 pointe
4022 884 4070 1014 du
4212 884 4259 1014 N.
4319 884 4354 1014 2.
4414 884 4449 1014 la
4520 884 4710 1014 lame
4781 884 4840 1014 de
4900 884 4935 1014 ſa

2873 1009 3114 1137 partie
3182 1009 3331 1137 ſans
3389 1009 3423 1137 la
3503 1009 3893 1137 toucher,
3985 1009 4306 1137 pauſant
4374 1009 4432 1137 un
4524 1009 4650 1137 peu
4730 1009 4948 1137 avant

2885 1130 3021 1263 que
3083 1130 3317 1263 laiſſer
3379 1130 3687 1263 tomber
3748 1130 3798 1263 le
3884 1130 4094 1263 corps
4143 1130 4315 1263 hors
4377 1130 4451 1263 de
4513 1130 4611 1263 ſon
4685 1130 4956 1263 poids,

2871 1256 2985 1388 afin
3088 1256 3157 1388 de
3259 1256 3488 1388 mieux
3557 1256 4014 1388 remarquer
4083 1256 4106 1388 ſi
4174 1256 4208 1388 ſa
4288 1256 4529 1388 partie
4609 1256 4689 1388 ne
4769 1256 4952 1388 vou-

2893 1380 3068 1508 droit
3138 1380 3267 1508 rien
3348 1380 3733 1508 attenter;
3803 1380 3967 1508 puis
4025 1380 4317 1508 entrant
4375 1380 4433 1508 du
4503 1380 4678 1508 pied
4737 1380 4958 1508 droit,

2933 1504 2933 1631 &
3004 1504 3392 1631 avançant
3463 1504 3510 1631 le
3592 1504 3862 1631 corps,
3945 1504 3980 1631 il
4062 1504 4180 1631 met
4239 1504 4298 1631 le
4368 1504 4627 1631 centre
4709 1504 4768 1631 de
4827 1504 4933 1631 ſon

2890 1624 3092 1755 eſpee
3155 1624 3205 1755 au
3356 1624 3394 1755 N.
3457 1624 3495 1755 3.
3595 1624 3646 1755 de
3709 1624 3872 1755 celle
3961 1624 4024 1755 de
4087 1624 4124 1755 ſa
4200 1624 4477 1755 partie,
4578 1624 4956 1755 graduant

2880 1750 3428 1872 pareillement
3531 1750 3657 1872 d’un
3748 1750 3908 1872 bras
3999 1750 4296 1872 eſtendu
4388 1750 4491 1872 les
4571 1750 4947 1872 nombres

2897 1875 3214 1999 d’icelle,
3303 1875 3341 1999 il
3405 1875 3658 1999 plante
3722 1875 4102 1999 enſemble
4165 1875 4216 1999 le
4292 1875 4457 1999 pied
4533 1875 4761 1999 eſlevé
4838 1875 4952 1999 par

2899 2000 3059 2123 deçà
3121 2000 3170 2123 le
3256 2000 3626 2123 Diametre
3700 2000 3897 2123 entre
3934 2000 3971 2123 la
4033 2000 4242 2123 lettre
4304 2000 4341 2123 I,
4464 2000 4464 2123 &
4513 2000 4563 2123 le
4661 2000 4945 2123 Centre,

2874 2119 3095 2246 tirant
3169 2119 3378 2246 (avec
3427 2119 3476 2246 la
3525 2119 3709 2246 ſuite
3758 2119 3807 2246 le
3869 2119 4029 2246 pied
4102 2119 4385 2246 gauche
4434 2119 4594 2246 auſſi
4655 2119 4766 2246 par
4852 2119 4950 2246 de-

2892 2244 2932 2370 çà
2998 2244 3037 2370 le
3129 2244 3498 2370 Diametre
3551 2244 3656 2370 ſur
3695 2244 3735 2370 la
3788 2244 3985 2370 ligne
4077 2244 4077 2370 E
4182 2244 4235 2370 D)
4314 2244 4367 2370 du
4433 2244 4617 2370 long
4669 2244 4722 2370 du
4801 2244 4959 2370 bras

2881 2366 3084 2490 entre
3152 2366 3242 2490 les
3321 2366 3501 2490 deux
3558 2366 3795 2490 armes
3862 2366 3998 2490 une
4077 2366 4438 2490 eſtocade
4494 2366 4505 2490 à
4573 2366 4618 2490 ſa
4686 2366 4956 2490 partie,

2889 2492 2952 2616 de
3003 2492 3344 2616 laquelle
3394 2492 3420 2616 il
3483 2492 3533 2616 le
3584 2492 3862 2616 bleſſeà
3912 2492 3950 2616 la
4001 2492 4430 2616 poirine;
4506 2492 4809 2616 comme
4847 2492 4948 2616 les

2878 2619 3160 2759 figures
3224 2619 3711 2759 enſeignent.

3629 6399 3934 6557 Cercle
4130 6399 4392 6557 N.9.

680 4856 927 4983 Zacharie
986 4856 1197 4983 s’eſtant
1268 4856 1338 4983 mis
1373 4856 1409 4983 en
1479 4856 1726 4983 poſture,
1808 4856 1914 4983 avec
1972 4856 2008 4983 le
2066 4856 2172 4983 bras
2266 4856 2266 4983 &
2325 4856 2501 4983 l’eſpee
2560 4856 2607 4983 un
2665 4856 2748 4983 peu

770 4980 868 5111 plus
918 4980 992 5111 bas
1091 4980 1103 5111 &
1152 4980 1387 5111 eſtandus
1436 4980 1585 5111 qu’au
1646 4980 1807 5111 Cercle
1918 4980 1955 5111 N.
2004 4980 2054 5111 1,
2103 4980 2128 5111 le
2190 4980 2301 5111 bras
2362 4980 2560 5111 gauche
2659 4980 2671 5111 &
2733 4980 2757 5111 le

778 5107 1044 5233 poignard
1090 5107 1125 5233 la
1183 5107 1345 5233 pointe
1391 5107 1576 5233 eſlevée
1622 5107 1761 5233 court
1853 5107 1865 5233 &
1900 5107 2027 5233 joint
2084 5107 2131 5233 au
2189 5107 2362 5233 corps,
2454 5107 2743 5233 Alexandre

795 5228 865 5353 met
936 5228 994 5353 ſon
1053 5228 1194 5353 eſpee
1253 5228 1288 5353 en
1358 5228 1499 5353 angle
1546 5228 1723 5353 obtus,
1793 5228 1899 5353 puis
1946 5228 1981 5353 la
2051 5228 2275 5353 baiſſant
2322 5228 2357 5353 il
2392 5228 2568 5353 couvre
2627 5228 2662 5353 de
2709 5228 2744 5353 ſa

780 5356 941 5478 pointe
1010 5356 1033 5478 le
1126 5356 1160 5478 N.
1218 5356 1252 5478 2.
1310 5356 1344 5478 de
1390 5356 1506 5478 celle
1563 5356 1598 5478 de
1632 5356 1690 5478 ſon
1770 5356 2024 5478 Contraire
2070 5356 2185 5478 ſans
2220 5356 2254 5478 la
2312 5356 2553 5478 toucher,
2600 5356 2634 5478 en
2692 5356 2738 5478 fin

776 5479 800 5604 il
862 5479 935 5604 met
972 5479 1009 5604 le
1058 5479 1218 5604 centre
1267 5479 1303 5604 au
1414 5479 1438 5604 N.
1487 5479 1536 5604 3.
1598 5479 1806 5604 d’icelle,
1892 5479 1892 5604 &
1941 5479 1978 5604 la
2027 5479 2297 5604 graduant
2358 5479 2383 5604 il
2432 5479 2457 5604 le
2506 5479 2641 5604 bleſſe
2677 5479 2751 5604 en-

777 5610 841 5727 tre
884 5610 948 5727 les
1001 5610 1118 5727 deux
1172 5610 1332 5727 armes
1374 5610 1385 5727 à
1428 5610 1460 5727 la
1502 5610 1833 5727 poitrine.

1138 5794 1630 5917 ACHARIE
1727 5794 2015 5917 s’eſtant
2111 5794 2219 5917 mis
2303 5794 2352 5917 en
2448 5794 2748 5917 poſture

1124 5922 1419 6042 comme
1480 5922 1529 6042 au
1640 5922 1873 6042 Cercle
1996 5922 2033 6042 N.
2082 5922 2119 6042 1.
2193 5922 2463 6042 exepté
2549 5922 2733 6042 qu’en

1130 6045 1605 6168 c’eſtuy-cy,
1656 6045 1694 6168 il
1759 6045 1938 6168 tient
2003 6045 2054 6168 le
2118 6045 2285 6168 bras
2414 6045 2426 6168 &
2478 6045 2747 6168 l’eſpee

1121 6168 1183 6291 un
1271 6168 1383 6291 peu
1471 6168 1633 6291 plus
1721 6168 2083 6291 eſtandus
2183 6168 2183 6291 &
2245 6168 2395 6291 plus
2470 6168 2645 6291 bas,
2708 6168 2758 6291 le

660 6290 823 6416 bras
911 6290 1199 6416 gauche
1324 6290 1336 6416 &
1399 6290 1449 6416 le
1524 6290 1900 6416 poignard
1962 6290 2050 6416 (la
2138 6290 2401 6416 pointe
2451 6290 2764 6416 adſcen-

684 6415 946 6542 dente)
1041 6415 1243 6542 court
1350 6415 1350 6542 &
1422 6415 1612 6542 joint
1684 6415 1731 6542 au
1827 6415 2088 6542 corps;
2219 6415 2743 6542 ALEXANDRE

675 6539 871 6665 vient
944 6539 1323 6665 travailler
1385 6539 1397 6665 à
1458 6539 1947 6665 l’encontre,
2106 6539 2106 6665 &
2155 6539 2412 6665 plante
2486 6539 2535 6665 le
2584 6539 2755 6665 pied

677 6663 969 6790 gauche
1043 6663 1152 6790 par
1238 6663 1396 6790 deçà
1469 6663 1518 6790 le
1616 6663 1982 6790 Diametre
2055 6663 2116 6790 un
2201 6663 2323 6790 peu
2409 6663 2640 6790 oultre
2701 6663 2738 6790 la

705 6790 1306 6909 Circonference
1378 6790 1618 6909 ſoubs
1690 6790 1738 6909 la
1822 6790 2039 6909 lettre
2147 6790 2207 6909 C,
2327 6790 2640 6909 mettant
2700 6790 2736 6909 ſa

669 6911 854 7040 lame
952 6911 1088 7040 d’un
1174 6911 1334 7040 bras
1408 6911 1704 7040 eſtandu
1802 6911 1852 7040 en
1938 6911 2147 7040 angle
2221 6911 2505 7040 obtus;
2603 6911 2763 7040 puis
