5479 7714
3361 1603 3896 1722 LEXANDRE
4000 1603 4524 1722 pourſuivant
4605 1603 4640 1722 la
4733 1603 5001 1722 prece-

3349 1725 3568 1846 dente
3649 1725 4052 1846 operation
4133 1725 4294 1846 plus
4374 1725 4628 1846 outre,
4709 1725 4997 1846 marche

3328 1849 3399 1970 un
3470 1849 3588 1970 pas
3647 1849 3694 1970 en
3788 1849 4107 1970 dedans,
4178 1849 4496 1970 portant
4555 1849 4614 1970 le
4685 1849 4874 1970 coſté
4991 1849 5003 1970 &

3331 1975 3507 2092 pied
3569 1975 3807 2092 droi
3870 1975 3920 2092 en
3995 1975 4271 2092 avant,
4321 1975 4597 2092 lequel
4660 1975 4685 2092 il
4748 1975 4998 2092 plante

2881 2095 3063 2219 hors
3136 2095 3196 2219 du
3305 2095 3596 2219 Cercle,
3681 2095 4312 2219 correſpondant
4360 2095 4421 2219 au
4518 2095 4760 2219 deſſus
4833 2095 4894 2219 de
4954 2095 4991 2219 la

2879 2223 3109 2341 lettre
3230 2223 3291 2341 X,
3352 2223 3727 2341 tournant
3788 2223 3958 2341 auſſi
4018 2223 4067 2341 en
4164 2223 4454 2341 dehors
4515 2223 4576 2341 le
4660 2223 5012 2341 gauche,

2880 2345 3065 2469 avec
3111 2345 3157 2469 la
3226 2345 3503 2469 cheute
3572 2345 3630 2469 du
3711 2345 3976 2469 corps,
4033 2345 4068 2469 il
4114 2345 4160 2469 ſe
4253 2345 4379 2469 met
4449 2345 4622 2469 dans
4679 2345 4772 2469 les
4841 2345 5002 2469 per-

2885 2469 3493 2595 pendiculaires
3609 2469 3609 2595 &
3674 2469 3945 2595 angles
4023 2469 4087 2595 de
4139 2469 4411 2595 l’eſpee
4540 2469 4553 2595 &
4618 2469 5005 2595 poignard

2907 2597 2968 2718 de
3029 2597 3077 2718 ſa
3150 2597 3428 2718 partie,
3477 2597 4010 2718 augmentant
4083 2597 4192 2718 ſon
4277 2597 4459 2718 coup
4519 2597 4846 2718 juſques
4895 2597 4907 2718 à
4955 2597 5004 2718 la

2902 2722 3119 2848 garde
3167 2722 3228 2848 au
3300 2722 3601 2848 travers
3662 2722 3722 2848 du
3807 2722 4024 2848 corps
4084 2722 4446 2848 d’iceluy;
4530 2722 4832 2848 comme
4880 2722 4916 2848 il
4952 2722 5001 2848 ſe

2894 2851 3062 2966 void
3110 2851 3253 2966 aux
3301 2851 3624 2966 figures.

3567 3440 3900 3610 Cercle
4099 3440 4432 3610 N12.

772 385 1202 528 qu’Alexandre
1286 385 1393 528 mene
1441 385 1500 528 ſon
1560 385 1692 528 eſpee
1739 385 1787 528 en
1847 385 2229 528 circonference
2289 385 2372 528 par
2444 385 2671 528 deſſoubs
2718 385 2754 528 de

761 516 795 650 la
852 516 989 650 croix
1046 516 1080 650 du
1137 516 1432 650 poignard,
1489 516 1523 650 en
1569 516 1694 650 ſorte
1740 516 1910 650 qu’elle
1967 516 2001 650 ne
2058 516 2172 650 peut
2217 516 2331 650 eſtre
2388 516 2604 650 toucbée
2672 516 2752 650 di-

761 641 929 778 celuy,
1032 641 1032 778 &
1084 641 1226 778 bleſſe
1265 641 1304 778 ſa
1356 641 1524 778 partie
1575 641 1614 778 au
1666 641 1782 778 coſté
1834 641 2118 778 gauche.

1116 834 1570 960 LEXANDRE
1644 834 2001 960 pourſuit
2062 834 2517 960 l’operation
2591 834 2751 960 pre-

1099 959 1515 1063 cedente,
1654 959 2036 1063 marchant
2128 959 2175 1063 en
2290 959 2579 1063 dedans
2683 959 2730 1063 du

1088 1087 1264 1214 pied
1347 1087 1617 1214 droi,
1687 1087 1863 1214 avec
1934 1087 2474 1214 avancement
2603 1087 2603 1214 &
2662 1087 2733 1214 un

1090 1211 1274 1338 petit
1323 1211 1888 1338 penchement
1950 1211 1999 1338 du
2097 1211 2356 1338 meſme
2429 1211 2651 1338 coſté,
2712 1211 2749 1338 il

641 1340 856 1466 pauſe
916 1340 975 1466 un
1047 1340 1166 1466 peu
1250 1340 1477 1466 avant
1548 1340 1680 1466 que
1739 1340 1978 1466 laiſſer
2050 1340 2372 1466 tomber
2420 1340 2468 1466 le
2539 1340 2754 1466 corps

631 1463 803 1584 hors
889 1463 950 1584 de
999 1463 1098 1584 ſon
1171 1463 1417 1584 poids,
1479 1463 1798 1584 portant
1859 1463 2424 1584 pareillement
2474 1463 2744 1584 l’eſpee

655 1587 776 1696 d’un
849 1587 1019 1696 bras
1080 1587 1372 1696 eſtandu
1457 1587 1518 1696 de
1579 1587 1761 1696 haut
1822 1587 1871 1696 en
1944 1587 2114 1696 bas,
2187 1587 2236 1696 en
2321 1587 2588 1696 faiſant
2661 1587 2758 1696 d’i-

645 1712 818 1840 celle
893 1712 1029 1840 une
1116 1712 1724 1840 circonference
1786 1712 1835 1840 le
1897 1712 2083 1840 long
2170 1712 2220 1840 du
2307 1712 2753 1840 poignard,

634 1835 808 1963 avec
857 1835 895 1963 ſi
957 1835 1255 1963 proche
1330 1835 1715 1963 Inſtance,
1790 1835 1914 1963 que
1976 1835 2001 1963 ſi
2051 1835 2150 1963 ſon
2250 1835 2448 1963 eſpee
2536 1835 2747 1963 eſtoit

636 1963 686 2088 en
799 1963 1038 2088 droite
1101 1963 1340 2088 ligne,
1390 1963 1428 2088 il
1490 1963 1855 2088 pourroit
1930 1963 2220 2088 d’icelle
2282 1963 2622 2088 toucher
2697 1963 2748 2088 le

619 2088 797 2184 haut
868 2088 927 2184 du
998 2088 1163 2184 bras
1246 2088 1317 2184 de
1388 2088 1482 2184 ſon
1601 2088 2038 2184 Contraire:
2156 2088 2168 2184 &
2251 2088 2546 2184 comme
2629 2088 2747 2184 elle

633 2212 1114 2336 commence
1162 2212 1174 2336 à
1246 2212 1438 2336 venir
1486 2212 1498 2336 à
1547 2212 1583 2336 la
1667 2212 2003 2336 hauteur
2076 2212 2136 2336 du
2208 2212 2629 2336 poignard,
2749 2212 2749 2336 &

685 2343 685 2465 &
759 2343 882 2465 que
932 2343 981 2465 la
1030 2343 1302 2465 pointe
1376 2343 1709 2465 reſpond
1758 2343 1771 2465 à
1832 2343 1869 2465 la
1943 2343 2178 2465 veuë,
2301 2343 2745 2465 ZACHARIE

634 2462 939 2590 s’eſſaye
1015 2462 1078 2590 de
1117 2462 1561 2590 l’attaquer,
1599 2462 1790 2590 pour
1841 2462 1879 2590 la
1942 2462 2158 2590 parer
2235 2462 2285 2590 du
2362 2462 2755 2590 poignard

621 2588 943 2693 baiſſant
1038 2588 1086 2693 en
1217 2588 1503 2693 dedans
1610 2588 1658 2693 du
1765 2588 1991 2693 bras;
2110 2588 2754 2693 ALEXANDRE

624 2713 960 2838 prenant
1029 2713 1376 2838 expreſſe
1446 2713 1654 2838 garde
1723 2713 1781 2838 au
1885 2713 2602 2838 commencement
2671 2713 2729 2838 du

652 2836 1154 2962 mouvement
1250 2836 1297 2962 du
1381 2836 1536 2962 bras
1656 2836 1668 2962 &
1763 2836 1811 2962 du
1907 2836 2349 2962 poignard,
2433 2836 2743 2962 ſachant

630 2965 760 3087 que
855 2965 1221 3087 (comme
1292 2965 1410 3087 par
1481 2965 1552 3087 cy
1634 2965 1965 3087 devant)
2024 2965 2071 3087 ſa
2130 2965 2367 3087 partie
2426 2965 2509 3087 ne
2556 2965 2745 3087 peut

626 3085 799 3208 faire
874 3085 1084 3208 autre
1171 3085 1444 3208 choſe;
1506 3085 1530 3208 il
1592 3085 1753 3208 fai
1828 3085 2063 3208 paſſer
2125 3085 2249 3208 (au
2348 3085 2757 3208 commen-

627 3212 931 3330 cement
1013 3212 1270 3330 dudi
1352 3212 1902 3330 mouvement)
1972 3212 2066 3330 ſon
2171 3212 2382 3330 eſpee
2475 3212 2522 3330 en
2627 3212 2756 3330 cir-

625 3333 1101 3459 conference
1162 3333 1284 3459 par
1320 3333 1381 3459 le
1454 3333 1820 3459 deſſoubs
1894 3333 1942 3459 du
2016 3333 2174 3459 bras
2308 3333 2308 3459 &
2382 3333 2443 3459 de
2491 3333 2528 3459 la
2601 3333 2748 3459 gar-

640 3460 703 3587 de
765 3460 815 3587 du
890 3460 1340 3587 poignard,
1415 3460 1465 3587 en
1553 3460 1753 3587 ſorte
1828 3460 2090 3587 qu’elle
2165 3460 2240 3587 ne
2303 3460 2490 3587 peut
2565 3460 2740 3587 eſtre

611 3584 971 3713 touchée
1058 3584 1443 3713 d’ieeluy,
1542 3584 1890 3713 plantant
1952 3584 2014 3713 le
2076 3584 2250 3713 pied
2325 3584 2561 3713 eſlevé
2635 3584 2747 3713 par

637 3712 804 3837 deçà
881 3712 933 3837 du
1048 3712 1422 3837 Diametre
1473 3712 1473 3837 à
1537 3712 1576 3837 la
1640 3712 1872 3837 lettre
2001 3712 2065 3837 M,
2116 3712 2155 3837 il
2207 3712 2425 3837 porte
2477 3712 2528 3837 le
2593 3712 2760 3837 gau-

617 3839 742 3948 che
833 3839 1209 3948 derriere,
1277 3839 1323 3948 le
1391 3839 1664 3948 tenant
1744 3839 2006 3948 eſlevé;
2074 3839 2245 3948 ainſi
2291 3839 2473 3948 avec
2530 3839 2746 3948 avan-

616 3967 930 4087 cement
1058 3967 1058 4087 &
1128 3967 1686 4087 penchement
1767 3967 1814 4087 du
1919 3967 2186 4087 corps,
2256 3967 2302 4087 ſe
2360 3967 2744 4087 tournant

626 4088 678 4215 en
783 4088 1058 4215 dehors
1110 4088 1215 4215 ſur
1267 4088 1320 4215 le
1385 4088 1555 4215 pied
1608 4088 1922 4215 planté,
1987 4088 2014 4215 il
2092 4088 2328 4215 bleſſe
2393 4088 2433 4215 ſa
2511 4088 2760 4215 partie

612 4212 716 4340 (en
794 4212 1079 4340 paſſant
1131 4212 1234 4340 ſon
1325 4212 1507 4340 coup
1584 4212 1947 4340 deſſoubs
1999 4212 2051 4340 le
2116 4212 2336 4340 bras)
2401 4212 2453 4340 au
2557 4212 2751 4340 coſté

627 4345 948 4460 gauche;
1010 4345 1321 4460 comme
1362 4345 1425 4460 le
1518 4345 2470 4460 ſigieutent.

757 4444 808 4567 Il
871 4444 1023 4567 faut
1100 4444 1278 4567 eſtre
1354 4444 1697 4567 adverti,
1786 4444 2408 4567 qu’ALExandre
2484 4444 2662 4567 fai
2700 4444 2751 4567 la

617 4568 1271 4678 ſuſmentionnée
1365 4568 1973 4678 circonference
2078 4568 2136 4678 de
2218 4568 2253 4678 ſa
2323 4568 2510 4678 lame
2604 4568 2732 4678 d’en

615 4698 795 4827 haut
847 4698 898 4827 le
950 4698 1130 4827 long
1195 4698 1259 4827 du
1324 4698 1723 4827 poignard
1762 4698 1801 4827 ſi
1865 4698 2174 4827 grande,
2239 4698 2381 4827 que
2432 4698 2484 4827 le
2561 4698 2754 4827 mou-

628 4820 938 4950 vement
1025 4820 1075 4950 du
1174 4820 1559 4950 poignard
1621 4820 1708 4950 eſt
1770 4820 2254 4950 parachevé,
2316 4820 2539 4950 avant
2601 4820 2763 4950 qu’il

628 4958 865 5082 puiſſe
914 4958 1250 5082 toucher
1300 4958 1350 5082 la
1400 4958 1636 5082 lame.

1344 5202 1657 5363 Cercle
1993 5202 2194 5363 .10.

646 5452 833 5578 Comme
927 5452 1172 5578 Zacharie
1230 5452 1371 5578 penſe
1429 5452 1628 5578 parer,
1686 5452 1721 5578 il
1768 5452 1920 5578 eſleve
1990 5452 2014 5578 le
2072 5452 2189 5578 bras
2259 5452 2435 5578 droit,
2470 5452 2657 5578 tenant
2715 5452 2750 5578 la

752 5577 912 5712 pointe
973 5577 1010 5712 de
1047 5577 1108 5712 ſon
1157 5577 1292 5712 eſpee
1329 5577 1525 5712 eſlevée
1574 5577 1685 5712 pour
1734 5577 1906 5712 bleſſer
1955 5577 1992 5712 ſa
2053 5577 2262 5712 partie:
2348 5577 2446 5712 mais
2532 5577 2753 5712 Alexan-

754 5708 822 5834 dre
868 5708 1072 5834 eſquive
1141 5708 1175 5834 du
1220 5708 1391 5834 corps,
1482 5708 1482 5834 &
1539 5708 1823 5834 augmente
1869 5708 1926 5834 ſon
1971 5708 2085 5834 coup
2142 5708 2449 5834 precedent.

1137 5899 1253 6032 Ecy
1318 5899 1409 6032 eſt
1460 5899 1499 6032 la
1551 5899 1732 6032 ſuite
1809 5899 1861 6032 de
1913 5899 1965 6032 la
2016 5899 2508 6032 precedente
2585 5899 2753 6032 ope-

1103 6024 1398 6142 ration,
1504 6024 2035 6142 ZACHARIE
2117 6024 2164 6142 au
2259 6024 2518 6142 temps
2601 6024 2754 6142 qu’il

1099 6152 1326 6278 penſe
1389 6152 1566 6278 ſaiſir
1667 6152 1730 6278 de
1818 6152 1907 6278 ſon
2008 6152 2387 6278 poignard
2462 6152 2500 6278 la
2563 6152 2753 6278 lame

1124 6277 1173 6402 de
1258 6277 1307 6402 ſa
1405 6277 1697 6402 partie,
1783 6277 2014 6402 eſleve
2075 6277 2124 6402 le
2222 6277 2380 6402 bras
2466 6277 2758 6402 droi,

634 6396 808 6529 avec
858 6396 895 6529 la
970 6396 1231 6529 pointe
1319 6396 1381 6529 de
1431 6396 1705 6529 l’eſpee
1767 6396 2278 6529 adcendente
2340 6396 2527 6529 pour
2576 6396 2763 6529 bleſ-

630 6531 724 6638 ſer
794 6531 888 6638 ſon
1017 6531 1450 6638 Contraire:
1579 6531 1731 6638 mais
1837 6531 2387 6638 ALEXANDRE
2458 6531 2751 6638 jettant

632 6650 669 6780 la
743 6650 989 6780 deſſus
1051 6650 1100 6780 en
1174 6650 1359 6780 rond
1408 6650 1457 6780 le
1519 6650 1691 6780 pied
1765 6650 2049 6780 gauche
2135 6650 2357 6780 eſlevé
2431 6650 2763 6780 derriere

627 6776 675 6904 le
736 6776 1014 6904 planté,
1111 6776 1123 6904 &
1171 6776 1558 6904 tournant
1607 6776 1655 6904 le
1715 6776 1933 6904 corps
1994 6776 2235 6904 deſſus
2308 6776 2356 6904 en
2441 6776 2743 6904 dehors,

651 6902 878 7032 eſvite
941 6902 979 7032 la
1055 6902 1433 7032 preſence
1522 6902 1572 7032 de
1648 6902 1686 7032 ſa
1761 6902 2102 7032 pointe;
2178 6902 2329 7032 puis
2405 6902 2758 7032 plantant

3621 1011 3943 1187 Cercle
4150 1011 4426 1187 N.1.

2894 383 3122 509 ledi
3202 383 3376 509 pied
3443 383 3564 509 par
3657 383 3791 509 delà
3858 383 3912 509 le
4032 383 4407 509 Diametre
4474 383 4487 509 à
4554 383 4594 509 la
4648 383 4875 509 lettre
4969 383 5009 509 T,

2944 514 2957 639 &
3019 514 3416 639 penchant
3466 514 3528 639 le
3590 514 3801 639 corps
3888 514 4161 639 deſſus,
4235 514 4372 639 d’un
4459 514 4620 639 bras
4695 514 4980 639 eſtandu

2887 642 2923 763 il
2982 642 3411 763 augmente
3458 642 3565 763 ſon
3649 642 3827 763 coup
3887 642 4387 763 precedent;
4458 642 4756 763 comme
4815 642 4851 763 il
4922 642 5006 763 eſt

2889 765 3341 896 repreſenté
3393 765 3509 896 par
3560 765 3651 896 les
3702 765 4038 896 figures.

3375 4498 3387 4615 A
3458 4498 3765 4615 CHARIE
3848 4498 4143 4615 s’eſtant
4250 4498 4356 4615 mis
4439 4498 4486 4615 en
4569 4498 4888 4615 poſture
4959 4498 5006 4615 le

3339 4625 3516 4746 pied
3591 4625 3819 4746 droi
3870 4625 4046 4746 avec
4097 4625 4148 4746 le
4211 4625 4438 4746 genou
4527 4625 4754 4746 ployé
4817 4625 4919 4746 ſur
4969 4625 5020 4746 le

3373 4739 3803 4851 Diametre,
3873 4739 4268 4851 touchant
4361 4739 4477 4851 des
4558 4739 4826 4851 orteils
4907 4739 5011 4851 d’i-

3349 4864 3564 4996 celuy
3627 4864 3678 4996 la
3779 4864 4387 4996 Circonference
4451 4864 4463 4996 à
4514 4864 4552 4996 la
4628 4864 4856 4996 lettre
4957 4864 5008 4996 X,

2885 4990 2934 5133 le
3006 4990 3298 5133 gauche
3346 4990 3528 5133 avec
3601 4990 3649 5133 le
3734 4990 3965 5133 genou
4049 4990 4256 5133 roide
4316 4990 4377 5133 un
4462 4990 4583 5133 pas
4656 4990 5020 5133 derriere,

2888 5116 3387 5257 reſpondant
3449 5116 3648 5257 entre
3698 5116 3736 5257 la
3798 5116 4072 5257 pointe
4147 5116 4197 5257 du
4322 5116 4683 5257 Quadrat,
4746 5116 4795 5257 le
4845 5116 5007 5257 bras

2891 5242 3196 5384 (l’eſpee
3269 5242 3489 5384 ayant
3549 5242 3598 5384 la
3659 5242 3927 5384 pointe
3976 5242 4488 5384 adcendente
4561 5242 4561 5384 à
4634 5242 4732 5384 ſon
4817 5242 5012 5384 coſté

2912 5367 3195 5509 droi)
3256 5367 3490 5509 join
3551 5367 3600 5509 au
3699 5367 3969 5509 corps,
4030 5367 4079 5509 le
4153 5367 4313 5509 bras
4399 5367 4681 5509 gauche
4755 5367 4804 5509 en
4902 5367 5013 5509 an-

2901 5490 2998 5634 gle
3059 5490 3229 5634 acut
3277 5490 3459 5634 avec
3508 5490 3556 5634 le
3605 5490 4005 5634 poignard
4053 5490 4090 5634 la
4175 5490 4442 5634 pointe
4502 5490 5012 5634 adcendente

2928 5615 3023 5759 mis
3094 5615 3141 5759 au
3248 5615 3520 5759 devant
3615 5615 3662 5759 du
3768 5615 3981 5759 corps
4052 5615 4218 5759 pres
4289 5615 4360 5759 de
4419 5615 4526 5759 ſon
4621 5615 4893 5759 eſpee;
4976 5615 5011 5759 il

2889 5743 3164 5882 attend
3222 5743 3394 5882 ainſi
3440 5743 3474 5882 ſa
3543 5743 3818 5882 partie.
3887 5743 4472 5882 ALEXANDRE
4552 5743 4828 5882 venant
4885 5743 5023 5882 tra-

2901 5867 3150 6011 vailler
3209 5867 3220 6011 à
3280 5867 3740 6011 l’encontre,
3788 5867 4012 6011 ayant
4059 5867 4698 6011 premierement
4757 5867 5017 6011 planté

2894 5991 2944 6137 le
3007 5991 3171 6137 pied
3247 5991 3537 6137 gauche
3600 5991 3713 6137 par
3801 5991 3928 6137 delà
3991 5991 4041 6137 le
4142 5991 4508 6137 Diametre
4583 5991 4747 6137 pres
4836 5991 4899 6137 de
4962 5991 4999 6137 la

2931 6115 3592 6254 Circonference,
3676 6115 3712 6254 il
3808 6115 3928 6254 met
4001 6115 4097 6254 ſon
4205 6115 4409 6254 eſpee
4493 6115 4626 6254 d’un
4722 6115 4890 6254 bras
4974 6115 5022 6254 e-

2889 6246 3147 6395 ſtandu
3233 6246 3282 6395 en
3356 6246 3564 6395 angle
3625 6246 3834 6395 aigu;
3895 6246 4067 6395 puis
4129 6246 4656 6395 pourſuivant
4717 6246 4754 6395 il
4852 6246 5012 6395 mar-

2916 6364 3029 6523 che
3105 6364 3142 6523 en
3230 6364 3519 6523 dedans
3582 6364 3632 6523 du
3707 6364 3870 6523 pied
3946 6364 4209 6523 droi,
4259 6364 4648 6523 avançant
4711 6364 4761 6523 le
4824 6364 5012 6523 coſté

2914 6496 3258 6653 gauche,
3381 6496 3381 6653 &
3430 6496 3749 6653 portant
3810 6496 3860 6653 en
3933 6496 4105 6653 haut
4154 6496 4424 6653 l’eſpee
4486 6496 4658 6653 avec
4707 6496 4744 6653 la
4805 6496 5014 6653 poin-

2900 6617 2960 6751 te
3032 6617 3585 6751 adcendente,
3645 6617 3681 6751 il
3729 6617 3946 6751 pauſe
4006 6617 4078 6751 un
4150 6617 4270 6751 peu
4367 6617 4595 6751 avant
4679 6617 4811 6751 que
4871 6617 5028 6751 laiſ-

2894 6743 2994 6886 ſer
3043 6743 3353 6886 tomber
3402 6743 3452 6886 le
3526 6743 3737 6886 corps
3799 6743 3972 6886 hors
4034 6743 4096 6886 de
4158 6743 4257 6886 ſon
4344 6743 4604 6886 poids,
4666 6743 4790 6886 afin
4877 6743 5013 6886 que

2899 6873 2937 7018 ſi
3000 6873 3038 7018 ſa
3127 6873 3355 7018 partie
3406 6873 3786 7018 attentoit
3875 6873 4217 7018 quelque
4306 6873 4572 7018 choſe,
4623 6873 4661 7018 il
4724 6873 4775 7018 le
4825 6873 5016 7018 peut

4771 6997 5013 7086 mieux

2909 1265 3206 1388 Alexandre
3252 1265 3607 1388 pourſuivant
3652 1265 3755 1388 plus
3813 1265 3950 1388 outre
3996 1265 4030 1388 ſe
4087 1265 4156 1388 met
4213 1265 4327 1388 dans
4396 1265 4453 1388 les
4499 1265 5002 1388 perpendiculaires

3000 1393 3070 1512 des
3116 1393 3279 1512 lames
3325 1393 3360 1512 de
3395 1393 3441 1512 ſa
3499 1393 3696 1512 partie,
3789 1393 3789 1512 &
3836 1393 4126 1512 augmente
4184 1393 4416 1512 derechef
4462 1393 4520 1512 ſon
4567 1393 4706 1512 coup.

2920 3682 3168 3807 Zacharie
3227 3682 3263 3807 ſe
3346 3682 3417 3807 met
3499 3682 3736 3807 derechef
3795 3682 3831 3807 en
3890 3682 4126 3807 nouvelle
4185 3682 4445 3807 poſture,
4505 3682 4682 3807 l’eſpee
4753 3682 4788 3807 la
4848 3682 5013 3807 pointe

3002 3811 3222 3940 eſlevée,
3268 3811 3303 3940 le
3349 3811 3453 3940 bras
3510 3811 3707 3940 gauche
3741 3811 3788 3940 en
3834 3811 3984 3940 angle
4030 3811 4169 3940 aigu,
4215 3811 4330 3940 avec
4365 3811 4400 3940 la
4446 3811 4608 3940 pointe
4665 3811 4700 3940 du
4746 3811 5023 3940 poignard

3009 3937 3335 4061 adcendente
3400 3937 3466 4061 mis
3509 3937 3553 4061 au
3618 3937 3803 4061 devant
3868 3937 3901 4061 du
3955 3937 4108 4061 corps
4151 3937 4260 4061 pres
4314 3937 4347 4061 de
4402 3937 4467 4061 ſon
4532 3937 4695 4061 eſpee.
4793 3937 5011 4061 Alexan-

3015 4065 3084 4193 dre
3142 4065 3222 4193 met
3256 4065 3325 4193 ſon
3371 4065 3509 4193 eſpee
3566 4065 3669 4193 d’un
3715 4065 3830 4193 bras
3864 4065 4071 4193 eſtandu
4128 4065 4162 4193 en
4220 4065 4357 4193 angle
4403 4065 4552 4193 aigu,
4587 4065 4690 4193 puis
4724 4065 4759 4193 il
4793 4065 4816 4193 la
4862 4065 5011 4193 porte

2995 4189 3038 4307 en
3082 4189 3245 4307 haut,
3354 4189 3354 4307 &
3408 4189 3441 4307 la
3485 4189 3659 4307 tourne
3713 4189 3724 4307 à
3789 4189 3942 4307 l’aide
4007 4189 4039 4307 du
4105 4189 4322 4307 poignet
4388 4189 4431 4307 au
4518 4189 4703 4307 devant
4812 4189 4812 4307 &
4866 4189 5008 4307 entre

2995 4311 3061 4417 les
3108 4311 3241 4417 aeux
3279 4311 3458 4417 ures
3515 4311 3544 4417 de
3582 4311 3629 4417 ſa
3667 4311 3846 4417 partie
3884 4311 3922 4417 la
3969 4311 4140 4417 puiuc
4187 4311 4603 4417 abendente.
