5479 7714
1334 1655 1648 1840 Cercle
1940 1655 2141 1840 .13.

666 489 894 619 mieux
978 489 1399 619 prevenir;
1483 489 1639 619 puis
1699 489 2048 619 plantant
2108 489 2156 619 le
2240 489 2408 619 pied
2492 489 2709 619 eſlevé

638 613 749 748 par
836 613 960 748 délà
1059 613 1109 748 du
1233 613 1605 748 Diametre
1655 613 1754 748 ſur
1816 613 1853 748 la
1952 613 2547 748 Circonference
2597 613 2709 748 au-

645 732 799 864 pres
889 732 953 864 de
1017 732 1056 864 la
1133 732 1351 864 lettre
1453 732 1504 864 X,
1594 732 1633 864 il
1684 732 1992 864 penche
2056 732 2107 864 le
2184 732 2402 864 corps
2479 732 2723 864 deſſus

631 857 807 987 avec
857 857 907 987 le
970 857 1196 987 genou
1271 857 1522 987 ployé,
1573 857 1861 987 ſuivant
1924 857 1974 987 du
2062 857 2351 987 gauche
2413 857 2426 987 à
2489 857 2526 987 la
2589 857 2727 987 let-

644 978 740 1104 tre
836 978 872 1104 D,
920 978 1172 1104 tenant
1220 978 1280 1104 le
1328 978 1484 1104 bras
1544 978 1832 1104 eſtandu
1916 978 1976 1104 un
2048 978 2168 1104 peu
2252 978 2300 1104 en
2372 978 2708 1104 baiſſant,

626 1105 663 1233 il
713 1105 998 1233 tourne
1060 1105 1060 1233 à
1110 1105 1321 1233 l’aide
1395 1105 1445 1233 du
1531 1105 1854 1233 poignet
1904 1105 2003 1233 ſon
2090 1105 2288 1233 eſpee
2350 1105 2611 1233 (ayant
2661 1105 2710 1233 la

635 1224 898 1352 pointe
944 1224 1493 1352 adcendente)
1539 1224 1596 1352 au
1676 1224 1951 1352 devant
2054 1224 2054 1352 &
2111 1224 2317 1352 entre
2363 1224 2455 1352 les
2523 1224 2706 1352 deux

628 1346 858 1479 lames
931 1346 992 1479 de
1040 1346 1076 1479 ſa
1149 1346 1440 1479 partie,
1500 1346 1985 1479 reſpondant
2045 1346 2336 1479 comme
2385 1346 2482 1479 les
2530 1346 2712 1479 figu-

635 1479 735 1574 res
813 1479 1260 1574 monſtrent.

661 1902 905 2019 Lacharie
951 1902 1242 2019 attendant
1323 1902 1614 2019 Alexandre
1649 1902 1904 2019 pourſuit,
2044 1902 2230 2019 tenant
2265 1902 2300 2019 le
2335 1902 2439 2019 bras
2532 1902 2532 2019 &
2590 1902 2718 2019 eſpee

745 2023 1029 2148 eſtandus,
1089 2023 1124 2148 il
1172 2023 1314 2148 bleſſe
1373 2023 1433 2148 ſon
1504 2023 1765 2148 Contraire
1836 2023 1978 2148 d’une
2038 2023 2263 2148 eſtocade
2334 2023 2370 2148 au
2441 2023 2702 2148 viſage,

740 2145 842 2270 puis
888 2145 922 2270 le
979 2145 1115 2270 perce
1161 2145 1172 2270 à
1218 2145 1434 2270 travers
1468 2145 1502 2270 la
1559 2145 1673 2270 teſte
1718 2145 1877 2270 avant
1923 2145 2002 2270 que
2048 2145 2071 2270 le
2128 2145 2389 2270 poignard
2435 2145 2583 2270 puiſſe
2628 2145 2719 2270 pa-

736 2264 833 2391 rer,
866 2264 887 2391 le
931 2264 1243 2391 coupeſtant
1286 2264 1427 2391 porté
1470 2264 1632 2391 avant
1675 2264 1750 2391 que
1793 2264 1826 2391 le
1869 2264 1977 2391 bras
2020 2264 2085 2391 ait
2128 2264 2203 2391 fini
2246 2264 2300 2391 ſon
2376 2264 2710 2391 mouvement.

1104 2415 1510 2543 ACHARIE
1578 2415 1995 2543 attendant
2040 2415 2491 2543 l’operation
2559 2415 2717 2543 pre-

1078 2537 1408 2664 cedente
1511 2537 1522 2664 A
1591 2537 2149 2664 LEXANDRE
2218 2537 2252 2664 la
2320 2537 2708 2664 pourſuit,

1095 2658 1477 2782 marchant
1525 2658 1597 2782 un
1680 2658 1895 2782 grand
1955 2658 2062 2782 pas
2122 2658 2170 2782 du
2241 2658 2409 2782 pied
2492 2658 2707 2782 droi

1080 2777 1122 2881 en
1269 2777 1616 2881 dedans,
1721 2777 1900 2881 avec
1995 2777 2521 2881 avancement
2637 2777 2690 2881 du

2868 477 3111 618 corps,
3162 477 3418 618 tenant
3482 477 3533 618 le
3597 477 3750 618 bras
3865 477 3865 618 &
3916 477 4185 618 l’eſpee
4236 477 4594 618 eſtandus
4696 477 4696 618 &
4747 477 4926 618 bleſ-

2851 615 3002 742 ſant
3053 615 3103 742 ſa
3179 615 3406 742 partie
3482 615 3684 742 d’une
3735 615 4101 742 eſtocade
4152 615 4202 742 au
4291 615 4556 742 viſage,
4594 615 4632 742 il
4670 615 4922 742 plante

2850 735 2901 857 le
2979 735 3146 857 pied
3223 735 3455 857 droi
3519 735 3635 857 par
3726 735 3854 857 dela
3944 735 3996 857 du
4112 735 4344 857 Cercle
4421 735 4691 857 aupres
4769 735 4833 857 de
4872 735 4910 857 la

2843 862 3068 981 lettre
3168 862 3231 981 T;
3319 862 3481 981 puis
3531 862 4045 981 pourſuivant
4120 862 4170 981 du
4232 862 4407 981 pied
4470 862 4745 981 gauche
4820 862 4921 981 ſur

2842 983 2880 1105 la
2942 983 3142 1105 ligne
3355 983 3417 1105 O,
3480 983 3505 1105 il
3555 983 3980 1105 augmente
4042 983 4055 1105 à
4105 983 4142 1105 la
4230 983 4505 1105 cheute
4580 983 4630 1105 du
4717 983 4917 1105 corps

2841 1104 2937 1228 ſon
3009 1104 3453 1228 precedent
3525 1104 3705 1228 coup
3789 1104 3789 1228 à
3873 1104 4161 1228 travers
4209 1104 4245 1228 la
4305 1104 4485 1228 teſte
4558 1104 4930 1228 d’iceluy;

2851 1228 3157 1346 comme
3215 1228 3309 1346 les
3380 1228 3662 1346 figures
3732 1228 4332 1346 repreſentent.
4520 1228 4567 1346 Et
4649 1228 4919 1346 encoe

2856 1350 2990 1470 que
3112 1350 3549 1470 ZACHARIE
3622 1350 3853 1470 eſleve
3913 1350 3962 1470 le
4035 1350 4193 1470 bras
4326 1350 4326 1470 &
4411 1350 4460 1470 le
4545 1350 4934 1470 poignard

2840 1477 3029 1595 pour
3085 1477 3340 1595 parer,
3418 1477 3919 1595 neantmoins
3997 1477 4286 1595 pource
4375 1477 4541 1595 qu’A
4597 1477 4931 1595 LEXAN-

2866 1591 3012 1715 DRE
3073 1591 3085 1715 à
3146 1591 3279 1715 pris
3352 1591 3400 1715 au
3510 1591 3752 1715 Cercle
3801 1591 4238 1715 precedent
4298 1591 4687 1715 l’Inſtance
4772 1591 4832 1715 de
4893 1591 4929 1715 ſi

2838 1708 3049 1839 pres,
3108 1708 3167 1839 le
3249 1708 3425 1839 coup
3507 1708 3589 1839 eſt
3648 1708 3859 1839 porté
3918 1708 4141 1839 avant
4223 1708 4352 1839 que
4411 1708 4458 1839 le
4528 1708 4693 1839 bras
4810 1708 4810 1839 &
4869 1708 4916 1839 le

2839 1832 3224 1961 poignard
3283 1832 3353 1961 ay
3411 1832 3516 1961 ent
3563 1832 3680 1961 fini
3738 1832 3890 1961 leur
3972 1832 4497 1961 mouvement.

4721 4606 4926 4708 Celuy
