5479 7714
1577 453 1797 675 Eluy
1907 453 2054 675 qui
2164 453 2695 675 s’exercera
2805 453 2860 675 en
2989 453 3044 675 la
3154 453 3649 675 pratique
3777 453 3924 675 des
4034 453 4657 675 operations
4712 453 5042 675 repre-

1502 663 1765 811 ſentez
1835 663 1946 811 par
2029 663 2376 811 occaſion
2459 663 2514 811 au
2598 663 2930 811 premier
3055 663 3319 811 Cercle,
3388 663 3457 811 ne
3527 663 3790 811 perdra
3846 663 4317 811 nullement
4387 663 4428 811 ſa
4511 663 4761 811 peine.
4914 663 5011 811 Car

1513 803 1825 948 comme
1921 803 2084 948 c’eſt
2138 803 2179 948 le
2260 803 2423 948 plus
2477 803 2899 948 neceſſaire
2980 803 3021 948 en
3116 803 3292 948 tout
3333 803 3795 948 l’exercice,
3877 803 3931 948 de
4012 803 4311 948 ſçavoir
4366 803 4732 948 attaquer
4841 803 4855 948 &
4909 803 5018 948 ſu-

1497 943 1721 1092 jetter
1791 943 1932 1092 une
2002 943 2255 1092 lame,
2325 943 2507 1092 auſſi
2578 943 2662 1092 eſt
2746 943 2802 1092 ce
2872 943 2915 1092 le
2985 943 3153 1092 plus
3237 943 3588 1092 difficile:
3687 943 3743 1092 or
3813 943 4010 1092 ceſte
4108 943 4487 1092 difficulté
4557 943 4627 1092 ne
4697 943 4754 1092 ſe
4824 943 5006 1092 peut

1499 1086 1973 1229 ſurmonter
2041 1086 2176 1229 que
2230 1086 2338 1229 par
2393 1086 2433 1229 la
2514 1086 2920 1229 pratique.
3083 1086 3245 1229 Pour
3327 1086 3746 1229 doncques
3827 1086 3827 1229 y
3909 1086 4206 1229 former
4288 1086 4761 1229 d’avantage
4829 1086 5019 1229 ceux

1528 1226 1634 1366 qui
1701 1226 1754 1366 ſe
1820 1226 2139 1366 plaiſent
2206 1226 2259 1366 en
2339 1226 2498 1366 c’eſt
2551 1226 2684 1366 art,
2737 1226 2937 1366 nous
2990 1226 3229 1366 avons
3296 1226 3655 1366 adjoin
3721 1226 3881 1366 c’eſt
3947 1226 4572 1366 enſeignement
4638 1226 4692 1366 au
4798 1226 4997 1366 com-

674 1362 1187 1505 mencement
1256 1362 1312 1505 de
1395 1362 1450 1505 ce
1561 1362 1935 1505 Tableau.
2060 1362 2240 1505 Pour
2295 1362 2337 1505 la
2420 1362 2766 1505 ſeconde
2836 1362 3071 1505 partie
3168 1362 3514 1505 d’iceluy,
3570 1362 3611 1505 il
3681 1362 3764 1505 eſt
3847 1362 4110 1505 certain
4221 1362 4429 1505 qu’un
4554 1362 4997 1505 Adverſaire

674 1501 863 1654 muni
944 1501 998 1654 de
1065 1501 1335 1654 l’eſpee
1443 1501 1457 1654 &
1524 1501 1578 1654 du
1659 1501 2091 1654 poignard,
2145 1501 2226 1654 ne
2281 1501 2335 1654 ſe
2416 1501 2861 1654 preſentera
2915 1501 3185 1654 jamais
3266 1501 3550 1654 gueres,
3617 1501 3779 1654 ſans
3860 1501 4158 1654 donner
4225 1501 4630 1654 l’occaſion
4725 1501 4995 1654 conte-

631 1641 781 1786 nue
850 1641 905 1786 au
1028 1641 1274 1786 Cercle
1411 1641 1438 1786 N.
1521 1641 1548 1786 8.
1671 1641 1671 1786 &
1740 1641 1767 1786 ſi
1835 1641 1986 1786 toſt
2054 1641 2219 1786 qu’il
2273 1641 2451 1786 voira
2533 1641 2739 1786 qu’on
2821 1641 2999 1786 veut
3040 1641 3259 1786 loger
3327 1641 3437 1786 ſon
3533 1641 3738 1786 eſpee
3820 1641 4025 1786 entre
4080 1641 4176 1786 ſes
4244 1641 4422 1786 deux
4477 1641 4764 1786 armes,
4819 1641 4860 1786 il
4915 1641 4997 1786 ne

659 1782 1067 1932 manquera
1168 1782 1232 1932 de
1296 1782 1347 1932 ſe
1397 1782 1728 1932 fermer:
1805 1782 1906 1932 ſur
1983 1782 2046 1932 ce
2110 1782 2708 1932 changement,
2772 1782 2963 1932 nous
3026 1782 3255 1932 avons
3332 1782 3548 1932 voulu
3650 1782 3943 1932 donner
3994 1782 4083 1932 les
4134 1782 4681 1932 inſtruions
4744 1782 5012 1932 neceſ-

622 1917 869 2073 ſaires,
935 1917 1130 2073 pour
1195 1917 1378 2073 vous
1430 1917 1482 2073 en
1560 1917 1977 2073 prevalloir
2030 1917 2030 2073 à
2095 1917 2342 2073 voſtre
2395 1917 2890 2073 advantage.
