5479 7714
1019 1478 1160 1659 DE
1322 1478 2533 1659 CLARATION
2775 1478 3017 1659 DES
3279 1478 4591 1659 OPERATIONS

1226 1671 1315 1806 DV
1507 1671 2113 1806 TABLEAV
2276 1671 2868 1806 SIXIESME
3045 1671 3163 1806 DV
3296 1671 3814 1806 SECOND
3992 1671 4376 1806 LIVRE,

1397 1823 1476 1905 DE
1578 1823 1906 1905 L’ESPEE
2008 1823 2268 1905 SEVLE
2393 1823 2755 1905 CONTRE
2868 1823 3162 1905 L’ESPEE
3275 1823 3343 1905 ET
3456 1823 3524 1905 LE
3626 1823 4147 1905 POIGNARD.

2911 5854 3021 5963 puis
3053 5854 3086 5963 il
3119 5854 3152 5963 la
3218 5854 3294 5963 met
3338 5854 3480 5963 ſoubs
3535 5854 3590 5963 les
3666 5854 3787 5963 deux
3830 5854 3995 5963 lames
4038 5854 4071 5963 de
4126 5854 4192 5963 ſon
4235 5854 4531 5963 contraire,
4575 5854 4804 5963 croiſant
4859 5854 4892 5963 le

2949 5976 3210 6107 Diametre
3353 5976 3579 6107 eſuitant
3627 5976 3651 6107 le
3698 5976 3960 6107 poignard
4019 5976 4043 6107 de
4091 5976 4126 6107 ſa
4174 5976 4424 6107 partie.

3266 6153 3657 6271 ACHARIE
3740 6153 4024 6271 s’eſtant
4119 6153 4225 6271 mis
4308 6153 4344 6271 en
4438 6153 4782 6271 poſture,
4829 6153 4876 6271 le

3239 6275 3412 6396 pied
3474 6275 3759 6396 gauche
3808 6275 3907 6396 ſur
3944 6275 3994 6396 le
4105 6275 4501 6396 Diametre,
4538 6275 4872 6396 touchãt

3263 6395 3362 6515 des
3435 6395 3693 6515 orteils
3754 6395 3988 6515 d’icelu
4061 6395 4073 6515 y
4123 6395 4159 6515 la
4270 6395 4871 6515 Circonference

3243 6520 3243 6643 a
3292 6520 3329 6643 la
3415 6520 3649 6643 Lettre
3759 6520 3808 6643 X,
3870 6520 3931 6643 le
3993 6520 4177 6643 droit
4226 6520 4411 6643 avec
4472 6520 4521 6643 le
4619 6520 4841 6643 genou

2790 6642 3015 6767 ployé
3090 6642 3153 6767 un
3240 6642 3353 6767 pas
3441 6642 3478 6767 en
3553 6642 3853 6767 arriere,
3916 6642 4379 6767 reſpondant
4454 6642 4454 6767 à
4517 6642 4867 6767 l’opoſite

4802 6772 4865 6858 de

1312 5856 1635 6012 Cercle
1871 5856 1978 6012 N.
2064 5856 2086 6012 1.

615 6153 863 6265 zacharie
930 6153 1076 6265 apres
1132 6153 1301 6265 s’eſtre
1379 6153 1436 6265 mis
1503 6153 1537 6265 en
1615 6153 1806 6265 poſture
1896 6153 2009 6265 avec
2065 6153 2099 6265 la
2177 6153 2323 6265 garde
2402 6153 2436 6265 de
2492 6153 2683 6265 l’eſpee

715 6271 903 6388 devant
961 6271 996 6388 le
1032 6271 1219 6388 corps,
1290 6271 1325 6388 la
1384 6271 1560 6388 pointe
1607 6271 1829 6388 eſlevée,
1876 6271 1900 6388 le
1958 6271 2064 6388 bras
2111 6271 2299 6388 gauche
2346 6271 2580 6388 abaiſſé,
2639 6271 2674 6388 la

704 6394 871 6516 pointe
931 6394 967 6516 du
1015 6394 1289 6516 poignard
1325 6394 1444 6516 aui
1492 6394 1671 6516 eſlevée
1731 6394 1910 6516 devant
1958 6394 1982 6516 le
2029 6394 2137 6516 coſté
2208 6394 2423 6516 gauche,
2471 6394 2495 6516 de
2555 6394 2674 6516 ſorte

711 6513 788 6638 que
832 6513 887 6638 les
954 6513 1075 6638 deux
1130 6513 1329 6638 pointes
1395 6513 1627 6638 viennent
1683 6513 1892 6638 preſque
1959 6513 1970 6638 à
2036 6513 2191 6638 meſme
2235 6513 2467 6638 longeur.
2577 6513 2665 6638 Ale-

715 6639 915 6756 xandre
974 6639 1056 6756 met
1103 6639 1126 6756 le
1185 6639 1291 6756 bras
1385 6639 1385 6756 &
1444 6639 1620 6756 l’eſpee
1679 6639 1679 6756 à
1749 6639 1808 6756 ſon
1867 6639 1984 6756 coſté
2066 6639 2184 6756 droit
2243 6639 2278 6756 en
2349 6639 2490 6756 angle
2537 6639 2678 6756 obtus

1525 2043 2158 2265 Aintenant,
2261 2043 2518 2265 nous
2586 2043 3271 2265 apliquerons
3357 2043 3699 2265 noſtre
3785 2043 4281 2265 exercice,
4367 2043 4384 2265 à
4487 2043 4675 2265 une
4795 2043 4915 2265 oc-

1452 2249 1671 2396 caſion
1754 2249 1905 2396 bien
2014 2249 2426 2396 differente
2522 2249 2577 2396 de
2659 2249 2865 2396 celles
2948 2249 3057 2396 qui
3112 2249 3291 2396 ſont
3346 2249 3785 2396 propoſées
3853 2249 3990 2396 aux
4059 2249 4251 2396 troix
4334 2249 4718 2396 Tableaux
4773 2249 4924 2396 pre-

1455 2389 1779 2532 cedens:
1860 2389 1954 2532 car
2008 2389 2049 2532 la
2157 2389 2372 2532 Partie
2440 2389 2548 2532 qui
2602 2389 2642 2532 ſe
2723 2389 3168 2532 preſentoit
3236 2389 3276 2532 en
3343 2389 3573 2532 iceux
3613 2389 3667 2532 le
3735 2389 3910 2532 pied
4004 2389 4180 2532 droit
4260 2389 4584 2532 devant,
4638 2389 4679 2532 ſe
4759 2389 4908 2532 pre-

1439 2525 1642 2669 ſente
1693 2525 1706 2669 a
1782 2525 1959 2669 ceſte
2023 2525 2264 2669 heure
2328 2525 2505 2669 avec
2569 2525 2823 2669 iceluy
2899 2525 3445 2669 entierement
3508 2525 3775 2669 retiré,
3864 2525 4181 2669 comme
4232 2525 4283 2669 ſe
4359 2525 4689 2669 cachant
4765 2525 4905 2669 der-

1446 2663 1628 2804 riere
1684 2663 1950 2804 l’eſpee
2076 2663 2076 2804 &
2146 2663 2202 2804 le
2272 2663 2707 2804 poignard,
2763 2663 3141 2804 eſtandus
3211 2663 3534 2804 preſque
3618 2663 3660 2804 en
3800 2663 4066 2804 meſme
4136 2663 4515 2804 longeur.
4655 2663 4767 2804 Sur
4823 2663 4921 2804 la-

1455 2800 1692 2937 quelle
1784 2800 2232 2937 difference,
2272 2800 2311 2937 il
2364 2800 2509 2937 faut
2588 2800 3233 2937 premierement
3312 2800 3786 2937 conſiderer,
3826 2800 3892 2937 ce
3957 2800 4076 2937 que
4129 2800 4326 2937 nous
4379 2800 4616 2937 avons
4669 2800 4734 2937 cy
4813 2800 4906 2937 de-

612 2932 774 3074 vant
855 2932 990 3074 di
1057 2932 1125 3074 au
1233 2932 1557 3074 Premier
1665 2932 1895 3074 Livre;
1976 2932 2260 3074 ſçavoir
2354 2932 2476 3074 que
2543 2932 2813 3074 l’eſpee
2908 2932 2962 3074 de
3030 2932 3556 3074 l’Adverſaire
3664 2932 4218 3074 differrement
4272 2932 4745 3074 advancée,
4826 2932 4921 3074 re-

627 3072 865 3219 quiert
931 3072 1116 3219 auſsi
1196 3072 1315 3219 que
1381 3072 1500 3219 l’on
1592 3072 1936 3219 s’avance
2015 3072 2346 3219 pluſtoſt
2399 3072 2504 3219 ſur
2557 3072 2676 3219 l’un
2769 3072 2901 3219 que
2967 3072 3073 3219 ſur
3126 3072 3390 3219 l’autre
3483 3072 3734 3219 coſté,
3813 3072 4263 3219 travaillant
4342 3072 4739 3219 touſiours
4805 3072 4911 3219 ſur

624 3203 832 3357 celuy
929 3203 1040 3357 qui
1123 3203 1207 3357 eſt
1304 3203 1595 3357 devant.
1761 3203 1858 3357 Car
1941 3203 1997 3357 on
2108 3203 2274 3357 n’eſt
2343 3203 2607 3357 jamais
2704 3203 2856 3357 plus
2926 3203 3203 3357 aſſeuré
3300 3203 3411 3357 que
3508 3203 3771 3357 quand
3827 3203 3882 3357 on
3965 3203 4049 3357 eſt
4118 3203 4561 3357 outrepaſſé
4617 3203 4659 3357 la
4714 3203 4908 3357 ligne

628 3341 861 3488 droite
930 3341 999 3488 de
1054 3341 1095 3488 la
1150 3341 1439 3488 partie;
1521 3341 1686 3488 c’eſt
1769 3341 1769 3488 a
1865 3341 1989 3488 dire
2071 3341 2319 3488 quand
2387 3341 2442 3488 on
2539 3341 2621 3488 eſt
2676 3341 2841 3488 tant
2923 3341 3336 3488 deſtourné
3418 3341 3473 3488 de
3528 3341 3625 3488 ſon
3721 3341 3913 3488 coſté
3968 3341 4367 3488 preſenté,
4422 3341 4546 3488 que
4601 3341 4683 3488 s’il
4738 3341 4917 3488 vou-

600 3478 734 3620 loit
787 3478 961 3620 faire
1015 3478 1148 3620 une
1228 3478 1456 3620 droite
1509 3478 1710 3620 ligne
1790 3478 1843 3620 du
1937 3478 2124 3620 coſté
2191 3478 2351 3620 bras
2445 3478 2458 3620 &
2498 3478 2926 3620 poignard,
2966 3478 3073 3620 ſon
3166 3478 3527 3620 eſtocade
3594 3478 3674 3620 ne
3728 3478 3928 3620 nous
3968 3478 4342 3620 pourroit
4409 3478 4783 3620 toucher,
4837 3478 4917 3620 n-

618 3613 814 3762 cores
893 3613 1023 3762 que
1089 3613 1285 3762 nous
1350 3613 1429 3762 ne
1494 3613 1533 3762 la
1612 3613 2017 3762 parerions
2083 3613 2344 3762 point.
2501 3613 2671 3762 Pour
2723 3613 2815 3762 les
2880 3613 3129 3762 autres
3207 3613 3625 3762 difficultes
3691 3613 3809 3762 qui
3861 3613 4384 3762 pourroyent
4449 3613 4502 3762 ſe
4567 3613 4907 3762 rencon-

597 3749 744 3897 trer
837 3749 877 3897 en
970 3749 1010 3897 la
1090 3749 1502 3897 pourſuite
1596 3749 1662 3897 de
1742 3749 1795 3897 ce
1902 3749 2288 3897 Tableau,
2381 3749 2541 3897 elles
2607 3749 2687 3897 ne
2754 3749 2927 3897 ſont
3007 3749 3260 3897 gueres
3353 3749 3806 3897 differentes
3885 3749 3939 3897 de
4019 3749 4232 3897 celles
4298 3749 4405 3897 des
4458 3749 4711 3897 autres
4791 3749 4911 3897 Ta-

598 3887 888 4034 bleaux
970 3887 1438 4034 precedens.
1617 3887 1686 4034 En
1769 3887 2237 4034 l’execution
2347 3887 2402 4034 de
2471 3887 2939 4034 l’operation
3050 3887 3091 4034 du
3242 3887 3476 4034 Cercle
3600 3887 3738 4034 N.1,
3807 3887 3848 4034 il
3903 3887 4069 4034 faut
4124 3887 4454 4034 prendre
4523 3887 4743 4034 garde
4840 3887 4895 4034 de

598 4022 869 4170 n’eſtre
923 4022 1045 4170 pas
1113 4022 1167 4170 en
1261 4022 1654 4170 Inſtance,
1722 4022 1776 4170 ou
1843 4022 1898 4170 le
1965 4022 2358 4170 poignard
2425 4022 2656 4170 puiſſe
2723 4022 2886 4170 ſans
2967 4022 3481 4170 mouvement
3576 4022 3617 4170 du
3711 4022 3874 4170 bras
3955 4022 4253 4170 divertir
4334 4022 4578 4170 voſtre
4645 4022 4902 4170 eſpee:

593 4157 713 4305 afin
834 4157 1074 4305 d’eſtre
1127 4157 1328 4305 preſt
1394 4157 1394 4305 à
1474 4157 1808 4305 prandre
1888 4157 2129 4305 voſtre
2182 4157 2663 4305 advantage,
2703 4157 2810 4305 ſur
2863 4157 2916 4305 le
3010 4157 3344 4305 moindre
3451 4157 3971 4305 mouvement
4038 4157 4091 4305 du
4185 4157 4399 4305 corps
4479 4157 4532 4305 ou
4626 4157 4679 4305 du
4746 4157 4906 4305 bras

623 4296 677 4437 de
718 4296 1290 4437 l’Adverſaire.
1453 4296 1508 4437 Ce
1589 4296 1698 4437 qui
1739 4296 1875 4437 ſuit
1943 4296 2011 4437 au
2134 4296 2365 4437 Cercle
2501 4296 2651 4437 N.7,
2733 4296 3100 4437 contient
3141 4296 3182 4437 la
3291 4296 3604 4437 maniere
3672 4296 3863 4437 pour
3944 4296 4230 4437 couvrir
4312 4296 4448 4437 une
4530 4296 4734 4437 eſpee
4802 4296 4911 4437 ſur

610 4431 799 4576 ceſte
866 4431 1286 4576 differente
1340 4431 1705 4576 poſture:
1786 4431 1826 4576 en
1894 4431 2232 4576 laquelle
2300 4431 2746 4576 operation,
2786 4431 2827 4576 il
2881 4431 3057 4576 vous
3111 4431 3259 4576 faut
3341 4431 3597 4576 garder
3679 4431 3733 4576 de
3800 4431 3868 4576 ne
3949 4431 4125 4576 vous
4192 4431 4436 4576 haſter
4517 4431 4720 4576 trop,
4841 4431 4895 4576 de

637 4566 890 4712 mettre
969 4566 1209 4712 voſtre
1289 4566 1501 4712 eſpee
1555 4566 1754 4712 entre
1807 4566 1901 4712 les
1980 4566 2167 4712 deux
2220 4566 2472 4712 armes
2552 4566 2619 4712 de
2659 4566 3244 4712 l’Adverſaire:
3337 4566 3483 4712 mais
3523 4566 3563 4712 il
3630 4566 3776 4712 faut
3856 4566 4162 4712 couvrir
4242 4566 4295 4712 du
4361 4566 4587 4712 foible
4667 4566 4893 4712 d’icel-

598 4698 640 4849 le
709 4698 750 4849 la
819 4698 1080 4849 ſienne
1163 4698 1218 4849 de
1273 4698 1314 4849 ſi
1356 4698 1562 4849 pres,
1631 4698 1741 4849 que
1810 4698 1989 4849 vous
2030 4698 2072 4849 le
2127 4698 2402 4849 puiſſes
2471 4698 2733 4849 bleſſer
2815 4698 2857 4849 en
2953 4698 3022 4849 un
3105 4698 3394 4849 temps,
3435 4698 3573 4849 ſoit
3655 4698 3807 4849 qu’il
3848 4698 3903 4849 ſe
3958 4698 4220 4849 remue
4289 4698 4344 4849 ou
4427 4698 4606 4849 non.
4716 4698 4895 4849 Ainſi

612 4839 1020 4988 obſervant
1086 4839 1191 4988 ces
1257 4839 1955 4988 enſeignements,
1995 4839 2034 4988 la
2113 4839 2456 4988 diverſité
2535 4839 2600 4988 de
2666 4839 2706 4988 la
2785 4839 3101 4988 poſture
3180 4839 3246 4988 de
3325 4839 3575 4988 voſtre
3641 4839 3878 4988 partie
3944 4839 4023 4988 ne
4089 4839 4260 4988 vous
4313 4839 4708 4988 troublera
4787 4839 4892 4988 pas

597 4976 1186 5125 longuement,
1227 4976 1323 5125 n’y
1378 4976 1460 5125 ne
1515 4976 1707 5125 vous
1748 4976 2159 5125 apportera
2228 4976 2653 5125 beaucoup
2735 4976 2790 5125 de
2845 4976 3091 5125 peine,
3133 4976 3256 5125 ſoit
3311 4976 3503 5125 pour
3571 4976 3832 5125 eſuiter
3886 4976 3982 5125 ſon
4065 4976 4489 5125 poignard,
4531 4976 4668 5125 ſoit
4750 4976 4901 5125 meſ-

641 5110 710 5265 me
793 5110 986 5265 pour
1027 5110 1151 5265 luy
1234 5110 1496 5265 porter
1579 5110 1689 5265 vos
1758 5110 1993 5265 coups
2061 5110 2227 5265 avec
2282 5110 2765 5265 aſſeurance,
2848 5110 3096 5265 malgré
3151 5110 3192 5265 la
3261 5110 3579 5265 defence
3648 5110 3813 5265 qu’il
3868 5110 4227 5265 pourroit
4296 5110 4461 5265 faire
4544 5110 4903 5265 d’iceluy.

633 5247 817 5393 ſous
883 5247 975 5393 les
1041 5247 1291 5393 autres
1397 5247 1673 5393 Cercles
1752 5247 1871 5393 ont
1924 5247 2121 5393 leurs
2187 5247 2714 5393 inſtruions
2767 5247 2938 5393 aſſes
3004 5247 3307 5393 claires,
3386 5247 3703 5393 comme
3782 5247 4269 5393 deſpendens
4322 5247 4559 5393 partie
4625 5247 4730 5393 des
4796 5247 4888 5393 ſus

642 5388 1185 5543 mentionnés,
1251 5388 1489 5543 partie
1582 5388 1648 5543 de
1727 5388 1899 5543 ceux
1979 5388 2084 5543 qui
2124 5388 2296 5543 ſont
2362 5388 2759 5543 contenus
2812 5388 2944 5543 aux
2997 5388 3487 5543 precedents
3566 5388 3976 5543 Tableaux,
4029 5388 4188 5543 tant
4267 5388 4320 5543 du
4386 5388 4691 5543 preſent
4757 5388 4889 5543 que

624 5524 676 5671 du
754 5524 1196 5671 precedent
1274 5524 1521 5671 Livre;
1586 5524 1911 5671 comme
1963 5524 2145 5671 vous
2197 5524 2509 5671 pourres
2561 5524 3042 5671 facilement
3081 5524 3328 5671 juger.
