5479 7714
3363 1382 3376 1541 E
3512 1382 3760 1541 Cercle
3859 1382 4218 1541 contient
4293 1382 4330 1541 la
4417 1382 4826 1541 pourſuite
4913 1382 4962 1541 du

3331 1527 3811 1653 precedent.
4003 1527 4554 1653 ALEXANDRE
4626 1527 4986 1653 pourſuit

3342 1662 3897 1775 promptemẽt
3978 1662 4278 1775 entrant
4347 1662 4417 1775 un
4486 1662 4602 1775 pas
4659 1662 4775 1775 par
4844 1662 4983 1775 delà

3347 1763 3393 1901 du
3530 1763 3816 1901 Cercle,
3862 1763 4034 1901 avec
4103 1763 4641 1901 avancement
4744 1763 4756 1901 &
4813 1763 4985 1901 pen-

2886 1881 3256 2024 chement
3318 1881 3367 2024 du
3466 1881 3725 2024 corps,
3811 1881 3971 2024 qu’il
4070 1881 4193 2024 met
4292 1881 4452 2024 dans
4514 1881 4785 2024 l’angle
4884 1881 4982 2024 des

2892 2004 3077 2144 deux
3135 2004 3378 2144 armes
3436 2004 3506 2144 de
3552 2004 3656 2144 ſon
3772 2004 4201 2144 Contraire,
4247 2004 4792 2144 augmentant
4861 2004 4966 2144 ſon

2881 2143 3070 2274 coup
3140 2143 3588 2274 precedent
3682 2143 3694 2274 à
3765 2143 4059 2274 travers
4141 2143 4189 2274 du
4306 2143 4530 2274 corps
4613 2143 4978 2274 d’iceluy,

2867 2259 3052 2399 avec
3098 2259 3155 2399 le
3224 2259 3513 2399 dernier
3593 2259 4124 2399 mouvement;
4181 2259 4481 2399 comme
4527 2259 4631 2399 les
4688 2259 4977 2399 figures

2907 2374 3354 2475 monſtrent.

2887 492 3061 636 long
3181 492 3195 636 &
3275 492 3649 636 deſſoubs
3702 492 3756 636 le
3836 492 4063 636 bras,
4170 492 4290 636 qui
4344 492 4517 636 fai
4598 492 4865 636 qu’elle
4918 492 4999 636 ne

2881 618 3057 754 peut
3120 618 3297 754 eſtre
3347 618 3688 754 touchée
3764 618 3814 754 du
3877 618 4293 754 poignard.

3111 1184 3402 1316 Alexandre
3461 1184 3822 1316 pourſuivant
3869 1184 4161 1316 augmente
4196 1184 4266 1316 ſou
4312 1184 4429 1316 coup
4476 1184 4791 1316 precedent.

1323 3873 1641 4045 Cercle
1846 3873 2142 4045 N.

3373 4103 3527 4231 Eluy
3617 4103 3681 4231 cy
3758 4103 3887 4231 tire
3964 4103 4054 4231 ſon
4156 4103 4452 4231 origine
4542 4103 4606 4231 de
4683 4103 5004 4231 l’opera-

3329 4229 3466 4354 tion
3579 4229 3629 4354 du
3753 4229 3991 4354 Cercle
4116 4229 4153 4354 N.
4203 4229 4265 4354 1,
4365 4229 4415 4354 ou
4515 4229 4740 4354 (ainſi
4827 4229 4989 4354 qu’il

3340 4350 3426 4473 eſt
3488 4350 3795 4473 ſpecifié
3881 4350 3930 4473 en
3991 4350 4298 4473 iceluy)
4397 4350 4986 4473 ALEXANDRE

3355 4479 3478 4591 met
3545 4479 3646 4591 ſon
3747 4479 3949 4591 eſpee
4016 4479 4251 4591 ſoubs
4307 4479 4408 4591 les
4486 4479 4676 4591 deux
4732 4479 4979 4591 lames

2886 4598 2944 4715 de
3015 4598 3050 4715 ſa
3144 4598 3461 4715 partie:
3579 4598 3732 4715 mais
3849 4598 4366 4715 ZACHARIE
4437 4598 4871 4715 travaillant
4942 4598 4989 4715 la

2886 4719 3125 4844 deſſus
3173 4719 3400 4844 porte
3471 4719 3519 4844 en
3591 4719 3806 4844 avant
3853 4719 3913 4844 le
3973 4719 4140 4844 pied
4212 4719 4510 4844 droi,
4582 4719 4761 4844 avec
4809 4719 4988 4844 pen-

2878 4846 3241 4967 chement
3326 4846 3387 4967 de
3435 4846 3484 4967 la
3544 4846 3786 4967 partie
3835 4846 4295 4967 ſuperieure
4380 4846 4428 4967 du
4513 4846 4755 4967 corps,
4792 4846 4985 4967 pour

2878 4967 3156 5088 eſſayer
3265 4967 3398 5088 d’un
3495 4967 3665 5088 bras
3749 4967 4040 5088 eſtandu
4161 4967 4221 5088 de
4294 4967 4512 5088 parer
4584 4967 4766 5088 avec
4863 4967 4960 5088 ſon

2880 5095 3264 5212 poignard
3324 5095 3588 5212 l’eſpee
3660 5095 3732 5212 de
3781 5095 3877 5212 ſon
3961 5095 4381 5212 contraire.
4441 5095 4994 5212 ALEXANDRE

2866 5217 2971 5326 au,
3041 5217 3298 5326 meſme
3391 5217 3963 5326 mouvement,
4057 5217 4220 5326 fai
4314 5217 4372 5326 de
4442 5217 4489 5326 ſa
4559 5217 4746 5326 lame
4804 5217 4979 5326 baiſ-

2864 5342 3070 5465 ſante
3162 5342 3299 5465 une
3391 5342 3986 5465 circonference
4089 5342 4135 5465 en
4238 5342 4570 5465 dehors,
4650 5342 4982 5465 eſuitant

2871 5467 2998 5585 peu
3061 5467 3061 5585 à
3124 5467 3239 5585 peu
3327 5467 3378 5585 le
3441 5467 3885 5585 poignard;
3961 5467 4126 5585 puis
4164 5467 4202 5585 il
4265 5467 4430 5585 leve
4481 5467 4532 5585 le
4595 5467 4760 5585 pied
4823 5467 5001 5585 gau-

2878 5591 3034 5705 che,
3154 5591 3154 5705 &
3225 5591 3549 5705 dreſſant
3621 5591 3752 5705 d’un
3848 5591 4099 5705 meſme
4159 5591 4411 5705 temps
4458 5591 4506 5705 le
4578 5591 4794 5705 corps
4866 5591 4997 5705 deſ-

2872 5711 2972 5830 ſus
3034 5711 3084 5830 le
3172 5711 3409 5830 droi
3472 5711 3784 5830 planté,
3846 5711 3884 5830 il
3946 5711 4221 5830 tourne
4296 5711 4346 5830 le
4433 5711 4633 5830 coſté
4696 5711 4983 5830 gauche

2881 5836 2929 5955 en
3036 5836 3394 5955 dehors,
3490 5836 3788 5955 laiſſant
3848 5836 3896 5955 ſa
3979 5836 4206 5955 partie
4290 5836 4469 5955 avec
4576 5836 4982 5955 eſperance

2885 5962 2942 6081 de
3021 5962 3362 6081 pouvoir
3441 5962 3714 6081 encore
3793 5962 4134 6081 toucher
4202 5962 4293 6081 ſon
4406 5962 4611 6081 eſpee
4713 5962 4781 6081 de
4860 5962 4963 6081 ſon

2867 6083 3298 6206 poignard,
3397 6083 3409 6206 &
3471 6083 3520 6206 la
3582 6083 3828 6206 parer;
3902 6083 4198 6206 comme
4260 6083 4296 6206 il
4370 6083 4457 6206 eſt
4543 6083 4987 6206 demonſtré

2861 6216 2994 6333 aux
3067 6216 3382 6333 figures.

3624 3099 3935 3269 Cercle
4121 3099 4370 3269 N.4.

2891 6758 3007 6891 Ainſi
3077 6758 3147 6891 que
3252 6758 3509 6891 Zacharie
3567 6758 3800 6891 pourſuit
3882 6758 3917 6891 de
3975 6758 4185 6891 parer,
4301 6758 4604 6891 Alexandre
4663 6758 4908 6891 continue
4954 6758 4989 6891 la

2988 6887 3369 7019 circonference
3445 6887 3471 7019 de
3534 6887 3598 7019 ſon
3661 6887 3801 7019 eſpee
3865 6887 3941 7019 par
4017 6887 4157 7019 deſſus
4233 6887 4271 7019 ſa
4335 6887 4462 7019 teſte
4614 6887 4614 7019 à
4690 6887 4855 7019 l’ayde
4957 6887 4995 7019 du

4799 7050 4994 7105 move-

2884 3369 3065 3511 Comme
3166 3369 3459 3511 Alexandre
3538 3369 3617 3511 met
3673 3369 3730 3511 ſon
3786 3369 3921 3511 eſpee
3966 3369 4113 3511 ſoubs
4147 3369 4214 3511 les
4271 3369 4384 3511 deux
4451 3369 4620 3511 armes
4677 3369 4710 3511 de
4767 3369 4801 3511 ſa
4868 3369 4992 3511 par-

2983 3494 3134 3633 tie,
3215 3494 3471 3633 Zacharie
3541 3494 3739 3633 s’eſaye
3797 3494 3832 3633 de
3878 3494 3913 3633 la
3959 3494 4111 3633 parer
4169 3494 4273 3633 d’un
4320 3494 4436 3633 bras
4483 3494 4692 3633 eſtandu
4739 3494 4855 3633 avec
4913 3494 4971 3633 ſon

2985 3624 3287 3757 poignard,
3334 3624 3439 3757 mais
3508 3624 3764 3757 Alexand.
3811 3624 3962 3757 eſuite
4008 3624 4090 3757 peu
4148 3624 4148 3757 à
4194 3624 4276 3757 peu
4322 3624 4357 3757 le
4392 3624 4671 3757 poignard
4717 3624 4741 3757 de
4787 3624 4822 3757 ſa
4868 3624 4996 3757 par-

2985 3753 3042 3880 tie
3099 3753 3191 3880 par
3236 3753 3316 3880 une
3374 3753 3797 3880 circonference,
3900 3753 3900 3880 &
3957 3753 4094 3880 laiſſe
4151 3753 4220 3880 ſon
4277 3753 4552 3880 contraire
4609 3753 4643 3880 en
4712 3753 4986 3880 eſperance

3005 3876 3027 3988 de
3095 3876 3274 3988 parer.

3610 6452 3929 6622 Cercle
4133 6452 4406 6622 N.5.

3598 908 3920 1087 Cercle
4126 908 4356 1087 N.3.

652 473 717 610 de
769 473 808 610 la
887 473 1148 610 pointe
1239 473 1291 610 du
1448 473 1761 610 Quadrat
1839 473 1891 610 du
2009 473 2283 610 Cercle,
2335 473 2739 610 penchant

655 610 894 735 deſſus
930 610 990 735 le
1049 610 1265 735 corps
1324 610 1372 735 en
1456 610 1790 735 arriere,
1850 610 1886 735 il
1970 610 2089 735 met
2161 610 2209 735 le
2268 610 2436 735 bras
2507 610 2734 735 droi

627 733 907 860 abaiſſé
956 733 1126 860 avec
1174 733 1223 860 la
1284 733 1502 860 garde
1575 733 1843 860 devant
1904 733 2001 860 ſon
2086 733 2329 860 corps,
2365 733 2402 860 la
2463 733 2742 860 pointe

649 857 709 983 de
769 857 1034 983 l’eſpée
1094 857 1636 983 adcendente,
1672 857 1721 983 le
1781 857 1937 983 bras
2010 857 2299 983 gauche
2347 857 2407 983 un
2479 857 2600 983 peu
2684 857 2744 983 a-

635 982 849 1105 baiſſé
962 982 974 1105 &
1025 982 1364 1105 eſtandu,
1414 982 1452 1105 la
1515 982 1779 1105 pointe
1854 982 1905 1105 du
1993 982 2382 1105 poignard
2445 982 2734 1105 adcen-

649 1104 865 1230 dente
913 1104 973 1230 au
1057 1104 1322 1230 devant
1370 1104 1430 1230 le
1490 1104 1683 1230 coſté
1767 1104 2115 1230 gauche,
2211 1104 2260 1230 de
2320 1104 2512 1230 ſorte
2596 1104 2728 1230 que

623 1231 727 1356 les
774 1231 1088 1356 pointes
1158 1231 1216 1356 de
1262 1231 1367 1356 ſes
1437 1231 1623 1356 deux
1670 1231 1914 1356 lames
1972 1231 2344 1356 viennent
2403 1231 2728 1356 preſque

625 1355 637 1476 à
746 1355 1001 1476 meſme
1049 1355 1437 1476 longeur;
1473 1355 1509 1476 il
1558 1355 1824 1476 attand
1872 1355 2042 1476 ainſi
2090 1355 2127 1476 ſa
2187 1355 2478 1476 partie.
2672 1355 2732 1476 A-

627 1481 1119 1598 LEXANDRE
1187 1481 1633 1598 travaillant
1679 1481 1690 1598 à
1736 1481 2216 1598 l’encontre,
2285 1481 2399 1598 met
2445 1481 2502 1598 le
2559 1481 2730 1598 pied

635 1603 920 1724 gauche
970 1603 1280 1724 pardela
1330 1603 1379 1724 le
1478 1603 1850 1724 Diametre
1900 1603 1912 1724 à
1962 1603 2011 1724 la
2073 1603 2297 1724 lettre
2383 1603 2433 1724 D,
2470 1603 2520 1724 le
2569 1603 2731 1724 bras

676 1727 688 1850 &
725 1727 984 1850 l’eſpee
1045 1727 1045 1850 a
1095 1727 1156 1850 ſõ
1218 1727 1415 1850 coſté
1477 1727 1661 1850 droit
1723 1727 1772 1850 en
1846 1727 2056 1850 angle
2117 1727 2376 1850 obtus,
2413 1727 2573 1850 puis
2635 1727 2746 1850 en-

619 1850 814 1972 trant
888 1850 949 1972 de
998 1850 1218 1972 ſuite,
1266 1850 1303 1972 en
1376 1850 1743 1972 plantant
1792 1850 1841 1972 le
1890 1850 2061 1972 pied
2122 1850 2354 1972 eſlevé
2415 1850 2525 1972 par
2598 1850 2733 1972 dela

608 1977 656 2097 le
764 1977 1137 2097 Diametre
1185 1977 1197 2097 a
1246 1977 1294 2097 la
1354 1977 1583 2097 lettre
1667 1977 1703 2097 L,
1727 1977 1763 2097 il
1847 1977 1968 2097 met
2016 1977 2052 2097 ſa
2112 1977 2305 2097 lame
2365 1977 2497 2097 d’un
2570 1977 2738 2097 bras

622 2098 917 2216 eſtandu
1012 2098 1236 2216 ſoubs
1307 2098 1413 2216 les
1496 2098 1685 2216 deux
1756 2098 1992 2216 lames
2074 2098 2145 2216 de
2216 2098 2251 2216 ſa
2310 2098 2606 2216 partie,
2712 2098 2724 2216 &

619 2226 945 2345 croiſant
992 2226 1213 2345 parce
1295 2226 1539 2345 moyen
1609 2226 1667 2345 le
1783 2226 2214 2345 Diametre,
2284 2226 2319 2345 il
2400 2226 2622 2345 eſuite
2680 2226 2726 2345 le

611 2347 996 2467 poignard
1086 2347 1484 2467 d’iceluy;
1574 2347 1882 2467 comme
1947 2347 1985 2467 la
2049 2347 2294 2467 figure
2358 2347 2422 2467 de
2461 2347 2730 2467 l’eſpée

609 2471 882 2587 peinte
932 2471 1031 2587 ſur
1081 2471 1131 2587 le
1230 2471 1467 2587 Cercle
1554 2471 1902 2587 monſtre.

772 2632 809 2756 Il
872 2632 1033 2756 faut
1095 2632 1269 2756 eſtre
1332 2632 1655 2756 adverti,
1717 2632 2314 2756 qu’Alexandre
2364 2632 2376 2756 à
2463 2632 2562 2756 mis
2612 2632 2712 2756 ſon

619 2759 834 2878 eſpee
894 2759 1133 2878 ſoubs
1205 2759 1312 2878 les
1396 2759 1575 2878 deux
1647 2759 1958 2878 lames,
2065 2759 2113 2878 en
2209 2759 2400 2878 ſorte
2484 2759 2615 2878 que
2675 2759 2723 2878 ſa

611 2878 880 2997 pointe
929 2878 1271 2997 reſpond
1332 2878 1393 2997 au
1491 2878 1686 2997 coſté
1784 2878 2004 2997 droi
2078 2878 2139 2997 de
2212 2878 2249 2997 ſa
2322 2878 2628 2997 partie,
2676 2878 2725 2997 la

605 3004 879 3123 tenant
941 3004 979 3123 ſi
1053 3004 1464 3123 eſlongnée
1539 3004 1589 3123 du
1664 3004 2087 3123 poignard,
2162 3004 2287 3123 que
2336 3004 2374 3123 ſi
2461 3004 2723 3123 Zacha-

609 3127 688 3245 rie
767 3127 1072 3245 vouloit
1140 3127 1309 3245 faire
1399 3127 1738 3245 quelque
1839 3127 2347 3245 mouvement
2415 3127 2607 3245 pour
2674 3127 2708 3245 la

600 3249 816 3364 ſaiſir,
888 3249 1309 3364 Alexandre
1381 3249 1598 3364 avant
1670 3249 1826 3364 qu’il
1862 3249 1911 3364 la
1959 3249 2175 3364 peult
2223 3249 2596 3364 toucher,
2632 3249 2716 3364 ſe-

601 3372 729 3476 roit
783 3372 1081 3476 adverti
1135 3372 1188 3476 au
1273 3372 1988 3476 commencement
2073 3372 2126 3476 du
2233 3372 2713 3476 mouvemẽt,

661 3500 673 3619 &
721 3500 1043 3619 pouroit
1102 3500 1150 3619 au
1258 3500 1508 3619 meſme
1568 3500 1818 3619 temps
1890 3500 2188 3619 entrer,
2296 3500 2296 3619 &
2344 3500 2403 3619 le
2451 3500 2725 3619 bleſſer

601 3621 717 3744 par
794 3621 1154 3744 deſſoubs
1193 3621 1244 3744 le
1296 3621 1682 3744 poignard
1733 3621 1785 3744 le
1824 3621 2017 3744 long
2081 3621 2132 3744 du
2197 3621 2390 3744 bras.

627 4131 922 4279 Alexandre
981 4131 1123 4279 porte
1193 4131 1229 4279 ſa
1276 4131 1406 4279 lame
1453 4131 1489 4279 en
1559 4131 1937 4279 circonference
1996 4131 2220 4279 deſſoubs
2267 4131 2291 4279 le
2362 4131 2622 4279 poignard
2692 4131 2728 4279 de

724 4276 764 4410 ſa
817 4276 1080 4410 partie,
1238 4276 1264 4410 le
1317 4276 1449 4410 bleße
1501 4276 1541 4410 au
1593 4276 1712 4410 coſté
1764 4276 1988 4410 gauche,
2015 4276 2133 4410 ſans
2173 4276 2304 4410 qu’il
2331 4276 2370 4410 la
2423 4276 2568 4410 puiſſe
2620 4276 2725 4410 tou-

715 4411 833 4526 cher
880 4411 915 4526 de
951 4411 1022 4526 ſon
1069 4411 1364 4526 poignard.

1093 4628 1507 4727 ACHARIE
1610 4628 2023 4727 attandant
2149 4628 2723 4727 ALEXANDRE

1060 4754 1417 4879 pourſuit
1465 4754 1512 4879 la
1572 4754 2024 4879 precedent
2084 4754 2548 4879 operation,
2619 4754 2726 4879 en-

1066 4877 1266 5003 trant
1316 4877 1378 5003 un
1453 4877 1578 5003 peu
1665 4877 1715 5003 du
1790 4877 1953 5003 pied
2028 4877 2252 5003 droi
2315 4877 2615 5003 pardela
2677 4877 2727 5003 le

1111 5002 1491 5128 Diametre
1545 5002 1641 5128 ſur
1695 5002 1736 5128 la
1790 5002 1993 5128 ligne
2116 5002 2116 5128 M
2197 5002 2251 5128 T,
2333 5002 2346 5128 &
2414 5002 2740 5128 dreſſant

599 5126 649 5257 le
712 5126 927 5257 corps
1003 5126 1281 5257 deſſus,
1332 5126 1369 5257 il
1420 5126 1698 5257 traiſne
1749 5126 1812 5257 le
1875 5126 2166 5257 gauche
2241 5126 2279 5257 en
2368 5126 2557 5257 rond
2608 5126 2709 5257 (en

608 5248 983 5377 tournant
1031 5248 1080 5377 le
1140 5248 1333 5377 coſté
1406 5248 1684 5377 gauche
1757 5248 1805 5377 en
1890 5248 2204 5377 dehors)
2277 5248 2603 5377 derriere
2676 5248 2724 5377 le

605 5375 889 5506 planté,
938 5375 1258 5506 portant
1307 5375 1873 5506 pareillement
1935 5375 2070 5506 d’un
2144 5375 2317 5506 bras
2403 5375 2698 5506 eſtandu

592 5500 641 5629 ſa
713 5500 907 5629 lame
980 5500 1089 5629 par
1162 5500 1295 5629 une
1380 5500 1987 5629 circonference
2072 5500 2120 5629 au
2217 5500 2399 5629 long
2508 5500 2508 5629 &
2605 5500 2739 5629 deſ-

599 5623 833 5750 ſoubs
885 5623 951 5750 le
1016 5623 1185 5750 bras
1289 5623 1302 5750 &
1355 5623 1420 5750 le
1472 5623 1915 5750 poignard,
2045 5623 2045 5750 &
2110 5623 2332 5750 bleſſe
2384 5623 2423 5750 ſa
2488 5623 2723 5750 partie

620 5746 826 5875 d’une
898 5746 1261 5875 eſtocade
1333 5746 1394 5875 au
1491 5746 1684 5875 coſté
1769 5746 2107 5875 gauche,
2180 5746 2530 5875 plantant
2603 5746 2724 5875 par

609 5868 671 6003 ce
770 5868 1006 6003 moyen
1105 5868 1155 6003 le
1229 5868 1403 6003 pied
1477 5868 1713 6003 eſlevé
1787 5868 1849 6003 au
1949 5868 2184 6003 deſſus
2284 5868 2333 6003 du
2470 5868 2718 6003 Cercle

600 5995 890 6133 proche
940 5995 978 6133 la
1054 5995 1281 6133 lettre
1369 5995 1445 6133 T;
1533 5995 1836 6133 comme
1899 5995 1988 6133 les
2063 5995 2354 6133 figures
2442 5995 2732 6133 enſeig-

602 6160 820 6222 nent.

829 6275 866 6403 Et
941 6275 1292 6403 combien
1392 6275 1517 6403 que
1630 6275 1967 6403 Zacharie
2030 6275 2330 6403 vouluſt
2380 6275 2593 6403 parer
2656 6275 2718 6403 de

600 6401 696 6534 ſon
792 6401 1236 6534 poignard,
1332 6401 1849 6534 neantmoins
1909 6401 1933 6534 il
2005 6401 2077 6534 ne
2137 6401 2197 6534 le
2245 6401 2654 6534 pourroit,
2702 6401 2714 6534 à

617 6526 821 6657 cauſe
917 6526 977 6657 de
1049 6526 1097 6657 la
1169 6526 1457 6657 proche
1529 6526 1902 6657 Inſtance
1986 6526 2046 6657 de
2118 6526 2214 6657 ſon
2310 6526 2526 6657 corps
2598 6526 2598 6657 a
2670 6526 2706 6657 la

611 6648 873 6783 pointe
947 6648 1009 6783 de
1047 6648 1321 6783 l’eſpee
1395 6648 1457 6783 de
1507 6648 1607 6783 ſon
1694 6648 2117 6783 contraire,
2167 6648 2279 6783 qui
2316 6648 2366 6783 le
2428 6648 2727 6783 touche

601 6774 775 6902 auſſi
822 6774 961 6902 toſt
1019 6774 1182 6902 qu’il
1240 6774 1706 6902 commence
1764 6774 1857 6902 ſon
1962 6774 2473 6902 mouvement
2520 6774 2718 6902 pour

604 6896 860 7030 parer.
1052 6896 1116 7030 De
1192 6896 1359 7030 plus
1474 6896 1896 7030 Alexandre
1972 6896 2190 7030 porte
2254 6896 2292 7030 ſa
2369 6896 2560 7030 lame
2637 6896 2688 7030 du
