5479 7714
1342 2797 1658 2973 Cercle
1910 2797 2121 2973 .6.

3545 1607 3856 1788 Cercle
4077 1607 4321 1788 N.8.

1324 4735 1647 4916 Cercle
1884 4735 2143 4916 N.7.

765 3076 1067 3192 Alexandre
1126 3076 1265 3192 bleſſe
1300 3076 1370 3192 ſon
1440 3076 1708 3192 Contraire
1766 3076 1859 3192 d’un
1906 3076 2232 3192 eſtramaçon
2290 3076 2290 3192 à
2336 3076 2371 3192 la
2406 3076 2616 3192 teſte-

1091 3281 1625 3398 LEXANDRE
1706 3281 2251 3398 pourſuyvant
2321 3281 2367 3398 la
2448 3281 2703 3398 prece-

1076 3402 1294 3519 dente
1381 3402 1773 3519 operation
1882 3402 2557 3519 promptement,
2655 3402 2709 3519 a-

1066 3523 1231 3639 vant
1309 3523 1430 3639 que
1485 3523 1541 3639 le
1640 3523 2137 3639 mouvement
2225 3523 2281 3639 de
2336 3523 2380 3639 ſa
2457 3523 2689 3639 partie

1061 3644 1191 3760 ſoit
1250 3644 1427 3760 fini,
1521 3644 1805 3760 marche
1888 3644 1935 3760 en
2030 3644 2313 3760 dedans
2372 3644 2431 3760 du
2526 3644 2691 3760 pied

626 3767 858 3885 droi
919 3767 1248 3885 derriere
1309 3767 1358 3885 le
1431 3767 1651 3885 corps
1736 3767 1797 3885 de
1858 3767 1895 3885 ſa
1968 3767 2237 3885 partie,
2298 3767 2346 3885 le
2395 3767 2688 3885 frapant

618 3888 754 4011 d’un
854 3888 1312 4011 eſtramaçon
1399 3888 1759 4011 diagonal
1796 3888 1858 4011 au
1932 3888 2131 4011 coſté
2218 3888 2441 4011 droi
2528 3888 2590 4011 de
2652 3888 2689 4011 la

612 4011 837 4131 teſte;
908 4011 1205 4131 comme
1253 4011 1288 4131 il
1348 4011 1431 4131 eſt
1526 4011 1834 4131 monſtré
1894 4011 2036 4131 aux
2084 4011 2404 4131 figures.

634 5018 870 5143 Zacbarie
949 5018 971 5143 ſe
1050 5018 1129 5143 met
1219 5018 1252 5143 en
1320 5018 1511 5143 poſture
1590 5018 1770 5143 conme
1837 5018 1882 5143 au
1972 5018 2130 5143 Cercle
2265 5018 2287 5143 N.
2366 5018 2411 5143 1.
2467 5018 2692 5143 excepté

717 5139 847 5261 qu’il
894 5139 906 5261 à
965 5139 988 5261 le
1059 5139 1166 5261 bras
1236 5139 1425 5261 gauche
1508 5139 1709 5261 eſtandu
1827 5139 1827 5261 &
1898 5139 1934 5261 le
2004 5139 2276 5261 poignard
2347 5139 2453 5261 plus
2512 5139 2678 5261 haut,

723 5263 932 5383 laiſſant
990 5263 1025 5383 le
1083 5263 1257 5383 viſage
1339 5263 1641 5383 deſcouvert
1699 5263 1734 5383 en
1827 5263 2001 5383 dehors
2070 5263 2117 5383 du
2187 5263 2500 5383 poignard,
2605 5263 2698 5383 Ale-

730 5390 919 5508 xandre
982 5390 1056 5508 met
1108 5390 1171 5508 ſon
1255 5390 1392 5508 eſpee
1444 5390 1581 5508 entre
1644 5390 1707 5508 les
1780 5390 1896 5508 deux
1948 5390 2106 5508 lames
2169 5390 2200 5508 de
2253 5390 2295 5508 ſa
2347 5390 2515 5508 partie
2578 5390 2683 5508 d’un

716 5509 821 5633 bras
885 5509 1222 5633 moderement
1265 5509 1455 5633 avancé
1550 5509 1550 5633 &
1602 5509 1771 5633 tourné
1813 5509 1845 5633 en
1930 5509 2141 5633 dehors,
2215 5509 2436 5633 croiſant
2500 5509 2616 5633 ainſi
2658 5509 2679 5633 le

757 5637 1088 5727 Diametre.

1070 5835 1486 5960 ACHARIE
1581 5835 1891 5960 s’eſtant
1998 5835 2093 5960 mis
2200 5835 2247 5960 en
2366 5835 2676 5960 poſture

1059 5961 1356 6057 comme
1451 5961 1510 6057 au
1676 5961 1914 6057 Cercle
2056 5961 2092 6057 N.
2175 5961 2211 6057 1.
2329 5961 2686 6057 different

1047 6085 1483 6206 ſeulement
1566 6085 1613 6206 en
1719 6085 1778 6206 ce
1849 6085 2037 6206 qu’en
2143 6085 2190 6206 ce
2320 6085 2556 6206 Cercle
2650 6085 2685 6206 il

1046 6205 1058 6329 à
1119 6205 1181 6329 le
1242 6205 1402 6329 bras
1488 6205 1770 6329 gauche
1856 6205 2224 6329 eſtandu,
2346 6205 2346 6329 &
2420 6205 2469 6329 le
2530 6205 2690 6329 poi-

608 6326 828 6453 gnard
901 6326 963 6453 un
1048 6326 1170 6453 peu
1256 6326 1415 6453 plus
1476 6326 1720 6453 haut,
1806 6326 2075 6453 l’eſpee
2148 6326 2209 6453 au
2307 6326 2576 6453 devant
2637 6326 2674 6453 la

596 6450 1067 6580 poirine,
1154 6450 1439 6580 laiſſant
1538 6450 1587 6580 le
1687 6450 1922 6580 viſage
2046 6450 2505 6580 deſcouvert
2616 6450 2666 6580 en

584 6573 816 6700 ſorte,
877 6573 1072 6700 qu’on
1133 6573 1182 6700 le
1255 6573 1426 6700 void
1500 6573 1548 6700 en
1634 6573 1903 6700 dehors
1988 6573 2037 6700 du
2110 6573 2538 6700 poignard,
2623 6573 2672 6700 le

586 6696 724 6827 nez
838 6696 838 6827 &
888 6696 1090 6827 l’oeil
1140 6696 1430 6827 gauche
1493 6696 1985 6827 reſpondans
2048 6696 2338 6827 pardelà
2388 6696 2439 6827 le
2565 6696 2691 6827 Dia-

615 6821 875 6946 metre;
949 6821 1245 6946 comme
1282 6821 1319 6946 il
1381 6821 1467 6946 eſt
1541 6821 1837 6946 depeint
1887 6821 1998 6946 ſur
2047 6821 2146 6946 ſon
2220 6821 2430 6946 plan,
2504 6821 2541 6946 il
2591 6821 2677 6946 at-

3522 5575 3843 5747 Cercle
4014 5575 4270 5747 N.9.

3312 2704 3763 2845 LEXANDRE
3847 2704 4358 2845 pourſuivant
4441 2704 4893 2845 l’operation

3277 2846 3841 2965 precedente,
3966 2846 4248 2965 marche
4316 2846 4361 2965 en
4474 2846 4756 2965 dedans
4835 2846 4891 2965 du

3281 2968 3449 3089 pied
3533 2968 3713 3089 droit
3785 2968 3833 3089 au
3940 2968 4072 3089 dela
4168 2968 4216 3089 du
4348 2968 4707 3089 Diametre
4779 2968 4791 3089 à
4863 2968 4899 3089 la

3269 3087 3498 3210 lettre
3582 3087 3630 3210 S,
3679 3087 4076 3210 penchant
4137 3087 4185 3210 le
4257 3087 4462 3210 corps
4547 3087 4776 3210 deſſus
4848 3087 4896 3210 en

2843 3211 3166 3334 eſlevant
3213 3211 3261 3334 le
3321 3211 3488 3334 pied
3548 3211 3894 3334 gauche,
4025 3211 4025 3334 &
4097 3211 4407 3334 portant
4491 3211 4921 3334 enſemble-

2859 3329 3044 3453 ment
3093 3329 3363 3453 l’eſpee
3424 3329 3547 3453 d’en
3608 3329 3792 3453 haut
3841 3329 4087 3453 oultre
4185 3329 4197 3453 &
4271 3329 4320 3453 du
4381 3329 4566 3453 long
4627 3329 4676 3453 du
4762 3329 4909 3453 poi-

2847 3455 3124 3577 gnard,
3217 3455 3390 3577 avec
3459 3455 4048 3577 augmentation
4152 3455 4198 3577 du
4290 3455 4752 3577 tordement
4833 3455 4879 3577 du

2829 3577 2986 3698 bras
3106 3577 3118 3698 &
3203 3577 3263 3698 de
3323 3577 3372 3698 la
3456 3577 3673 3698 garde
3734 3577 3782 3698 en
3866 3577 4180 3698 dehors,
4204 3577 4240 3698 il
4288 3577 4506 3698 bleſſe
4554 3577 4650 3698 ſon
4735 3577 4904 3698 con-

2822 3700 3045 3818 traire
3123 3700 3391 3818 (d’une
3469 3700 3725 3818 pointe
3803 3700 4216 3818 tombante
4316 3700 4361 3818 en
4461 3700 4740 3818 dedans
4829 3700 4873 3818 en

2840 3821 3118 3943 courbe
3239 3821 3251 3943 &
3323 3821 3529 3943 façon
3638 3821 3698 3943 de
3770 3821 4169 3943 brocade)
4254 3821 4266 3943 à
4326 3821 4520 3943 l’oeil
4580 3821 4894 3943 gauche;

2833 3942 3126 4067 comme
3184 3942 3278 4067 les
3336 3942 3618 4067 figures
3712 3942 4180 4067 monſtrent,
4297 3942 4309 4067 &
4391 3942 4684 4067 comme
4743 3942 4778 4067 il
4837 3942 4895 4067 ſe

2837 4067 3005 4203 peut
3101 4067 3246 4203 voir
3318 4067 3426 4203 par
3474 4067 3510 4203 la
3558 4067 3751 4203 lame
3823 4067 4075 4203 peinte
4123 4067 4184 4203 au
4268 4067 4629 4203 deſſoubs
4689 4067 4785 4203 ſur
4845 4067 4893 4203 le

2865 4193 3135 4280 Cercle.

2957 4351 2993 4474 Il
3066 4351 3212 4474 faut
3298 4351 3468 4474 eſtre
3541 4351 3834 4474 adverti
3919 4351 4503 4474 qu’Alexandre
4552 4351 4674 4474 tire
4747 4351 4881 4474 d’un

2826 4473 2995 4595 bras
3068 4473 3431 4595 eſtandu,
3504 4473 3758 4595 faiſant
3830 4473 3903 4595 un
3988 4473 4206 4595 angle
4290 4473 4339 4595 du
4448 4473 4605 4595 bras
4738 4473 4750 4595 &
4835 4473 4895 4595 de

2826 4596 3086 4717 l’eſpee
3136 4596 3322 4717 pour
3408 4596 3669 4717 eſuiter
3706 4596 3756 4717 le
3818 4596 4190 4717 poignard
4264 4596 4314 4717 de
4376 4596 4413 4717 ſa
4475 4596 4748 4717 partie,
4810 4596 4896 4717 le-

2839 4720 3013 4840 quel
3100 4720 3273 4840 pour
3360 4720 3571 4840 parer
3633 4720 3646 4840 à
3720 4720 4043 4840 beſoing
4130 4720 4179 4840 de
4266 4720 4440 4840 faire
4514 4720 4576 4840 un
4676 4720 4899 4840 grand

2860 4844 3400 4963 mouvement,
3550 4844 3550 4963 &
3619 4844 3734 4963 par
3826 4844 4321 4963 conſequent
4390 4844 4747 4963 employe
4805 4844 4874 4963 un

2837 4961 3060 5089 grand
3122 4961 3420 5089 temps,
3507 4961 3768 5089 durant
3817 4961 4078 5089 lequel
4202 4961 4202 5089 &
4252 4961 4475 5089 avant
4550 4961 4711 5089 qu’il
4773 4961 4897 5089 ſoit

2822 5085 2992 5207 fini,
3040 5085 3089 5207 le
3174 5085 3355 5207 coup
3440 5085 3525 5207 eſt
3586 5085 3804 5207 porté
3864 5085 4022 5207 ſans
4083 5085 4422 5207 pouvoir
4507 5085 4689 5207 eſtre
4761 5085 4907 5207 ren-

2833 5211 3133 5334 contré:
3214 5211 3272 5334 de
3330 5211 3492 5334 plus
3549 5211 3607 5334 ce
3665 5211 3850 5334 coup
3908 5211 4035 5334 tiré
4092 5211 4139 5334 en
4231 5211 4555 5334 courbe,
4589 5211 4890 5334 trompe

2816 5333 2960 5424 fort
3008 5333 3525 5424 l’adverſaire.

3301 6206 3301 6324 E
3447 6206 3679 6324 Cercle
3789 6206 4130 6324 contient
4203 6206 4240 6324 la
4325 6206 4728 6324 pourſuite
4813 6206 4862 6324 du

3259 6324 3750 6450 precedent.
3956 6324 4504 6450 ALEXANDRE
4596 6324 4882 6450 jettant

3274 6448 3322 6573 en
3405 6448 3596 6573 rond
3643 6448 3703 6573 le
3774 6448 3941 6573 pied
4024 6448 4310 6573 gauche
4418 6448 4644 6573 eſlevé
4751 6448 4894 6573 der-

3260 6570 3446 6694 riere
3493 6570 3551 6694 le
3621 6570 3925 6694 planté,
4006 6570 4053 6694 il
4111 6570 4391 6694 tourne
4473 6570 4543 6694 de
4625 6570 4881 6694 meſme

2803 6700 3054 6822 temps
3114 6700 3174 6822 le
3257 6700 3472 6822 corps
3544 6700 3711 6822 hors
3807 6700 3866 6822 de
3926 6700 3974 6822 la
4022 6700 4392 6822 preſence
4464 6700 4523 6822 de
4571 6700 4607 6822 la
4679 6700 4894 6822 poin-

2808 6826 2869 6968 te
2954 6826 3015 6968 de
3064 6826 3333 6968 l’eſpee
3406 6826 3467 6968 de
3528 6826 3565 6968 ſa
3650 6826 3919 6968 partie:
4029 6826 4029 6968 &
4102 6826 4396 6968 comme
4457 6826 4493 6968 il
4567 6826 4616 6968 va
4689 6826 4884 6968 plan-

4787 6968 4885 7039 ter

777 463 1093 598 mouvement
1150 463 1172 598 du
1229 463 1364 598 bras,
1454 463 1454 598 &
1500 463 1533 598 ſe
1590 463 1804 598 mettant
1861 463 1973 598 dans
2007 463 2064 598 les
2120 463 2616 598 perpendiculaires
2684 463 2718 598 de

762 596 798 724 ſa
845 596 1060 724 partie,
1108 596 1144 724 il
1179 596 1322 724 porte
1358 596 1597 724 enſemble
1644 596 1704 724 ſon
1751 596 1883 724 eſpee
1930 596 1966 724 en
2014 596 2169 724 haut.

1116 813 1514 936 ACHARIE
1608 813 1959 936 pourſuit
2053 813 2358 936 comme
2475 813 2709 936 deſſus

1087 943 1266 1062 avec
1326 943 1422 1062 ſon
1517 943 1899 1062 poignard
1947 943 1983 1062 la
2055 943 2234 1062 lame
2317 943 2389 1062 de
2449 943 2496 1062 ſa
2568 943 2723 1062 par-

1085 1062 1181 1181 tie
1241 1062 1432 1181 pour
1468 1062 1516 1181 la
1587 1062 1850 1181 parer,
1982 1062 1982 1181 &
2042 1062 2340 1181 laiſſant
2412 1062 2711 1181 tomber

1082 1186 1131 1302 le
1191 1186 1410 1302 corps
1470 1186 1640 1302 hors
1725 1186 1785 1302 de
1846 1186 1943 1302 ſon
2040 1186 2307 1302 poids,
2355 1186 2392 1302 il
2452 1186 2707 1302 plante

637 1303 686 1423 le
735 1303 907 1423 pied
1006 1303 1289 1423 gauche
1362 1303 1596 1423 eſlevé
1658 1303 1756 1423 ſur
1805 1303 1867 1423 le
1977 1303 2346 1423 Diametre
2395 1303 2408 1423 à
2469 1303 2518 1423 la
2580 1303 2703 1423 let-

629 1429 726 1528 tre
845 1429 889 1528 R;
954 1429 1008 1528 au
1127 1429 1376 1528 meſme
1474 1429 2026 1528 mouvement,
2102 1429 2709 1528 ALEXANDRE

636 1552 984 1673 pourſuit
1053 1552 1099 1673 la
1180 1552 1667 1673 precedente
1760 1552 2362 1673 circonference
2420 1552 2605 1673 avec
2663 1552 2709 1673 ſa

626 1674 876 1790 lame,
989 1674 1000 1790 &
1057 1674 1522 1790 continuant
1578 1674 1635 1790 le
1680 1674 2202 1790 tournement
2270 1674 2326 1790 du
2406 1674 2644 1790 corps,
2678 1674 2712 1790 il

622 1796 813 1918 jette
884 1796 932 1918 en
1016 1796 1194 1918 rond
1242 1796 1290 1918 le
1349 1796 1516 1918 pied
1588 1796 1874 1918 gauche
1945 1796 2172 1918 eſlevé
2255 1796 2577 1918 derriere
2661 1796 2708 1918 le

635 1916 917 2038 planté,
966 1916 1259 2038 laiſſant
1308 1916 1480 2038 aller
1517 1916 1566 2038 (à
1627 1916 1859 2038 l’ayde
1933 1916 1982 2038 du
2080 1916 2582 2038 mouvement
2643 1916 2692 2038 du

626 2042 852 2162 bras)
915 2042 1015 2162 ſon
1115 2042 1316 2162 eſpée
1379 2042 1492 2162 par
1579 2042 1818 2162 deſſus
1880 2042 1918 2162 ſa
1993 2042 2244 2162 teſte,
2370 2042 2382 2162 &
2445 2042 2495 2162 ſe
2595 2042 2708 2162 met

650 2162 801 2284 dans
859 2162 964 2284 les
1034 2162 1767 2284 perpendiculaires
1849 2162 1954 2284 des
2012 2162 2198 2284 deux
2245 2162 2489 2284 lames
2547 2162 2606 2284 de
2664 2162 2699 2284 ſa

635 2284 910 2406 partie;
973 2284 1136 2406 puis
1211 2284 1562 2406 plantant
1625 2284 1675 2406 le
1738 2284 1913 2406 pied
1988 2284 2214 2406 eſlevé
2277 2284 2578 2406 pardelà
2703 2284 2715 2406 &

622 2406 802 2529 hors
886 2406 934 2529 du
1054 2406 1330 2529 Cercle,
1378 2406 1414 2529 il
1474 2406 1690 2529 porte
1750 2406 2147 2529 enſemble
2195 2406 2291 2529 ſon
2375 2406 2567 2529 eſpee
2627 2406 2675 2529 en

629 2526 833 2652 haut;
882 2526 1171 2652 comme
1219 2526 1255 2652 il
1303 2526 1568 2652 appert
1616 2526 1761 2652 aux
1797 2526 2122 2652 figures.

2841 5877 3128 5993 Alexandre
3173 5877 3416 5993 eſuivant
3482 5877 3515 5993 la
3571 5877 3736 5993 pointe
3814 5877 3847 5993 de
3902 5877 3935 5993 ſa
4002 5877 4234 5993 partie,
4333 5877 4610 5993 augmente
4665 5877 4720 5993 ſon
4776 5877 4886 5993 coup

2923 5993 3212 6127 precedent
3257 5993 3257 6127 à
3301 5993 3523 6127 travers
3557 5993 3590 6127 la
3634 5993 3757 6127 teſte
3812 5993 4034 6127 d’iceluy.

2875 480 3038 604 tand
3096 480 3259 604 ainſi
3305 480 3340 604 ſa
3398 480 3666 604 partie.
3759 480 4398 604 ALEXANDRE
4479 480 4747 604 venant
4805 480 4933 604 tra-

2874 605 3121 737 vailler
3180 605 3191 737 à
3250 605 3767 737 l’encontre,
3850 605 4108 737 plante
4167 605 4226 737 le
4296 605 4461 737 pied
4520 605 4696 737 avec
4755 605 4943 737 pen-

2879 730 3237 854 chement
3295 730 3353 854 du
3434 730 3641 854 corps
3722 730 4022 854 comme
4069 730 4126 854 au
4253 730 4484 854 Cercle
4600 730 4634 854 N.
4669 730 4704 854 1.
4784 730 4923 854 mais

2853 855 2959 978 icy
3030 855 3065 978 il
3148 855 3277 978 met
3336 855 3430 978 ſon
3524 855 3725 978 eſpee
3783 855 3972 978 (d’un
4054 855 4219 978 bras
4301 855 4819 978 moderement
4878 855 4925 978 a-

2863 979 3131 1103 vancé,
3247 979 3259 1103 &
3306 979 3585 1103 tourné
3667 979 3713 1103 en
3818 979 4144 1103 dehors)
4202 979 4237 1103 la
4318 979 4586 1103 pointe
4656 979 4924 1103 adcen-

2867 1098 3075 1226 dente
3144 1098 3341 1226 entre
3387 1098 3479 1226 les
3548 1098 3733 1226 deux
3779 1098 4010 1226 lames
4068 1098 4137 1226 de
4183 1098 4229 1226 ſa
4287 1098 4553 1226 partie,
4610 1098 4922 1226 croiſant

2848 1223 3017 1352 ainſi
3053 1223 3113 1352 le
3198 1223 3596 1352 Diametre;
3681 1223 3971 1352 comme
4007 1223 4285 1352 l’eſpee
4333 1223 4598 1352 peinte
4647 1223 4707 1352 au
4792 1223 4924 1352 deſ-

2842 1342 3066 1441 ſoubs
3126 1342 3173 1441 le
3279 1342 3611 1441 monſtre.

2872 1885 3162 2012 Alexandre
3206 1885 3340 2012 porte
3385 1885 3429 2012 ſa
3474 1885 3597 2012 lame
3652 1885 3686 2012 du
3742 1885 3842 2012 long
3898 1885 3942 2012 du
3987 1885 4288 2012 poignard,
4344 1885 4455 2012 avec
4500 1885 4902 2012 augmentation

2966 2008 3002 2134 du
3048 2008 3341 2134 tordement
3400 2008 3435 2134 du
3482 2008 3587 2134 bras
3751 2008 3775 2134 de
3822 2008 3857 2134 la
3915 2008 4056 2134 garde
4114 2008 4150 2134 en
4208 2008 4395 2134 dehors,
4489 2008 4489 2134 &
4536 2008 4677 2134 bleſſe
4712 2008 4759 2134 ſa
4794 2008 4923 2134 par-

2954 2128 3018 2261 tie
3061 2128 3232 2261 (d’une
3275 2128 3435 2261 pointe
3478 2128 3745 2261 tombante
3788 2128 3820 2261 en
3884 2128 4065 2261 dedans
4108 2128 4140 2261 en
4194 2128 4365 2261 courle
4461 2128 4461 2261 &
4514 2128 4643 2261 façon
4728 2128 4760 2261 de
4803 2128 4910 2261 bro-

2955 2252 3114 2383 cade)
3162 2252 3162 2383 à
3211 2252 3345 2383 l’oeil
3381 2252 3673 2383 gauche,
3734 2252 3856 2383 ſans
3892 2252 3977 2383 que
4026 2252 4062 2383 ſa
4123 2252 4294 2383 partie
4342 2252 4488 2383 puiſſe
4561 2252 4695 2383 parer
4756 2252 4792 2383 de
4841 2252 4902 2383 ſon

2953 2375 3277 2503 poignard,
3377 2375 3389 2503 a
3444 2375 3590 2503 cauſe
3668 2375 3690 2503 du
3780 2375 3936 2503 grand
4003 2375 4317 2503 mouvement
4372 2375 4495 2503 qu’il
4551 2375 4618 2503 luy
4674 2375 4909 2503 convient

2964 2506 3164 2614 faire.
