5479 7714
1363 1167 1676 1366 Cercle
1989 1167 2190 1366 .10.

3576 3584 3894 3759 Cercle
4122 3584 4440 3759 &12.

1370 3639 1698 3811 Cercle
1909 3639 2167 3811 N.11.

3384 4203 3498 4332 Ecy
3586 4203 3662 4332 eſt
3750 4203 3801 4332 la
3889 4203 4292 4332 pourſuite
4393 4203 4456 4332 de
4544 4203 4998 4332 l’operation

3345 4334 3884 4454 precedente.
4072 4334 4646 4454 ALEXANDRE
4728 4334 5010 4454 jettant

3359 4458 3407 4582 en
3501 4458 3690 4582 rond
3749 4458 3796 4582 le
3855 4458 4020 4582 pied
4103 4458 4386 4582 gauche
4457 4458 4682 4582 eſlevé
4741 4458 4811 4582 un
4894 4458 5012 4582 pas

3366 4580 3698 4699 derriere
3772 4580 3821 4699 le
3882 4580 4128 4699 planté
4202 4580 4496 4699 pardelà
4619 4580 4619 4699 &
4693 4580 4865 4699 hors
4939 4580 4988 4699 du

2939 4702 3236 4829 Cercle,
3296 4702 3331 4829 il
3391 4702 3677 4829 tourne
3760 4702 3891 4829 d’un
4010 4702 4260 4829 meſme
4331 4702 4581 4829 temps
4653 4702 4712 4829 le
4796 4702 5010 4829 corps

2951 4827 2963 4952 &
3014 4827 3064 4952 le
3139 4827 3328 4952 coſté
3404 4827 3693 4952 gauche
3756 4827 3932 4952 hors
3982 4827 4033 4952 la
4096 4827 4460 4952 preſence
4536 4827 4599 4952 de
4637 4827 4687 4952 la
4750 4827 5014 4952 pointe

2904 4953 2975 5078 de
3033 4953 3069 5078 ſa
3139 4953 3445 5078 partie,
3539 4953 4080 5078 augmentant
4150 4953 4244 5078 ſon
4315 4953 4750 5078 precedent
4820 4953 5008 5078 coup

2898 5075 3081 5201 (d’un
3179 5075 3338 5201 bras
3411 5075 3704 5201 eſtandu
3778 5075 3961 5201 avec
4022 5075 4071 5201 la
4132 5075 4413 5201 cheute
4511 5075 4560 5201 du
4670 5075 4951 5201 corps)
5000 5075 5012 5201 à

2897 5201 3197 5326 travers
3281 5201 3329 5326 la
3437 5201 3617 5326 teſte
3713 5201 4061 5326 d’iceluy;
4133 5201 4433 5326 comme
4517 5201 4625 5326 les
4721 5201 5009 5326 figures

2932 5325 3384 5446 monſtrent.
3491 5325 3526 5446 Il
3598 5325 3753 5446 faut
3848 5325 4228 5446 entendre
4312 5325 5014 5446 qu’ALEXANDRE

2911 5451 3216 5577 entrant
3313 5451 3362 5577 du
3472 5451 3642 5577 pied
3728 5451 4020 5577 droi,
4179 5451 4191 5577 &
4289 5451 4593 5577 mettant
4667 5451 4715 5577 le
4788 5451 5008 5577 corps

2922 5574 3089 5701 dans
3137 5574 3244 5701 les
3304 5574 4055 5701 perpendiculaires
4139 5574 4246 5701 des
4294 5574 4545 5701 lames
4616 5574 4676 5701 de
4736 5574 4771 5701 ſa
4855 5574 5010 5701 par-

2896 5700 3021 5825 tie,
3067 5700 3502 5825 augmente
3570 5700 3948 5825 derechef
3993 5700 4096 5825 ſon
4176 5700 4359 5825 coup
4428 5700 4611 5825 avec
4702 5700 5011 5825 mouve-

2923 5824 3112 5937 ment
3195 5824 3254 5937 de
3325 5824 3762 5937 concluſion
3856 5824 4152 5937 comme
4211 5824 4270 5937 au
4376 5824 4613 5937 Cercle
4719 5824 4754 5937 N.
4790 5824 4884 5937 10,
5002 5824 5014 5937 &

2900 5947 3192 6075 pource
3281 5947 3433 6075 qu’il
3510 5947 3598 6075 eſt
3662 5947 3700 6075 la
3789 5947 4144 6075 depeint,
4233 5947 4271 6075 il
4310 5947 4322 6075 à
4411 5947 4538 6075 eſté
4614 5947 4856 6075 obmis
4945 5947 4995 6075 en

2919 6081 3173 6200 ceſtuy
3253 6081 3360 6200 cy.

646 3928 900 4066 Zacharie
969 3928 1004 4066 ſe
1073 3928 1142 4066 met
1188 3928 1223 4066 en
1292 3928 1488 4066 poſture
1557 3928 1730 4066 comme
1788 3928 1834 4066 au
1904 3928 2054 4066 Cercle
2169 3928 2204 4066 N.
2250 3928 2284 4066 7.
2342 3928 2734 4066 exceptéquen

732 4055 863 4188 celuy
911 4055 982 4188 cy,
1006 4055 1042 4188 le
1078 4055 1161 4188 nez
1256 4055 1256 4188 &
1304 4055 1435 4188 l’oeil
1483 4055 1673 4188 gauche
1721 4055 1757 4188 ſe
1804 4055 1983 4188 voyent
2031 4055 2066 4188 en
2126 4055 2317 4188 dedans
2376 4055 2412 4188 du
2471 4055 2757 4188 poignard,

778 4177 1065 4318 Alexandre
1111 4177 1295 4318 tourne
1341 4177 1375 4318 en
1444 4177 1628 4318 dedans
1674 4177 1697 4318 le
1743 4177 1857 4318 bras
1892 4177 2099 4318 eſtandu
2168 4177 2512 4318 l’eſloignant
2569 4177 2604 4318 de
2661 4177 2753 4318 ſoy,

785 4302 785 4444 &
859 4302 1054 4444 faiſant
1115 4302 1322 4444 d’iceluy
1420 4302 1432 4444 &
1493 4302 1517 4444 de
1591 4302 1774 4444 l’eſpee
1835 4302 1920 4444 une
1993 4302 2262 4444 courle,
2347 4302 2457 4444 avec
2518 4302 2750 4444 laquelle

738 4426 764 4564 il
830 4426 961 4564 bleſſe
1039 4426 1078 4564 ſa
1144 4426 1314 4564 partie
1379 4426 1392 4564 à
1458 4426 1588 4564 l’oeil
1654 4426 1863 4564 gauche,
1915 4426 2020 4564 ſans
2085 4426 2216 4564 qu’il
2281 4426 2425 4564 puiſſe
2504 4426 2648 4564 parer
2726 4426 2765 4564 de

739 4570 814 4690 ſon
864 4570 1152 4690 poignard.

1131 4756 1131 4898 E
1258 4756 1501 4898 Cercle
1578 4756 1821 4898 prend
1884 4756 1974 4898 ſon
2076 4756 2370 4898 origine
2459 4756 2561 4898 des
2638 4756 2753 4898 po-

1091 4888 1335 5017 ſtures
1457 4888 1457 5017 &
1530 4888 1993 5017 operations
2079 4888 2128 5017 du
2250 4888 2494 5017 Cercle
2616 4888 2652 5017 N.
2701 4888 2750 5017 7.

1116 5013 1472 5147 different
1545 5013 1594 5147 en
1680 5013 1741 5147 ce
1802 5013 1998 5147 qu’en
2060 5013 2354 5147 iceluy,
2427 5013 2439 5147 Z
2501 5013 2758 5147 AcHA-

1114 5138 1220 5267 RIE
1290 5138 1477 5267 tient
1547 5138 1641 5267 ſon
1723 5138 2121 5267 poignard
2202 5138 2249 5267 en
2331 5138 2624 5267 dedans
2670 5138 2764 5267 re-

617 5260 1014 5401 ſpondant
1075 5260 1123 5401 au
1219 5260 1388 5401 deça
1472 5260 1532 5401 du
1641 5260 2050 5401 Diametre,
2111 5260 2159 5401 en
2231 5260 2436 5401 ſorte
2508 5260 2641 5401 que
2701 5260 2749 5401 le

616 5386 759 5523 nez
878 5386 878 5523 &
925 5386 1128 5523 l’oeil
1187 5386 1485 5523 gauche
1545 5386 1604 5523 ſe
1687 5386 1985 5523 voyent
2057 5386 2223 5523 hors
2307 5386 2378 5523 de
2437 5386 2485 5523 la
2557 5386 2747 5523 lame

642 5510 692 5653 du
782 5510 1252 5653 poignard:
1405 5510 1405 5653 &
1507 5510 1545 5653 en
1647 5510 1901 5653 ceſtuy
1978 5510 2041 5653 cy
2080 5510 2118 5653 il
2181 5510 2372 5653 tient
2436 5510 2538 5653 ſon
2614 5510 2767 5653 poi-

642 5638 863 5776 gnard
924 5638 973 5776 en
1072 5638 1416 5776 dehors,
1514 5638 2006 5776 reſpondant
2129 5638 2129 5776 &
2202 5638 2301 5776 ſur
2362 5638 2473 5776 ſon
2571 5638 2755 5776 coſté

639 5765 930 5901 gauche
1015 5765 1319 5901 perdelà
1428 5765 1476 5901 du
1634 5765 2070 5901 Diametre;
2155 5765 2446 5901 comme
2507 5765 2556 5901 le
2604 5765 2762 5901 poi-

647 5887 863 6026 gnard
927 5887 1130 6026 peint
1194 5887 1308 6026 ſur
1372 5887 1423 6026 le
1538 5887 1779 6026 Cercle
1843 5887 1894 6026 le
1996 5887 2365 6026 monſtré,
2441 5887 2492 6026 de
2556 5887 2747 6026 ſorte

636 6010 775 6147 que
813 6010 1014 6147 l’oeil
1077 6010 1367 6147 gauche
1418 6010 1481 6147 ſe
1544 6010 1708 6147 void
1771 6010 1821 6147 en
1910 6010 2124 6147 dedãs
2200 6010 2250 6147 du
2326 6010 2754 6147 poignard.

658 6135 1247 6258 ALEXANDRE
1316 6135 1755 6258 travaillant
1825 6135 1825 6258 à
1882 6135 2379 6258 l’encontre,
2471 6135 2749 6258 marche

637 6251 699 6394 un
785 6251 897 6394 peu
1008 6251 1058 6394 du
1132 6251 1306 6394 pied
1392 6251 1628 6394 droi
1702 6251 1751 6394 en
1851 6251 2135 6394 dedans
2222 6251 2346 6394 par
2433 6251 2569 6394 dela
2680 6251 2730 6394 du

669 6379 1046 6521 Diametre
1111 6379 1215 6521 ſur
1253 6379 1292 6521 la
1370 6379 1565 6521 ligne
1669 6379 1682 6521 L
1799 6379 1864 6521 Q,
1941 6379 2344 6521 penchant
2409 6379 2461 6521 le
2539 6379 2746 6521 corps

653 6503 922 6644 deſſus,
1032 6503 1032 6644 &
1106 6503 1155 6644 en
1252 6503 1583 6644 eſlevant
1644 6503 1693 6644 le
1778 6503 2109 6644 gauche,
2145 6503 2182 6644 il
2231 6503 2512 6644 tourne
2598 6503 2732 6644 d’un

661 6628 911 6768 meſme
994 6628 1244 6768 temps
1315 6628 1363 6768 en
1470 6628 1756 6768 dedans
1815 6628 1863 6768 le
1934 6628 2089 6768 bras
2161 6628 2530 6768 eſtandu,
2589 6628 2744 6768 l’eſ-

629 6754 1024 6897 lougnant
1113 6754 1177 6897 de
1228 6754 1343 6897 ſoy
1419 6754 1572 6897 vers
1623 6754 1674 6897 le
1763 6754 1941 6897 coſté
2018 6754 2298 6897 gauche
2374 6754 2438 6897 de
2502 6754 2540 6897 ſa
2604 6754 2756 6897 par-

636 6880 760 7019 tie;
809 6880 982 7019 puis
1044 6880 1427 7019 avançant
1501 6880 1550 7019 en
1636 6880 1822 7019 ceſte
1883 6880 2081 7019 ſorte
2130 6880 2167 7019 la
2241 6880 2451 7019 garde
2525 6880 2575 7019 en
2661 6880 2760 7019 de-

2935 409 3123 559 dans,
3186 409 3211 559 il
3273 409 3461 559 jetté
3511 409 3624 559 par
3687 409 3737 559 le
3837 409 4350 559 mouvement
4425 409 4476 559 du
4563 409 4889 559 poignet
4964 409 5001 559 ſa

2909 555 3181 680 pointe
3243 555 3280 680 en
3366 555 3688 680 dehors,
3749 555 4009 680 faiſant
4083 555 4244 680 ainſi
4305 555 4478 680 avec
4528 555 4799 680 l’eſpee
4911 555 4911 680 &
4960 555 5010 680 le

2905 678 3076 808 bras
3156 678 3440 808 eſtandu
3531 678 3577 808 en
3679 678 3963 808 dedans
4043 678 4180 808 une
4271 678 4612 808 courbe,
4680 678 4862 808 avec
4931 678 5022 808 la-

2917 804 3160 930 quelle
3246 804 3368 930 (au
3502 804 3758 930 meſme
3831 804 4148 930 temps)
4233 804 4270 930 il
4331 804 4562 930 bleſſe
4635 804 4733 930 ſon
4842 804 5013 930 con-

2904 932 3128 1056 traire
3202 932 3202 1056 à
3276 932 3462 1056 l’oeil
3536 932 3896 1056 gauche;
3995 932 4292 1056 comme
4367 932 4466 1056 les
4540 932 4825 1056 figures
4912 932 5011 1056 en-

2903 1050 3280 1172 ſeignent.

3026 1230 3061 1356 Il
3108 1230 3260 1356 faut
3307 1230 3529 1356 noter
3600 1230 3728 1356 que
3799 1230 3857 1356 ce
3916 1230 4103 1356 coup
4173 1230 4255 1356 eſt
4302 1230 4478 1356 tout
4560 1230 4935 1356 contraire
4993 1230 5005 1356 à

2911 1352 3113 1478 celuy
3189 1352 3239 1478 du
3353 1352 3592 1478 Cercle
3706 1352 3744 1478 N.
3807 1352 3844 1478 8.
3908 1352 3958 1478 ou
4071 1352 4273 1478 Alex.
4324 1352 4336 1478 à
4387 1352 4614 1478 bleſſé
4664 1352 4702 1478 ſa
4765 1352 5005 1478 partie

2907 1477 3123 1609 d’une
3207 1477 3484 1609 courbe
3544 1477 3652 1609 par
3701 1477 3749 1609 le
3821 1477 4097 1609 dehors
4158 1477 4206 1609 du
4278 1477 4699 1609 poignard,
4723 1477 4783 1609 le
4843 1477 5000 1609 bras

2896 1600 3178 1709 tourné
3263 1600 3313 1709 en
3398 1600 3717 1709 dehors:
3815 1600 3913 1709 Car
3974 1600 4023 1709 en
4109 1600 4171 1709 ce
4269 1600 4514 1709 Cercle
4563 1600 4600 1709 il
4649 1600 4710 1709 le
4771 1600 5004 1709 bleſſe

2889 1729 3074 1858 avec
3109 1729 3155 1858 la
3224 1729 3513 1858 courbe
3570 1729 3628 1858 en
3709 1729 3997 1858 dedans
4055 1729 4113 1858 du
4194 1729 4621 1858 poignard,
4678 1729 4725 1858 en
4794 1729 5002 1858 tour-

2883 1854 3064 1975 nant
3110 1854 3166 1975 le
3223 1854 3393 1975 bras
3449 1854 3495 1975 en
3585 1854 3902 1975 dedans.
4072 1854 4186 1975 Ces
4265 1854 4457 1975 deux
4537 1854 5001 1975 operations

2897 1973 3128 2108 eſtant
3189 1973 3348 2108 bien
3421 1973 3641 2108 faites
3714 1973 4153 2108 trompent,
4263 1973 4263 2108 &
4324 1973 4678 2108 peuvent
4751 1973 5007 2108 dificil-

2885 2100 3174 2234 lement
3236 2100 3412 2234 eſtré
3462 2100 3726 2234 parées
3788 2100 3839 2234 du
3914 2100 4340 2234 poignard;
4403 2100 4466 2234 de
4516 2100 4717 2234 ſorte
4792 2100 5018 2234 qu’el-

2883 2225 2977 2350 les
3072 2225 3238 2350 ſont
3333 2225 3854 2350 grandement
3948 2225 4422 2350 neceſſaires
4505 2225 4505 2350 à
4612 2225 4837 2350 ceux,
4896 2225 5014 2350 qui

2884 2351 3062 2479 avec
3110 2351 3384 2479 l’eſpee
3455 2351 3646 2479 ſeule
3729 2351 4038 2479 veulent
4110 2351 4157 2479 ſe
4240 2351 4645 2479 preſenter
4740 2351 5002 2479 contre

2885 2474 3158 2603 l’eſpee
3270 2474 3270 2603 &
3320 2474 3370 2603 le
3419 2474 3855 2603 poignard,
3892 2474 4116 2603 ayant
4178 2474 4812 2603 premierement
4862 2474 5011 2603 pris

2899 2598 3117 2726 garde
3194 2598 3258 2726 de
3322 2598 3489 2726 quel
3565 2598 3758 2726 coſté
3847 2598 3899 2726 du
3988 2598 4373 2726 poignard
4449 2598 4642 2726 l’oeil
4706 2598 5000 2726 gauche

2911 2723 2972 2847 de
3033 2723 3193 2847 leur
3267 2723 3501 2847 partie
3562 2723 3611 2847 ſe
3697 2723 3931 2847 void;
4017 2723 4140 2847 afin
4251 2723 4730 2847 d’employer
4804 2723 4976 2847 ſelon

2881 2843 3388 2971 l’occurence
3446 2843 3630 2971 l’une
3700 2843 3757 2971 ou
3826 2843 4080 2971 l’autre
4161 2843 4483 2971 courbe,
4530 2843 4714 2971 pour
4783 2843 5002 2971 effec-

2891 2973 3050 3101 tuer
3095 2973 3254 3101 leur
3323 2973 3505 3101 coup
3561 2973 3743 3101 avec
3800 2973 4209 3101 avantage.
4334 2973 4448 3101 Ces
4516 2973 4698 3101 deux
4766 2973 4994 3101 coups

2881 3092 3244 3220 peuvent
3303 3092 3467 3220 auſſi
3525 3092 3701 3220 eſtre
3759 3092 4193 3220 executez,
4240 3092 4427 3220 quãd
4474 3092 4521 3220 le
4579 3092 4755 3220 pied
4813 3092 5001 3220 droit

2899 3216 2984 3342 eſt
3082 3216 3179 3342 mis
3276 3216 3543 3342 devant
3628 3216 3677 3342 en
3750 3216 3798 3342 la
3871 3216 4078 3342 place
4151 3216 4199 3342 ou
4284 3216 4333 3342 le
4418 3216 4697 3342 gauche
4770 3216 4855 3342 eſt
4904 3216 5001 3342 ſur

2900 3340 2962 3432 ce
3074 3340 3347 3432 Cercle.

679 1476 959 1600 Alexandre
1022 1476 1303 1600 augmente
1365 1476 1604 1600 derechef
1667 1476 1729 1600 ſon
1802 1476 1916 1600 coup
1989 1476 2103 1600 avec
2166 1476 2478 1600 mouvement
2551 1476 2582 1600 de
2644 1476 2748 1600 con-

748 1609 955 1726 cluſion,
1020 1609 1173 1726 apres
1216 1609 1379 1726 s’eſtre
1445 1609 1510 1726 mis
1564 1609 1673 1726 dans
1717 1609 1771 1726 les
1815 1609 2316 1726 perpendiculaires
2381 1609 2446 1726 des
2501 1609 2653 1726 lames
2718 1609 2751 1726 de

752 1738 789 1854 ſa
861 1738 1067 1854 partie.

1119 1939 1625 2083 LEXANDRE
1698 1939 2047 2083 pourſuit
2096 1939 2747 2083 promptement,

1148 2083 1148 2204 &
1254 2083 1539 2204 marche
1610 2083 1669 2204 un
1764 2083 1882 2204 pas
1965 2083 2024 2204 du
2107 2083 2284 2204 pied
2367 2083 2604 2204 droi
2675 2083 2722 2204 en

1101 2210 1377 2330 dedans
1449 2210 1713 2330 (ayant
1797 2210 1845 2330 le
1917 2210 2086 2330 bras
2170 2210 2470 2330 eſtandu
2626 2210 2626 2330 &
2686 2210 2734 2330 le

1104 2333 1327 2456 corps
1386 2333 1726 2456 avancé)
1797 2333 1855 2456 le
1926 2333 2278 2456 plantant
2337 2333 2395 2456 au
2501 2333 2747 2456 deſſus

642 2456 705 2582 de
831 2456 1071 2582 Cercle
1146 2456 1146 2582 à
1209 2456 1260 2582 la
1310 2456 1537 2582 lettre
1650 2456 1701 2582 Y,
1751 2456 1789 2582 il
1852 2456 1902 2582 ſe
1991 2456 2104 2582 met
2180 2456 2747 2582 pareillement

648 2582 815 2701 dans
863 2582 970 2701 les
1041 2582 1793 2701 perpendiculaires
1888 2582 2007 2701 des
2079 2582 2269 2701 deux
2353 2582 2591 2701 lames
2675 2582 2734 2701 de

626 2707 674 2827 ſa
746 2707 1022 2827 partie,
1142 2707 1142 2827 &
1226 2707 1658 2827 augmente
1754 2707 2115 2827 derechef
2175 2707 2271 2827 ſon
2379 2707 2739 2827 eſtocade

619 2830 807 2970 avec
912 2830 1416 2970 mouvement
1498 2830 1557 2970 de
1639 2830 2119 2970 concluſion;
2190 2830 2494 2970 comme
2541 2830 2576 2970 il
2635 2830 2752 2970 ap-

631 2960 792 3076 pert
866 2960 977 3076 par
1039 2960 1138 3076 les
1200 2960 1534 3076 figures.

649 418 754 547 ter
813 418 859 547 le
941 418 1105 547 pied
1176 418 1246 547 un
1351 418 1468 547 pas
1562 418 1937 547 mediocre
2030 418 2077 547 en
2206 418 2522 547 dedans,
2592 418 2768 547 hors

709 544 721 670 &
781 544 1093 670 pardela
1189 544 1237 670 du
1357 544 1670 670 Cercle,
1778 544 1826 670 en
1910 544 2306 670 penchant
2391 544 2439 670 le
2547 544 2751 670 corps

666 667 930 799 deſſus,
966 667 1002 799 il
1050 667 1494 799 augmente
1566 667 1698 799 d’un
1770 667 1926 799 bras
1998 667 2298 799 eſtandu
2382 667 2478 799 ſon
2574 667 2754 799 coup

654 796 1100 922 precedent
1159 796 1171 922 à
1241 796 1534 922 travers
1581 796 1617 922 la
1675 796 1863 922 teſte
1957 796 2016 922 de
2075 796 2110 922 ſa
2192 796 2497 922 partie;
2568 796 2767 922 com-

685 921 757 1050 me
817 921 913 1050 les
985 921 1261 1050 figures
1357 921 1813 1050 monſtrent.

4783 6856 5017 6950 Cercle

2924 3874 3219 3993 Alexandre
3310 3874 3594 3993 augmente
3662 3874 3719 3993 ſon
3787 3874 3901 3993 coup
3991 3874 4264 3993 precedent
4332 3874 4332 3993 à
4400 3874 4627 3993 travers
4684 3874 4718 3993 la
4786 3874 4900 3993 teſte
4979 3874 5013 3993 de

3013 4003 3049 4115 ſa
3122 4003 3378 4115 partie.
