5479 7714
3140 1549 3434 1672 Alexandre
3478 1549 3761 1672 augmente
3815 1549 4044 1672 derechef
4099 1549 4153 1672 ſon
4208 1549 4317 1672 coup
4382 1549 4677 1672 precedent.

3346 1755 3468 1877 Ecy
3553 1755 3626 1877 eſt
3674 1755 3711 1877 la
3784 1755 4184 1877 pourſuite
4306 1755 4306 1877 &
4379 1755 4791 1877 execution
4876 1755 4937 1877 fi-

3312 1880 3471 2005 nale
3540 1880 3597 2005 de
3643 1880 3688 2005 la
3746 1880 4237 2005 precedente
4316 1880 4750 2005 operation.
4876 1880 4933 2005 A-

3329 2003 3825 2115 LEXANDRE
3894 2003 4183 2115 jettant
4252 2003 4425 2115 auſſi
4506 2003 4644 2115 toſt
4714 2003 4944 2115 circu-

3315 2121 3728 2242 lairement
3776 2121 3823 2242 le
3894 2121 4047 2242 pied
4142 2121 4414 2242 gauche
4496 2121 4721 2242 eſlevé
4804 2121 4946 2242 der-

2874 2243 3043 2371 riere
3104 2243 3152 2371 le
3213 2243 3455 2371 planté
3515 2243 3842 2371 pardeçà
3902 2243 3951 2371 le
4047 2243 4350 2371 Cercle,
4434 2243 4833 2371 penchant
4870 2243 4930 2371 le

2874 2362 3088 2486 corps
3147 2362 3421 2486 deſſus,
3504 2362 3516 2486 &
3564 2362 3611 2486 ſe
3659 2362 3992 2486 logeant
4051 2362 4218 2486 dans
4254 2362 4361 2486 les
4408 2362 4932 2486 perpendicu-

2861 2485 3069 2614 laires
3150 2485 3266 2614 des
3323 2485 3508 2614 deux
3555 2485 3786 2614 lames
3878 2485 3936 2614 de
3982 2485 4028 2614 ſa
4086 2485 4363 2614 partie,
4421 2485 4456 2614 il
4502 2485 4930 2614 augmente

2879 2606 3241 2726 derechef
3296 2606 3394 2726 ſon
3504 2606 3680 2726 coup
3756 2606 4195 2726 precedent
4261 2606 4436 2726 avec
4491 2606 4546 2726 le
4633 2606 4929 2726 mouve-

2881 2726 3064 2851 ment
3144 2726 3213 2851 de
3305 2726 3774 2851 conluſion;
3854 2726 4152 2851 comme
4221 2726 4255 2851 il
4324 2726 4370 2851 ſe
4439 2726 4610 2851 peut
4702 2726 4943 2851 claire-

2891 2851 3069 2967 ment
3135 2851 3279 2967 voir
3323 2851 3456 2967 aux
3512 2851 3833 2967 figures.

659 812 851 929 Comme
935 812 1187 929 Zacharie
1247 812 1379 929 penſe
1427 812 1570 929 parer
1630 812 1654 929 de
1702 812 1762 929 ſon
1810 812 2086 929 poignard
2122 812 2325 929 eſlevé,
2445 812 2733 929 Alexandre

754 938 955 1052 l’eſuite
1022 938 1044 1052 de
1100 938 1156 1052 ſon
1212 938 1390 1052 eſpee,
1435 938 1524 1052 par
1569 938 1647 1052 une
1702 938 2082 1052 circonference
2149 938 2171 1052 de
2238 938 2361 1052 baut
2405 938 2439 1052 en
2494 938 2606 1052 bas,

765 1055 789 1178 le
863 1055 998 1178 bleſſe
1047 1055 1084 1178 au
1133 1055 1256 1178 coſté
1318 1055 1502 1178 gauche
1563 1055 1612 1178 au
1686 1055 1907 1178 deſſoubs
1981 1055 2005 1178 du
2054 1055 2165 1178 bras
2226 1055 2398 1178 eſlevé;
2447 1055 2558 1178 puis
2607 1055 2730 1178 aug-

775 1181 915 1296 mente
979 1181 1043 1296 ſon
1086 1181 1193 1296 coup
1257 1181 1300 1296 au
1353 1181 1567 1296 travers
1621 1181 1653 1296 du
1696 1181 1835 1296 corps
1899 1181 2113 1296 d’iceluy,
2156 1181 2370 1296 s’eſtant
2424 1181 2488 1296 mis
2531 1181 2638 1296 bors
2691 1181 2723 1296 de

758 1307 794 1433 la
842 1307 1069 1433 preſence
1129 1307 1164 1433 de
1200 1307 1236 1433 ſa
1296 1307 1535 1433 pointe.

1133 1511 1133 1632 E
1285 1511 1513 1632 Cercle
1589 1511 1716 1632 tire
1766 1511 1868 1632 ſon
1944 1511 2235 1632 origine
2298 1511 2412 1632 des
2476 1511 2729 1632 poſtu-

1097 1632 1203 1750 res
1358 1632 1369 1750 &
1476 1632 1926 1750 operations
2021 1632 2069 1750 du
2223 1632 2448 1750 Cercle
2590 1632 2638 1750 N.
2697 1632 2732 1750 7.

1135 1759 1650 1844 ZACHARIE
1768 1759 1843 1844 ne
1950 1759 2261 1844 voulant
2369 1759 2723 1844 attandre

1086 1879 1550 1998 l’execution
1639 1879 1982 1998 d’icelles,
2015 1879 2325 1998 portant
2391 1879 2435 1998 en
2502 1879 2723 1998 avant

627 1998 687 2115 le
759 1998 927 2115 pied
1011 1998 1239 2115 droi
1347 1998 1359 2115 &
1419 1998 1983 2115 pareillement
2043 1998 2091 2115 le
2175 1998 2439 2115 corps,
2511 1998 2727 2115 penſe

631 2121 812 2237 avec
869 2121 926 2237 le
1005 2121 1164 2237 bras
1221 2121 1517 2237 eſtandu
1653 2121 1653 2237 &
1721 2121 1948 2237 eſlevé
2005 2121 2209 2237 parer
2289 2121 2357 2237 de
2403 2121 2505 2237 ſon
2573 2121 2721 2237 poi-

656 2246 873 2363 gnard
931 2246 976 2363 en
1068 2246 1285 2363 dedãs
1319 2246 1365 2363 la
1411 2246 1605 2363 lame
1674 2246 1731 2363 de
1777 2246 1823 2363 ſa
1880 2246 2143 2363 partie.
2200 2246 2726 2363 ALEXANDRE

639 2362 693 2478 au
790 2362 1039 2478 meſme
1125 2362 1654 2478 mouvement,
1708 2362 2020 2478 eſuitant
2107 2362 2161 2478 de
2215 2362 2312 2478 ſon
2398 2362 2603 2478 eſpee
2668 2362 2722 2478 le

643 2489 1070 2604 poignard,
1116 2489 1277 2604 fai
1358 2489 1416 2604 de
1485 2489 1520 2604 ſa
1589 2489 1774 2604 lame
1866 2489 1912 2604 en
2005 2489 2374 2604 tournant
2443 2489 2501 2604 le
2570 2489 2732 2604 bras

645 2612 687 2703 en
804 2612 1091 2703 dedans
1155 2612 1293 2703 une
1367 2612 1962 2703 circonference
2058 2612 2111 2703 de
2175 2612 2356 2703 haut
2430 2612 2473 2703 en
2568 2612 2728 2703 bas,

630 2730 955 2846 bleſſant
1013 2730 1129 2846 par
1187 2730 1245 2846 ce
1327 2730 1570 2846 moyen
1640 2730 1675 2846 ſa
1744 2730 1977 2846 partie
2046 2730 2104 2846 au
2185 2730 2371 2846 coſté
2441 2730 2719 2846 gauche

630 2854 685 2964 au
773 2854 1136 2964 deſſoubs
1203 2854 1258 2964 du
1324 2854 1489 2964 bras
1555 2854 1808 2964 eſlevé,
1842 2854 2018 2964 avec
2084 2854 2216 2964 cela
2282 2854 2591 2964 portant
2657 2854 2701 2964 en

632 2976 851 3091 avant
897 2976 943 3091 le
1012 2976 1231 3091 corps
1277 2976 1300 3091 il
1370 2976 1600 3091 eſleve
1646 2976 1693 3091 le
1750 2976 1923 3091 pied
2015 2976 2373 3091 gauche,
2454 2976 2511 3091 le
2603 2976 2730 3091 me-

3568 1279 3882 1445 Cercle
4070 1279 4363 1445 N4.

1381 530 1690 705 Cercle
1867 530 2155 705 N.13.

2874 526 3053 644 nant
3119 526 3164 644 en
3242 526 3432 644 rond
3510 526 3833 644 derriere
3889 526 3944 644 le
4000 526 4301 644 planté,
4401 526 4769 644 tournant
4847 526 4947 644 en-

2876 646 3155 772 ſemble
3204 646 3252 772 le
3313 646 3495 772 coſté
3567 646 3846 772 gauche
3931 646 3980 772 en
4089 646 4416 772 dehors,
4514 646 4683 772 hors
4768 646 4841 772 de
4902 646 4950 772 la

2878 768 3251 893 preſence
3311 768 3384 893 de
3432 768 3468 893 la
3528 768 3793 893 pointe
3866 768 3926 893 de
3974 768 4251 893 l’eſpee
4323 768 4372 893 de
4420 768 4468 893 ſa
4540 768 4805 893 partie,
4841 768 4950 893 par

2874 888 3039 1015 ainſi
3098 888 3133 1015 il
3204 888 3627 1015 augmente
3698 888 3792 1015 ſon
3897 888 4074 1015 coup
4144 888 4156 1015 à
4239 888 4521 1015 travers
4603 888 4662 1015 du
4744 888 4944 1015 corps

2886 1010 3239 1139 d’iceluy;
3288 1010 3580 1139 comme
3629 1010 3666 1139 il
3702 1010 3751 1139 ſe
3812 1010 4153 1139 voidaux
4202 1010 4531 1139 figures.

4778 4621 4959 4727 Vous
