5479 7714
1438 528 1605 736 Ous
1680 528 1977 736 aurez
2070 528 2218 736 peu
2348 528 2553 736 voir
2664 528 2813 736 par
2906 528 3017 736 les
3147 528 3388 736 deux
3463 528 4001 736 occaſions
4076 528 4670 736 preſentées
4744 528 4819 736 en

1340 734 1397 885 ce
1497 734 1885 885 Tableau,
1971 734 2401 885 comment
2473 734 2530 885 on
2631 734 2674 885 ſe
2745 734 2960 885 doibt
3047 734 3491 885 gouverner
3549 734 3663 885 ſur
3706 734 3749 885 la
3835 734 4108 885 diverſe
4194 734 4639 885 diſpoſition
4739 734 4840 885 des

1329 878 1673 1030 eſpaules
1744 878 1802 1030 de
1859 878 2433 1030 l’Adverſaire,
2476 878 2748 1030 lequel
2806 878 3121 1030 (eſtant
3179 878 3222 1030 en
3322 878 3637 1030 poſture
3723 878 4053 1030 comme
4111 878 4139 1030 il
4211 878 4311 1030 eſt
4369 878 4842 1030 repreſenté

1332 1018 1374 1167 en
1473 1018 1543 1167 ce
1641 1018 2035 1167 Tableau)
2106 1018 2176 1167 ne
2274 1018 2485 1167 doibt
2542 1018 2654 1167 pas
2710 1018 2907 1167 ſelon
2978 1018 3062 1167 les
3118 1018 3357 1167 regles
3428 1018 3484 1167 de
3540 1018 3807 1167 noſtre
3878 1018 4300 1167 exercice,
4370 1018 4553 1167 eſtre
4637 1018 4834 1167 atta-

1325 1160 1457 1307 qué
1524 1160 2000 1307 autrement
2106 1160 2225 1307 que
2331 1160 2477 1307 vers
2530 1160 2583 1307 le
2662 1160 2861 1307 coſté
2953 1160 3271 1307 gauche.
3496 1160 3562 1307 Ce
3655 1160 3774 1307 que
3867 1160 4065 1307 nous
4145 1160 4383 1307 avons
4436 1160 4820 1307 adjouſté

1308 1296 1507 1448 pour
1578 1296 1904 1448 aſſeurer
1961 1296 2217 1448 noſtre
2345 1296 2643 1448 Diſciple
2714 1296 2814 1448 ſur
2857 1296 2899 1448 la
2985 1296 3326 1448 diverſité
3411 1296 3510 1448 des
3553 1296 3965 1448 poſtures.
4121 1296 4249 1448 Les
4306 1296 4576 1448 autres
4633 1296 4832 1448 figu-

444 1438 562 1588 res,
654 1438 1113 1588 employées
1192 1438 1376 1588 pour
1441 1438 1927 1588 l’execution
2032 1438 2137 1588 des
2215 1438 2688 1588 operations
2753 1438 3186 1588 propoſées
3252 1438 3383 1588 aux
3462 1438 3934 1588 principaux
4078 1438 4433 1588 Cercles,
4498 1438 4577 1588 ne
4643 1438 4813 1588 ſont

441 1575 552 1727 pas
635 1575 663 1727 ſi
760 1575 1273 1727 dangereuſes
1370 1575 1689 1727 comme
1786 1575 1952 1727 elles
2008 1575 2493 1727 ſemblent,
2632 1575 2632 1727 &
2701 1575 2743 1727 la
2840 1575 3256 1727 praique
3339 1575 3797 1727 enſeignera
3880 1575 4115 1727 aſſez,
4199 1575 4337 1727 que
4434 1575 4490 1727 ce
4587 1575 4698 1727 qui
4767 1575 4809 1727 ſe

435 1717 672 1863 figure
738 1717 857 1863 icy
949 1717 1093 1863 d’un
1186 1717 1370 1863 pied
1436 1717 1725 1863 ferme,
1791 1717 1830 1863 ſe
1896 1717 2173 1863 trouve
2238 1717 2515 1863 autre,
2594 1717 2857 1863 quand
2910 1717 2962 1863 le
3041 1717 3252 1863 corps
3331 1717 3410 1863 eſt
3489 1717 3541 1863 en
3647 1717 4068 1863 continuel
4147 1717 4713 1863 mouvement.
