5479 7714
1573 2053 1978 2226 Ombien
2093 2053 2267 2226 que
2325 2053 2383 2226 la
2498 2053 2903 2226 defence
2999 2053 3095 2226 de
3153 2053 3211 2226 la
3365 2053 3982 2226 Rondache,
4078 2053 4175 2226 ne
4252 2053 4425 2226 ſoit
4502 2053 4656 2226 pas
4733 2053 4945 2226 tant

1458 2263 1507 2404 en
1580 2263 1810 2404 uſage
1895 2263 2210 2404 comme
2283 2263 2404 2404 elle
2465 2263 2465 2404 à
2550 2263 2683 2404 eſté
2756 2263 2816 2404 au
2889 2263 3144 2404 temps
3229 2263 3326 2404 des
3386 2263 3750 2404 anciens,
3823 2263 4357 2404 neantmoins
4429 2263 4623 2404 nous
4696 2263 4926 2404 avons

1452 2402 1831 2544 propoſé,
1899 2402 2386 2544 d’expliquer
2440 2402 2480 2544 la
2589 2402 2913 2544 maniere
2981 2402 3170 2544 ſelon
3252 2402 3590 2544 laquelle
3671 2402 3725 2544 on
3820 2402 3860 2544 ſe
3942 2402 4307 2544 pourroit
4388 2402 4848 2544 gouverner,
4902 2402 4929 2544 ſi

1451 2539 1519 2681 un
1627 2539 2074 2681 Adverſaire
2128 2539 2182 2681 ſe
2236 2539 2683 2681 preſentoit
2791 2539 2981 2681 muni
3049 2539 3319 2681 d’icelle
3387 2539 3441 2681 au
3522 2539 3658 2681 lieu
3753 2539 3807 2681 du
3874 2539 4308 2681 poignard.
4402 2539 4565 2681 Pour
4619 2539 4660 2681 le
4741 2539 4930 2681 donc

1450 2677 1630 2819 faire
1682 2677 1849 2819 avec
1901 2677 2068 2819 plus
2158 2677 2210 2819 de
2287 2677 2545 2819 clarté,
2596 2677 2789 2819 nous
2841 2677 3304 2819 propoſons
3369 2677 3420 2819 en
3510 2677 3575 2819 ce
3665 2677 3987 2819 Tableau
4077 2677 4244 2819 trois
4335 2677 4644 2819 diverſes
4721 2677 4927 2819 occa-

1444 2815 1671 2958 ſions,
1734 2815 1772 2958 en
1848 2815 1898 2958 la
1974 2815 2378 2958 pourſuite
2479 2815 2934 2958 deſquelles,
2997 2815 3174 2958 vous
3237 2815 3477 2958 voirez
3541 2815 3970 2958 comment
4046 2815 4109 2958 on
4197 2815 4412 2958 doibt
4501 2815 4930 2958 gouverner

584 2954 694 3095 ſon
777 2954 984 3095 eſpee
1039 2954 1205 3095 ſans
1246 2954 1426 3095 eſtre
1495 2954 1923 3095 empeſché
2006 2954 2061 3095 de
2116 2954 2157 3095 la
2213 2954 2668 3095 rondache.
2751 2954 2820 3095 Au
2889 2954 3234 3095 premier
3345 2954 3579 3095 Cercle
3635 2954 3676 3095 la
3731 2954 3966 3095 partie
4021 2954 4076 3095 ſe
4132 2954 4587 3095 repreſente
4642 2954 4698 3095 en
4780 2954 4946 3095 telle

588 3093 943 3234 poſture,
1021 3093 1231 3234 qu’on
1310 3093 1677 3234 pourroit
1730 3093 2124 3234 aiſement
2189 3093 2491 3234 couvrir
2544 3093 2649 3234 ſon
2727 3093 2937 3234 eſpée
2990 3093 3082 3234 s’il
3121 3093 3200 3234 ne
3252 3093 3685 3234 s’avançoit
3738 3093 3882 3234 pas:
3987 3093 4132 3234 mais
4184 3093 4486 3234 pource
4551 3093 4722 3234 qu’il
4775 3093 4932 3234 eſti-

618 3229 695 3370 me
759 3229 938 3370 eſtre
1002 3229 1155 3370 plus
1207 3229 1501 3370 aſſeuré
1565 3229 1616 3370 en
1693 3229 1936 3370 tirant
2000 3229 2192 3370 qu’en
2269 3229 2704 3370 attendant
2768 3229 3216 3370 l’aproche,
3255 3229 3280 3370 il
3344 3229 3472 3370 tire
3549 3229 3754 3370 d’une
3818 3229 4099 3370 courbe
4163 3229 4215 3370 en
4291 3229 4343 3370 ſe
4407 3229 4791 3370 couvrant
4867 3229 4931 3370 de

579 3367 619 3508 ſa
698 3367 1171 3508 rondache;
1276 3367 1644 3508 Surquoy
1723 3367 1921 3508 nous
1986 3367 2525 3508 praiquons
2591 3367 2736 3508 une
2802 3367 3078 3508 parade
3196 3367 3209 3508 &
3288 3367 3840 3508 eſtramaçon,
3919 3367 3985 3508 cy
4064 3367 4340 3508 devant
4419 3367 4787 3508 enſeigné
4853 3367 4919 3508 au

580 3504 929 3648 premier
982 3504 1211 3648 livre:
1358 3504 1466 3648 Car
1533 3504 1613 3648 s’il
1694 3504 1842 3648 euſt
1922 3504 2298 3648 demeuré
2365 3504 2406 3648 en
2486 3504 2526 3648 ſa
2594 3504 2902 3648 poſture
2969 3504 3292 3648 comme
3332 3504 3372 3648 il
3426 3504 3600 3648 fai
3668 3504 3721 3648 au
3856 3504 4097 3648 Cercle
4178 3504 4218 3648 9.
4285 3504 4473 3648 nous
4540 3504 4943 3648 l’euſſions

595 3639 966 3785 couverte
1032 3639 1218 3785 ſelon
1297 3639 1575 3785 l’ordre
1655 3639 1708 3785 cy
1787 3639 2066 3785 devant
2132 3639 2463 3785 declaré,
2582 3639 2582 3785 &
2649 3639 2980 3785 euſſions
3033 3639 3338 3785 obſervé
3404 3639 3497 3785 les
3536 3639 4080 3785 inſtruions
4119 3639 4557 3785 propoſées
4610 3639 4663 3785 au
4795 3639 4941 3785 Cer-

598 3780 722 3924 cles
777 3780 859 3924 12.
900 3780 983 3924 13.
1024 3780 1134 3924 14.
1230 3780 1354 3924 &15.
1422 3780 1477 3924 du
1560 3780 1862 3924 preſent
1944 3780 2315 3924 Tableau.
2466 3780 2590 3924 Que
2659 3780 2686 3924 ſi
2741 3780 2782 3924 la
2865 3780 3098 3924 partie
3153 3780 3194 3924 ſe
3263 3780 3442 3924 veut
3524 3780 3936 3924 deffendre
4019 3780 4074 3924 de
4142 3780 4184 3924 ſa
4238 3780 4692 3924 rondache,
4761 3780 4939 3924 vous

577 3918 1013 4059 trouverez
1064 3918 1102 4059 la
1217 3918 1537 4059 maniere
1614 3918 1909 4059 auſdits
2037 3918 2305 4059 Cercles
2357 3918 2549 4059 pour
2613 3918 2933 4059 l’eſviter
2997 3918 3573 4059 aſſeurement,
3649 3918 3765 4059 que
3829 3918 3905 4059 s’il
3982 3918 4149 4059 veut
4213 3918 4392 4059 faire
4469 3918 4776 4059 offence
4853 3918 4904 4059 ou

610 4056 969 4204 deffence
1038 4056 1093 4204 de
1148 4056 1258 4204 ſon
1341 4056 1575 4204 eſpee,
1630 4056 1672 4204 la
1741 4056 2155 4204 rondache
2210 4056 2292 4204 ne
2361 4056 2485 4204 luy
2527 4056 2789 4204 ſervira
2885 4056 2941 4204 de
3009 4056 3189 4204 rien;
3272 4056 3589 4204 comme
3644 4056 3740 4204 les
3782 4056 4071 4204 figures
4140 4056 4251 4204 des
4361 4056 4637 4204 Cercles
4706 4056 4747 4204 4.
4844 4056 4940 4204 &5.

585 4195 627 4322 le
712 4195 1134 4322 deſclarent
1191 4195 1402 4322 aſſez.

603 4694 852 4818 Zacharie
898 4694 1113 4818 s’eſtant
1170 4694 1238 4818 mis
1272 4694 1306 4818 en
1363 4694 1579 4818 poſture,
1624 4694 1647 4818 le
1704 4694 1806 4818 bras
1863 4694 2010 4818 droict
2056 4694 2237 4818 tourné
2294 4694 2328 4818 en
2407 4694 2600 4818 dehors,
2646 4694 2680 4818 la

690 4817 861 4939 pointe
925 4817 946 4939 de
999 4817 1031 4939 la
1074 4817 1201 4939 lame
1244 4817 1627 4939 adſcendente,
1680 4817 1712 4939 le
1755 4817 1861 4939 bras
1925 4817 2117 4939 gauche
2170 4817 2277 4939 avec
2340 4817 2372 4939 la
2426 4817 2692 4939 rondache

693 4942 905 5064 eſtandu
958 4942 990 5064 en
1043 4942 1245 5064 avant.
1341 4942 1628 5064 Alexandre
1692 4942 1766 5064 met
1808 4942 1851 5064 ſa
1893 4942 2021 5064 lame
2074 4942 2106 5064 au
2180 4942 2361 5064 devant
2435 4942 2467 5064 de
2520 4942 2595 5064 ſoy
2637 4942 2680 5064 en

690 5064 836 5190 angle
915 5064 1072 5190 aigu,
1140 5064 1241 5190 puis
1275 5064 1309 5190 il
1354 5064 1387 5190 la
1455 5064 1522 5190 met
1590 5064 1624 5190 en
1691 5064 1871 5190 courbe
1927 5064 2152 5190 croiſant
2220 5064 2411 5190 d’icelle
2467 5064 2490 5190 le
2569 5064 2681 5190 Dia-

708 5219 939 5284 metre.

1056 5376 1067 5502 A
1150 5376 1483 5502 CHARIE
1542 5376 1838 5502 s’eſtant
1945 5376 2040 5502 mis
2123 5376 2170 5502 en
2265 5376 2586 5502 poſture
2633 5376 2692 5502 le

1026 5501 1206 5624 pied
1265 5501 1492 5624 droi
1540 5501 1648 5624 ſur
1696 5501 1743 5624 le
1839 5501 2233 5624 Diametre,
2293 5501 2676 5624 touchant

1049 5625 1157 5748 des
1217 5625 1480 5748 orteils
1552 5625 1863 5748 d’iceluy
1923 5625 1970 5748 la
2078 5625 2676 5748 Circonference

1027 5747 1040 5871 à
1091 5747 1129 5871 la
1181 5747 1412 5871 lettre
1515 5747 1553 5871 X,
1604 5747 1656 5871 le
1707 5747 1887 5871 pied
1951 5747 2233 5871 gauche
2285 5747 2542 5871 planté
2593 5747 2696 5871 ſur

577 5870 673 5998 les
744 5870 1007 5998 orteils
1055 5870 1127 5998 un
1186 5870 1306 5998 pas
1390 5870 1748 5998 derriere,
1796 5870 2274 5998 reſpondant
2321 5870 2333 5998 à
2393 5870 2692 5998 l’opoſi-

580 5993 641 6118 te
715 5993 776 6118 de
825 5993 862 6118 la
923 5993 1193 6118 pointe
1254 5993 1315 6118 de
1425 5993 1781 6118 Quadrat,
1818 5993 1879 6118 le
1940 5993 2148 6118 corps
2222 5993 2443 6118 dreſſé
2504 5993 2675 6118 avec

576 6114 624 6242 le
684 6114 841 6242 bras
913 6114 1142 6242 droi
1202 6114 1263 6242 un
1335 6114 1455 6242 peu
1528 6114 1744 6242 baiſſé
1865 6114 1865 6242 &
1925 6114 2202 6242 tourné
2275 6114 2323 6242 en
2407 6114 2684 6242 dehors

584 6240 739 6367 vers
786 6240 881 6367 ſon
965 6240 1155 6367 coſté
1227 6240 1488 6367 droi,
1512 6240 1560 6367 la
1619 6240 1881 6367 pointe
1952 6240 2012 6367 de
2060 6240 2095 6367 ſa
2155 6240 2345 6367 lame
2393 6240 2678 6367 adcen-

599 6362 845 6489 dente,
903 6362 950 6489 le
997 6362 1161 6489 bras
1231 6362 1524 6489 gauche
1583 6362 1747 6489 avec
1794 6362 1841 6489 la
1899 6362 2298 6489 rondache
2357 6362 2649 6489 eſtandu

585 6487 631 6613 en
711 6487 965 6613 avant,
1011 6487 1057 6613 ſe
1126 6487 1506 6613 couvrant
1564 6487 1840 6613 d’icelle
1898 6487 1932 6613 la
2001 6487 2220 6613 haute
2278 6487 2520 6613 partie
2600 6487 2646 6613 du

590 6611 854 6736 corps;
902 6611 938 6736 il
998 6611 1262 6736 attend
1322 6611 1502 6736 ainſi
1562 6611 1598 6736 ſa
1670 6611 1947 6736 partie.
2067 6611 2679 6736 ALEXANDRE

582 6730 1012 6858 travaillant
1070 6730 1082 6858 à
1152 6730 1640 6858 l’encontre,
1733 6730 1942 6858 apres
2024 6730 2221 6858 avoir
2291 6730 2547 6858 planté
2605 6730 2663 6858 le

572 6858 743 6986 pied
828 6858 1108 6986 gauche
1181 6858 1278 6986 ſur
1351 6858 1399 6986 le
1509 6858 1874 6986 Diametre
1935 6858 2008 6986 un
2093 6858 2214 6986 peu
2312 6858 2555 6986 oultre
2616 6858 2652 6986 la

1299 4449 1614 4620 Cercle
2013 4449 2013 4620 3

2872 4459 3475 4559 Circonference
3537 4459 3549 4559 à
3598 4459 3647 4559 la
3709 4459 3930 4559 lettre
4016 4459 4066 4559 C,
4115 4459 4152 4559 il
4226 4459 4336 4559 met
4410 4459 4447 4559 ſa
4509 4459 4706 4559 lame
4779 4459 4903 4559 d’un

2832 4583 3000 4707 bras
3072 4583 3360 4707 eſtandu
3456 4583 3504 4707 au
3612 4583 3876 4707 devant
3960 4583 4032 4707 de
4092 4583 4212 4707 ſoy
4296 4583 4344 4707 en
4428 4583 4644 4707 angle
4704 4583 4919 4707 aigu;

2828 4707 2996 4825 puis
3040 4707 3353 4825 portant
3420 4707 3465 4825 en
3532 4707 3755 4825 avant
3800 4707 3855 4825 le
3911 4707 4079 4825 pied
4135 4707 4324 4825 droit
4369 4707 4548 4825 avec
4603 4707 4927 4825 avance-

2865 4831 3043 4951 ment
3127 4831 3186 4951 du
3281 4831 3543 4951 corps,
3603 4831 3638 4951 il
3710 4831 3936 4951 eſleve
4019 4831 4055 4951 en
4150 4831 4460 4951 portant
4519 4831 4614 4951 ſon
4721 4831 4924 4951 eſpee

2848 4953 2971 5080 d’un
3060 4953 3217 5080 bras
3284 4953 3564 5080 tourné
3642 4953 3687 5080 en
3799 4953 4067 5080 dehors
4145 4953 4190 5080 en
4280 4953 4604 5080 courbe,
4660 4953 4716 5080 au
4828 4953 4928 5080 de-

2840 5075 3007 5198 vant
3055 5075 3090 5198 ſa
3174 5075 3555 5198 poirine
3639 5075 3674 5198 en
3770 5075 3984 5198 angle
4056 5075 4342 5198 obtus,
4426 5075 4747 5198 croiſant
4819 5075 4926 5198 par

2841 5199 2899 5320 ce
3004 5199 3248 5320 moyen
3353 5199 3422 5320 de
3481 5199 3527 5320 ſa
3597 5199 3864 5320 pointe
3922 5199 3980 5320 le
4097 5199 4515 5320 Diametre;
4631 5199 4922 5320 comme

2830 5321 3094 5441 l’eſpee
3169 5321 3534 5441 depeinte
3609 5321 3835 5441 deſſus
3885 5321 3935 5441 le
4023 5321 4262 5441 Cercle
4312 5321 4362 5441 le
4438 5321 4777 5441 monſtre.

995 1498 2519 1687 DECLARATION
2780 1498 3021 1687 DES
3261 1498 4605 1687 OPERATIONS

1141 1686 1240 1826 DV
1423 1686 2029 1826 TABLEAV
2198 1686 2917 1826 SEPTIESME
3100 1686 3198 1826 DV
3353 1686 3875 1826 SECOND
4044 1686 4438 1826 LIVRE,

1347 1828 1424 1945 DE
1534 1828 1853 1945 L’ESPEE
1963 1828 2227 1945 SEVLE
2348 1828 2722 1945 CONTRE
2832 1828 3129 1945 L’ESPEE
3239 1828 3305 1945 ET
3426 1828 3503 1945 LA
3625 1828 4175 1945 RONDACHE.

3562 5502 3870 5670 Cercle
4090 5502 4376 5670 N.2.

2846 5731 3033 5850 Comme
3109 5731 3405 5850 Alexandre
3449 5731 3504 5850 va
3559 5731 3767 5850 planter
3811 5731 3833 5850 le
3888 5731 4008 5850 pied
4041 5731 4228 5850 eſlevé,
4304 5731 4557 5850 Zacharie
4622 5731 4809 5850 marche
4875 5731 4907 5850 du

2943 5852 3055 5971 pied
3111 5852 3245 5971 droict
3301 5852 3334 5971 en
3413 5852 3603 5971 dedans
3659 5852 3927 5971 avançant
3972 5852 4005 5971 le
4050 5852 4195 5971 corps
4240 5852 4341 5971 bras
4441 5852 4441 5971 &
4486 5852 4799 5971 rondache,

2946 5978 3036 6100 tire
3081 5978 3115 6100 en
3171 5978 3351 6100 courbe
3396 5978 3407 6100 à
3441 5978 3475 6100 la
3542 5978 3778 6100 poictrine
3846 5978 3868 6100 de
3925 5978 3958 6100 ſa
4026 5978 4217 6100 partie.
4341 5978 4633 6100 Alexandre
4690 5978 4847 6100 eſoite
4892 5978 4915 6100 le

2943 6095 3058 6220 coup
3104 6095 3138 6220 en
3218 6095 3413 6220 partie,
3517 6095 3528 6220 &
3586 6095 3861 6220 obligeant
3907 6095 3930 6220 la
3976 6095 4102 6220 lame
4159 6095 4400 6220 d’iceluy,
4446 6095 4469 6220 il
4515 6095 4549 6220 ſe
4607 6095 4687 6220 met
4733 6095 4848 6220 dans
4882 6095 4928 6220 la

2946 6231 3410 6344 perpendiculaire
3468 6231 3746 6344 d’icelle.

3327 6355 3573 6450 Omme
3652 6355 3663 6450 A
3741 6355 3820 6450 LE
3898 6355 3976 6450 XA
4066 6355 4077 6450 N
4144 6355 4301 6450 DRE
4357 6355 4536 6450 avec
4592 6355 4625 6450 la
4704 6355 4928 6450 cheu-

3281 6482 3340 6600 te
3422 6482 3469 6600 du
3575 6482 3822 6600 corps,
3881 6482 3928 6600 va
3987 6482 4281 6600 planter
4328 6482 4375 6600 le
4445 6482 4622 6600 pied
4680 6482 4916 6600 eſlevé

3286 6604 3358 6730 un
3418 6604 3538 6730 peu
3623 6604 3743 6730 par
3827 6604 3959 6730 delà
4008 6604 4068 6730 le
4176 6604 4549 6730 Diametre
4609 6604 4778 6730 pres
4850 6604 4910 6730 de

3279 6728 3324 6844 la
3381 6728 3607 6844 lettre
3731 6728 3788 6844 H,
3867 6728 3923 6844 au
4036 6728 4296 6844 meſme
4398 6728 4906 6844 mouvement

2858 6852 3304 6974 ZACHARIE
3415 6852 3700 6974 marche
3762 6852 3812 6974 du
3898 6852 4072 6974 pied
4159 6852 4394 6974 droi
4456 6852 4506 6974 en
4605 6852 4915 6974 dedans,

4693 6989 4912 7091 (avec
