5479 7714
545 495 791 618 (avec
862 495 1402 618 avancement
1484 495 1543 618 du
1637 495 1848 618 corps
1907 495 2071 618 bras
2200 495 2212 618 &
2283 495 2670 618 rondache

561 618 721 741 ſans
771 618 820 741 ſe
894 618 1400 741 deſcouvrir)
1449 618 1499 741 le
1560 618 1906 741 plantant
1955 618 2066 741 ſur
2103 618 2165 741 le
2264 618 2683 741 Diametreà

550 745 598 864 la
659 745 891 864 lettre
976 745 1025 864 R,
1073 745 1110 864 il
1159 745 1281 864 tire
1329 745 1342 864 à
1402 745 1439 864 la
1512 745 1792 864 cheute
1853 745 1914 864 du
1999 745 2219 864 corps
2255 745 2450 864 (d’un
2523 745 2682 864 bras

558 871 839 991 tourné
898 871 945 991 en
1038 871 1320 991 dehors
1379 871 1555 991 avec
1613 871 1648 991 la
1730 871 2071 991 courbe)
2118 871 2129 991 à
2188 871 2235 991 la
2293 871 2669 991 poirine

564 999 635 1119 de
705 999 741 1119 ſa
823 999 1105 1119 partie.
1235 999 1823 1119 ALEXANDRE
1893 999 1952 1119 au
2082 999 2340 1119 meſme
2399 999 2658 1119 temps

556 1119 837 1241 traiſne
910 1119 959 1241 en
1032 1119 1216 1241 rond
1264 1119 1326 1241 le
1374 1119 1546 1241 pied
1619 1119 1912 1241 gauche
1985 1119 2315 1241 derriere
2364 1119 2413 1241 le
2487 1119 2682 1241 plan-

551 1247 672 1368 té,
738 1247 914 1368 avec
980 1247 1520 1368 avancement
1608 1247 1663 1368 du
1763 1247 1983 1368 corps
2104 1247 2115 1368 &
2192 1247 2677 1368 contourne-

583 1366 768 1492 ment
854 1366 904 1492 du
1015 1366 1200 1492 coſté
1286 1366 1570 1492 gauche
1669 1366 1719 1492 en
1817 1366 2151 1492 dehors,
2237 1366 2361 1492 par
2422 1366 2595 1492 ainſi
2657 1366 2682 1492 il

564 1496 788 1618 eſvite
863 1496 913 1618 en
1000 1496 1237 1618 partie
1312 1496 1724 1618 l’eſtocade
1811 1496 1923 1618 qui
1973 1496 2098 1618 luy
2173 1496 2247 1618 eſt
2310 1496 2547 1618 tirée,
2671 1496 2671 1618 &

552 1623 946 1744 touchant
1050 1623 1050 1744 &
1131 1623 1478 1744 obligant
1524 1623 1882 1744 (comme
1940 1623 2114 1744 auſſi
2171 1623 2218 1744 en
2299 1623 2680 1744 contour-

550 1745 718 1862 nent
778 1745 838 1862 le
910 1745 1113 1862 coſté
1197 1745 1425 1862 droi
1509 1745 1557 1862 en
1664 1745 2012 1862 dedans)
2072 1745 2251 1862 avec
2311 1745 2359 1862 ſa
2431 1745 2671 1862 lame,

556 1870 724 1993 celle
796 1870 856 1993 de
916 1870 952 1993 ſa
1012 1870 1288 1993 partie,
1336 1870 1372 1993 il
1444 1870 1564 1993 met
1612 1870 1673 1993 le
1733 1870 1949 1993 corps
2033 1870 2189 1993 dans
2237 1870 2273 1993 la
2333 1870 2669 1993 perpen-

559 1995 930 2121 diculaire
1004 1995 1325 2121 d’icelle,
1387 1995 1436 2121 en
1510 1995 1868 2121 plantant
1930 1995 1979 2121 le
2041 1995 2214 2121 pied
2276 1995 2498 2121 eſlevé
2572 1995 2683 2121 par

569 2121 698 2247 delà
750 2121 801 2247 le
904 2121 1279 2247 Diametre
1356 2121 1459 2247 ſur
1511 2121 1550 2247 la
1601 2121 1808 2247 ligne
1924 2121 1937 2247 N
2014 2121 2066 2247 S;
2143 2121 2440 2247 comme
2492 2121 2530 2247 il
2569 2121 2685 2247 ap-

540 2250 707 2370 pert
772 2250 875 2370 par
927 2250 1030 2370 les
1081 2250 1404 2370 figures.

666 2358 704 2494 Il
754 2358 907 2494 faut
983 2358 1160 2494 eſtre
1211 2358 1554 2494 adverti,
1630 2358 1769 2494 que
1820 2358 1833 2494 à
1909 2358 2112 2494 cauſe
2175 2358 2315 2494 que
2429 2358 2683 2494 Zacha-

538 2498 617 2616 rie
674 2498 809 2616 tire
877 2498 922 2616 en
1001 2498 1327 2616 courbe,
1373 2498 1418 2616 ſe
1474 2498 1745 2616 tenant
1790 2498 1846 2616 le
1914 2498 2128 2616 corps
2207 2498 2534 2616 couvert
2601 2498 2669 2616 de

529 2623 576 2743 ſa
635 2623 1094 2743 rondache,
1211 2623 1658 2743 Alexandre
1728 2623 1799 2743 ne
1858 2623 2034 2743 peut
2105 2623 2222 2743 pas
2269 2623 2563 2743 fermer
2622 2623 2669 2743 la

525 2749 729 2866 ligne
801 2749 1100 2866 comme
1160 2749 1208 2866 au
1316 2749 1568 2866 Cercle
1675 2749 1711 2866 N.
1771 2749 1771 2866 5
1891 2749 2047 2866 mais
2095 2749 2131 2866 il
2178 2749 2466 2866 l’evite,
2514 2749 2670 2866 tant

534 2877 653 2995 par
700 2877 759 2995 le
819 2877 1352 2995 tournement
1423 2877 1482 2995 du
1577 2877 1791 2995 corps
1862 2877 1992 2995 que
2039 2877 2158 2995 par
2229 2877 2537 2995 l’eſpee,
2668 2877 2679 2995 &

534 3000 861 3122 prenant
919 3000 989 3122 ad
1036 3000 1199 3122 vant
1246 3000 1374 3122 age
1421 3000 1456 3122 la
1538 3000 1806 3122 deſſus,
1841 3000 1876 3122 il
1923 3000 1969 3122 ſe
2039 3000 2098 3122 va
2179 3000 2436 3122 mettre
2506 3000 2681 3122 dans

526 3129 573 3245 la
633 3129 1381 3245 perpendiculaire,
1441 3129 1631 3245 pour
1702 3129 2083 3245 executer
2142 3129 2189 3245 le
2273 3129 2463 3245 coup
2546 3129 2665 3245 ſui-

535 3255 736 3369 vant,
803 3255 859 3369 ce
926 3255 1082 3369 qu’il
1149 3255 1305 3369 faut
1373 3255 1730 3369 obſerver
1797 3255 2065 3369 contre
2132 3255 2400 3369 toutes
2456 3255 2680 3369 cour-

530 3378 668 3497 bes
743 3378 880 3497 que
943 3378 1468 3497 l’Adverſaire
1555 3378 1730 3497 tire,
1793 3378 1930 3497 ſoit
2018 3378 2180 3497 qu’il
2243 3378 2380 3497 aye
2468 3378 2680 3497 eſpee

534 3502 770 3623 ſeule,
832 3502 882 3623 ou
969 3502 1193 3623 icelle
1305 3502 1317 3623 &
1367 3502 1417 3623 le
1466 3502 1864 3623 poignard
1926 3502 1988 3623 ou
2063 3502 2498 3623 rondache.

1302 3648 1624 3828 Cercle
1831 3648 2084 3828 N.3.

562 3868 859 3986 Alexandre
909 3868 1169 3986 pourſuit,
1268 3868 1268 3986 &
1330 3868 1591 3986 tournant
1640 3868 1702 3986 ſon
1752 3868 1888 3986 eſpee
1962 3868 2049 3986 par
2099 3868 2248 3986 deſſus
2309 3868 2347 3986 ſa
2384 3868 2508 3986 teſte
2570 3868 2595 3986 il
2644 3868 2681 3986 ſe

650 3993 822 4122 plante
883 3993 1105 4122 derriere
1142 3993 1178 4122 le
1215 3993 1363 4122 corps
1412 3993 1449 4122 de
1486 3993 1523 4122 ſa
1584 3993 1781 4122 partie,
1843 3993 2015 4122 lequel
2052 3993 2089 4122 il
2125 3993 2261 4122 bleſſe
2347 3993 2445 4122 d’un
2519 3993 2679 4122 eſtra-

654 4120 813 4233 maçon
870 4120 870 4233 à
938 4120 972 4233 la
1017 4120 1221 4233 teſte.

1018 4263 1430 4378 LEXANDRE
1501 4263 2031 4378 pourſuivant
2079 4263 2680 4378 promptemẽt,

975 4386 1202 4505 avant
1292 4386 1417 4505 que
1462 4386 1519 4505 le
1598 4386 2119 4505 mouvement
2199 4386 2267 4505 de
2312 4386 2357 4505 ſa
2425 4386 2663 4505 partie

986 4512 1119 4630 ſoit
1192 4512 1350 4630 fini,
1459 4512 1749 4630 marche
1822 4512 1871 4630 en
1980 4512 2270 4630 dedans
2355 4512 2416 4630 du
2501 4512 2682 4630 pied

1003 4639 1237 4754 droi
1299 4639 1410 4754 par
1484 4639 1607 4754 delà
1693 4639 1742 4754 du
1853 4639 2235 4754 Diametre
2285 4639 2285 4754 à
2346 4639 2383 4754 la
2433 4639 2667 4754 lettre

595 4763 634 4882 W,
752 4763 752 4882 &
804 4763 1078 4882 faiſant
1130 4763 1365 4882 paſſer
1430 4763 1613 4882 (d’un
1718 4763 1979 4882 meſme
2031 4763 2240 4882 tẽps)
2279 4763 2383 4882 ſon
2462 4763 2684 4882 eſpee

523 4887 535 5010 à
586 4887 838 5010 l’ayde
913 4887 964 5010 du
1052 4887 1380 5010 poignet
1455 4887 1569 5010 par
1644 4887 1884 5010 deſſus
1934 4887 1972 5010 ſa
2035 4887 2287 5010 teſte,
2350 4887 2388 5010 il
2451 4887 2678 5010 avan-

538 5015 587 5132 ce
661 5015 710 5132 le
795 5015 967 5132 pied
1052 5015 1346 5132 gauche
1420 5015 1481 5132 un
1567 5015 1726 5132 pas,
1787 5015 1836 5132 le
1909 5015 2277 5132 plantant
2350 5015 2460 5132 par
2522 5015 2656 5132 delà

546 5139 594 5258 du
713 5139 988 5258 Cercle,
1072 5139 1120 5258 en
1191 5139 1395 5258 ſorte
1466 5139 1622 5258 qu’il
1681 5139 1873 5258 vient
1944 5139 2279 5258 derriere
2327 5139 2387 5258 le
2458 5139 2673 5258 corps

550 5263 613 5381 de
677 5263 727 5381 ſa
803 5263 1107 5381 partie,
1183 5263 1449 5381 lequel
1512 5263 1550 5381 il
1613 5263 1841 5381 bleſſe
1930 5263 2069 5381 d’un
2170 5263 2651 5381 eſtramaçon

540 5389 900 5510 diagonal
962 5389 1012 5510 au
1098 5389 1284 5510 coſté
1371 5389 1607 5510 droi
1669 5389 1731 5510 de
1793 5389 1830 5510 la
1892 5389 2128 5510 teſte;
2202 5389 2512 5510 comme
2574 5389 2673 5510 les

528 5514 824 5637 figures
898 5514 1353 5637 monſtrent.

1291 6015 1595 6196 Cercle
1811 6015 2071 6196 N.4.

561 6243 857 6364 Alexandre
904 6243 1070 6364 eſtant
1129 6243 1306 6364 diſpoſe
1353 6243 1543 6364 comme
1602 6243 1637 6364 au
1708 6243 1874 6364 Cercle
1968 6243 1992 6364 N.
2039 6243 2075 6364 1.
2169 6243 2430 6364 Zacharie
2465 6243 2500 6364 ſe
2560 6243 2666 6364 pre-

643 6368 779 6489 ſente
835 6368 869 6489 de
925 6368 1083 6489 meſme
1128 6368 1354 6489 excepté
1399 6368 1523 6489 qu’il
1557 6368 1692 6489 tient
1726 6368 1794 6489 ſon
1839 6368 1974 6489 eſpee
2030 6368 2064 6489 en
2109 6368 2335 6489 brocade
2391 6368 2459 6489 ſur
2504 6368 2538 6489 la
2594 6368 2673 6489 te-

646 6497 703 6612 ſte
772 6497 807 6612 de
853 6497 911 6612 ſon
980 6497 1280 6612 Contraire,
1326 6497 1360 6612 ſe
1406 6497 1672 6612 couvrant
1729 6497 1764 6612 de
1798 6497 1844 6612 ſa
1891 6497 2156 6612 rondache
2190 6497 2225 6612 le
2271 6497 2478 6612 viſage.

1023 6631 1072 6756 Es
1121 6631 1415 6756 parties
1476 6631 1721 6756 eſtans
1782 6631 1831 6756 en
1905 6631 2260 6756 poſture,
2297 6631 2407 6756 les
2456 6631 2676 6756 pieds

1050 6764 1050 6881 &
1121 6764 1168 6881 le
1250 6764 1473 6881 corps
1556 6764 1849 6881 comme
1920 6764 1955 6881 il
2026 6764 2120 6881 eſt
2202 6764 2519 6881 eſclarée
2590 6764 2649 6881 au

1031 6891 1280 6988 Cercle
1392 6891 1429 6988 N.
1479 6891 1504 6988 1.
1604 6891 1965 6988 different
2027 6891 2525 6988 ſeulement,
2600 6891 2650 6988 en

1003 7017 1062 7133 ce
1133 7017 1264 7133 que
1371 7017 1371 7133 Z
1442 7017 1454 7133 A
1525 7017 1893 7133 CHARIE
1965 7017 1976 7133 à
2036 7017 2095 7133 le
2143 7017 2309 7133 bras
2368 7017 2416 7133 en
2487 7017 2665 7133 haut

3533 4910 3854 5104 Cercle
4152 4910 4345 5104 S.

2828 5113 3008 5254 Comme
3099 5113 3392 5254 Alexandre
3438 5113 3551 5254 veut
3607 5113 3822 5254 prendre
3867 5113 4149 5254 l’Inſtance
4195 5113 4296 5254 plus
4341 5113 4522 5254 proche
4567 5113 4714 5254 qu’au
4793 5113 4951 5254 Cercle

2979 5253 3076 5376 N.1.
3160 5253 3415 5376 Zacharie
3464 5253 3670 5376 s’eſſaye
3718 5253 3755 5376 de
3803 5253 3827 5376 le
3876 5253 4045 5376 bleſſer
4094 5253 4203 5376 avec
4252 5253 4336 5376 une
4385 5253 4603 5376 brocade
4652 5253 4700 5376 au
4749 5253 4955 5376 viſage:

2946 5382 3048 5501 mais
3128 5382 3424 5501 Alexandre
3503 5382 3731 5501 mettant
3788 5382 3822 5501 ſa
3890 5382 4038 5501 garde
4083 5382 4129 5501 au
4197 5382 4345 5501 foible
4413 5382 4436 5501 de
4493 5382 4527 5501 ſa
4572 5382 4777 5501 partie,
4834 5382 4857 5501 il
4914 5382 4948 5501 la

2932 5500 3167 5633 gradue,
3241 5500 3501 5633 Zacharie
3538 5500 3575 5633 la
3625 5500 3773 5633 parce
3823 5500 4083 5633 hauſſant
4120 5500 4120 5633 ſ
4219 5500 4379 5633 lame,
4565 5500 4862 5633 Alexandre
4924 5500 4961 5633 ſe

2940 5631 3019 5763 met
3076 5631 3212 5763 dams
3246 5631 3280 5763 la
3325 5631 3813 5763 perpendiculaire
3869 5631 3903 5763 de
3937 5631 3971 5763 la
4017 5631 4153 5763 lame
4209 5631 4243 5763 de
4289 5631 4345 5763 ſon
4425 5631 4787 5763 Contraire.

3299 5758 3312 5892 E
3417 5758 3665 5892 Cercle
3731 5758 3862 5892 tire
3927 5758 4032 5892 ſon
4123 5758 4424 5892 origine
4516 5758 4568 5892 de
4621 5758 4948 5892 l’opera-

3268 5891 3404 6013 tion
3516 5891 3566 6013 du
3690 5891 3939 6013 Cercle
4063 5891 4101 6013 N.
4163 5891 4212 6013 4.
4337 5891 4635 6013 Comme
4735 5891 4747 6013 A
4834 5891 4946 6013 LE-

3289 6018 3641 6140 XANDRE
3714 6018 3908 6140 laiſſe
3957 6018 4127 6140 aller
4176 6018 4273 6140 ſon
4358 6018 4589 6140 corps
4638 6018 4808 6140 hors
4869 6018 4942 6140 de

3259 6146 3357 6266 ſon
3443 6146 3701 6266 poids,
3775 6146 4069 6266 entrant
4143 6146 4327 6266 pour
4389 6146 4733 6266 prendre
4782 6146 4954 6266 l’In-

2796 6269 3050 6391 ſtance
3107 6269 3280 6391 plus
3337 6269 3660 6391 proche,
3706 6269 3764 6391 au
3867 6269 4132 6391 meſme
4213 6269 4731 6391 mouvement
4823 6269 4939 6391 ZA-

2824 6391 3152 6519 CHARIE
3237 6391 3528 6519 entrant
3600 6391 3649 6519 du
3722 6391 3891 6519 pied
3964 6391 4195 6519 droi
4243 6391 4352 6519 ſur
4401 6391 4461 6519 le
4546 6391 4934 6519 Diametre

2817 6515 3012 6646 entre
3233 6515 3233 6646 &
3324 6515 3376 6646 X,
3428 6515 3740 6646 s’eſſaye
3805 6515 3870 6646 de
3922 6515 4195 6646 bleſſer
4247 6515 4286 6646 ſa
4351 6515 4585 6646 partie
4650 6515 4702 6646 au
4780 6515 4949 6646 viſa-

2822 6643 2940 6765 ge,
3011 6643 3141 6765 d’un
3212 6643 3377 6765 bras
3448 6643 3744 6765 eſtandu
3838 6643 4015 6765 avec
4063 6643 4204 6765 une
4264 6643 4618 6765 brocade
4689 6643 4925 6765 oultre

2797 6771 2831 6898 la
2911 6771 3163 6898 lame:
3301 6771 3461 6898 mais
3553 6771 4103 6898 ALEXANDRE
4171 6771 4217 6898 au
4343 6771 4595 6898 meſme
4675 6771 4927 6898 temps

2794 6897 2983 7022 (lors
3077 6897 3211 7022 que
3265 6897 3305 7022 la
3386 6897 3655 7022 pointe
3722 6897 3789 7022 de
3856 6897 3897 7022 ſa
3964 6897 4193 7022 partie
4246 6897 4246 7022 à
4300 6897 4502 7022 paſſé
4556 6897 4596 7022 ſa
4663 6897 4945 7022 garde)

2825 7020 2952 7149 met
2990 7020 3220 7149 icelle
3283 7020 3500 7149 garde
3551 7020 3614 7149 au
3678 7020 3920 7149 foible
3984 7020 4048 7149 de
4098 7020 4137 7149 la
4188 7020 4391 7149 lame
4455 7020 4519 7149 de
4570 7020 4672 7149 ſon
4786 7020 4952 7149 Con-

4677 7164 4941 7260 traire,

2841 493 3127 615 tourné
3198 493 3246 615 en
3330 493 3604 615 dehors
3675 493 3723 615 en
3806 493 4092 615 courbe
4199 493 4211 615 &
4271 493 4664 615 brocade,
4712 493 4759 615 la
4854 493 4986 615 gar-

2858 618 2921 742 de
3010 618 3061 742 de
3112 618 3391 742 l’eſpee
3442 618 3620 742 pres
3683 618 3747 742 de
3785 618 3836 742 ſa
3899 618 4115 742 teſte,
4153 618 4191 742 ſa
4242 618 4433 742 lame
4496 618 4979 742 reſpondant

2863 744 3402 872 droiement
3475 744 3573 872 ſur
3634 744 3683 872 la
3744 744 3940 872 teſte
4026 744 4087 872 de
4161 744 4259 872 ſon
4393 744 4822 872 Contraire,
4883 744 4993 872 te-

2833 870 3016 987 nant
3062 870 3108 987 la
3165 870 3577 987 rondache
3646 870 3967 987 devant,
4036 870 4150 987 s’en
4242 870 4620 987 couvrant
4666 870 4711 987 la
4780 870 4986 987 poic-

2834 1000 3026 1120 trine
3134 1000 3146 1120 &
3194 1000 3242 1120 le
3302 1000 3578 1120 viſage.
3662 1000 3674 1120 A
3734 1000 4202 1120 LEXANDRE
4250 1000 4526 1120 tenant
4575 1000 4683 1120 ſon
4767 1000 4971 1120 eſpee

2891 1113 2904 1260 &
2971 1113 3024 1260 le
3091 1113 3264 1260 pied
3345 1113 3625 1260 eſlevé;
3718 1113 4012 1260 comme
4079 1113 4119 1260 il
4186 1113 4279 1260 eſt
4332 1113 4653 1260 ſpecifié
4720 1113 4987 1260 audi

2873 1250 3113 1341 Cercle
3233 1250 3273 1341 N.
3327 1250 3367 1341 1.

3535 1386 3850 1578 Cercle
4053 1386 4323 1578 N.s.

2839 1625 3022 1745 Comme
3113 1625 3400 1745 Alexandre
3457 1625 3571 1745 veut
3617 1625 3835 1745 prendre
3880 1625 3983 1745 plus
4018 1625 4201 1745 proche
4258 1625 4522 1745 Inſtance,
4602 1625 4854 1745 Zacharie
4899 1625 4968 1745 luy

2933 1749 3024 1869 tire
3070 1749 3379 1869 auviſage,
3413 1749 3448 1869 ſe
3505 1749 3848 1869 deſcouvrant
3894 1749 3985 1869 par
4031 1749 4065 1869 ce
4134 1749 4271 1869 moyen
4340 1749 4363 1869 le
4409 1749 4592 1869 corps,
4615 1749 4660 1869 ce
4706 1749 4786 1869 qui
4843 1749 4969 1869 fait

2942 1874 3369 2016 qu’Alexandre
3416 1874 3594 2016 couvre
3641 1874 3677 2016 ſa
3725 1874 3855 2016 lame
3902 1874 4175 2016 laquelle,
4211 1874 4247 2016 il
4294 1874 4496 2016 gradue
4591 1874 4591 2016 &
4638 1874 4662 2016 le
4709 1874 4852 2016 bleſſe
4911 1874 4958 2016 au

2942 2002 3200 2115 viſage.

3313 2140 3644 2262 ECercle
3705 2140 4060 2262 contient
4109 2140 4146 2262 la
4207 2140 4623 2262 pourſuite
4696 2140 4745 2262 du
4819 2140 4978 2262 pre-

3286 2269 3599 2383 cedent.
3733 2269 4302 2383 ALEXANDRE
4358 2269 4682 2383 voulant
4737 2269 4972 2383 pren-

3302 2393 3399 2512 dre
3460 2393 3631 2512 plus
3692 2393 3997 2512 proche
4070 2393 4485 2512 Inſtance,
4558 2393 4863 2512 comme
4937 2393 4973 2512 il

3284 2519 3343 2638 va
3424 2519 3913 2638 tresbucher
3995 2519 4053 2638 du
4158 2519 4367 2638 corps
4449 2519 4624 2638 hors
4705 2519 4775 2638 de
4833 2519 4938 2638 ſon

2810 2646 3078 2768 poids,
3195 2646 3639 2768 ZACHARIE
3709 2646 3767 2768 au
3872 2646 4129 2768 meſme
4211 2646 4760 2768 mouvement,
4830 2646 4958 2768 tire

2835 2768 2955 2888 d’un
3028 2768 3196 2888 bras
3305 2768 3317 2888 &
3377 2768 3582 2888 eſpee
3654 2768 4028 2888 eſtandus
4088 2768 4136 2888 en
4221 2768 4462 2888 droite
4534 2768 4739 2888 ligne
4811 2768 4968 2888 vers

2808 2895 2906 3014 ſon
3015 2895 3332 3014 viſage:
3466 2895 3612 3014 mais
3709 2895 4002 3014 pource
4099 2895 4233 3014 que
4294 2895 4342 3014 le
4440 2895 4635 3014 coſté
4720 2895 4951 3014 droi

2817 3021 3015 3140 vient
3097 3021 3399 3140 devant,
3458 3021 3493 3140 il
3539 3021 3725 3140 fault
3795 3021 3923 3140 que
3981 3021 4040 3140 le
4110 3021 4401 3140 gauche
4459 3021 4645 3140 avec
4692 3021 4727 3140 la
4785 3021 4959 3140 ron-

2831 3146 3051 3265 dache
3121 3146 3179 3265 ſe
3237 3146 3597 3265 retirent,
3667 3146 4178 3265 deſtournant
4236 3146 4352 3265 par
4434 3146 4492 3265 ce
4573 3146 4724 3265 moy
4782 3146 4829 3265 en
4898 3146 4956 3265 le

2821 3271 3074 3394 corps,
3146 3271 3254 3394 qui
3302 3271 3483 3394 fai
3567 3271 4325 3394 qu’ALEXANDRE
4398 3271 4963 3394 s’aperçevant

2828 3393 2886 3511 de
2978 3393 3036 3511 ce
3140 3393 3693 3511 mouvement,
3763 3393 4040 3511 couvre
4120 3393 4178 3511 de
4247 3393 4293 3511 ſa
4363 3393 4628 3511 pointe
4686 3393 4951 3511 l’eſpée

2821 3518 2891 3642 de
2937 3518 2972 3642 ſa
3052 3518 3341 3642 partie,
3410 3518 3942 3642 rencontrant
4011 3518 4080 3642 de
4127 3518 4173 3642 la
4242 3518 4508 3642 ſienne
4554 3518 4658 3642 les
4739 3518 4958 3642 moin-

2819 3646 2985 3770 dres
3056 3646 3375 3770 d’icelle;
3422 3646 3588 3770 puis
3635 3646 3682 3770 la
3753 3646 4131 3770 graduant
4178 3646 4356 3770 avec
4415 3646 4958 3770 avancement

2825 3771 2876 3892 du
2977 3771 3230 3892 corps,
3268 3771 3306 3892 il
3357 3771 3622 3892 plante
3673 3771 3723 3892 le
3774 3771 3951 3892 pied
4014 3771 4255 3892 droi
4318 3771 4545 3892 eſlevé
4621 3771 4735 3892 par
4824 3771 4950 3892 delà

2822 3899 2881 4020 du
3000 3899 3379 4020 Diametre
3427 3899 3498 4020 un
3569 3899 3699 4020 peu
3782 3899 4032 4020 oultre
4079 3899 4115 4020 la
4162 3899 4399 4020 lettre
4482 3899 4518 4020 L,
4553 3899 4969 4020 penchant

2812 4019 2862 4144 le
2925 4019 3150 4144 corps
3225 4019 3500 4144 deſſus,
3625 4019 3625 4144 &
3687 4019 3737 4144 le
3837 4019 4150 4144 mettant
4237 4019 4400 4144 dans
4450 4019 4725 4144 l’angle
4800 4019 4962 4144 qu’il

2814 4136 2974 4268 s’eſt
3036 4136 3208 4268 ainſi
3294 4136 3615 4268 ouvert,
3688 4136 3725 4268 il
3787 4136 4021 4268 bleſſe
4095 4136 4156 4268 au
4255 4136 4514 4268 meſme
4587 4136 4846 4268 temps
4920 4136 4957 4268 ſa

2814 4278 3059 4403 partie
3132 4278 3169 4403 en
3267 4278 3548 4403 droie
3597 4278 3805 4403 ligne
3854 4278 3915 4403 au
4001 4278 4295 4403 viſage;
4368 4278 4674 4403 comme
4748 4278 4772 4403 il
4846 4278 4968 4403 ap-

2812 4403 2974 4528 pert
3024 4403 3162 4528 aux
3224 4403 3549 4528 figures.
