5479 7714
660 541 914 671 traire,
1019 541 1019 671 &
1065 541 1111 671 la
1192 541 1563 671 graduant
1609 541 1783 671 avec
1841 541 2304 671 avancemẽt
2385 541 2431 671 du
2512 541 2756 671 corps,

653 666 690 795 il
741 666 993 795 plante
1069 666 1119 795 le
1195 666 1371 795 pied
1447 666 1674 795 droi
1737 666 1964 795 eſlevé
2039 666 2140 795 par
2228 666 2354 795 delà
2455 666 2493 795 du
2619 666 2758 795 Dia-

690 785 902 906 metre
949 785 961 906 à
1008 785 1055 906 la
1114 785 1338 906 lettre
1420 785 1467 906 L;
1573 785 1573 906 &
1644 785 1856 906 cõme
1950 785 1950 906 Z
2020 785 2397 906 ACHARIE
2468 785 2750 906 voyant

670 915 869 1043 venir
916 915 951 1043 la
1021 915 1291 1043 pointe
1350 915 1502 1043 vers
1561 915 1667 1043 ſon
1749 915 2018 1043 viſage,
2054 915 2100 1043 la
2159 915 2323 1043 pare
2405 915 2452 1043 en
2546 915 2746 1043 hauſ-

656 1038 806 1147 ſant
852 1038 898 1147 ſa
956 1038 1186 1147 lame,
1290 1038 1302 1147 &
1348 1038 1394 1147 ſe
1463 1038 1832 1147 couvrant
1890 1038 1924 1147 la
2005 1038 2190 1147 veuë
2259 1038 2317 1147 ou
2409 1038 2743 1147 l’eſtoca-

679 1162 738 1283 de
809 1162 1023 1283 eſtoit
1070 1162 1461 1283 adreſſée,
1556 1162 2126 1283 ALEXANDRE
2185 1162 2375 1283 jette
2446 1162 2493 1283 en
2565 1162 2743 1283 rond

653 1288 699 1413 le
780 1288 953 1413 pied
1045 1288 1322 1413 gauche
1414 1288 1656 1413 (avec
1725 1288 1794 1413 un
1886 1288 2578 1413 contournement
2670 1288 2716 1413 du

675 1411 879 1537 corps
939 1411 987 1537 en
1072 1411 1384 1537 dehors)
1468 1411 1793 1537 derriere
1841 1411 1901 1537 le
1949 1411 2238 1537 planté,
2286 1411 2406 1537 par
2490 1411 2623 1537 delà
2695 1411 2755 1537 le

703 1537 1073 1659 Diametre
1143 1537 1143 1659 à
1212 1537 1247 1659 la
1316 1537 1548 1659 lettre
1641 1537 1687 1659 P,
1779 1537 2092 1659 mettant
2162 1537 2208 1659 le
2289 1537 2497 1659 corps
2578 1537 2740 1659 dans

645 1657 916 1788 l’angle
990 1657 1285 1788 ouvert,
1408 1657 1408 1788 &
1494 1657 1654 1788 dans
1703 1657 1740 1788 la
1802 1657 2503 1788 perpendiculaire
2589 1657 2651 1788 de
2700 1657 2737 1788 la

657 1779 837 1909 lame
909 1779 969 1909 de
1017 1779 1065 1909 ſa
1113 1779 1377 1909 partie;
1437 1779 1725 1909 comme
1773 1779 1870 1909 les
1918 1779 2206 1909 figures
2266 1779 2746 1909 enſeignent.

1381 1948 1699 2106 Cercle
1933 1948 2166 2106 N.7.

764 2156 1054 2278 Alexandre
1101 2156 1240 2278 bleſſe
1298 2156 1402 2278 d’un
1449 2156 1623 2278 revers
1669 2156 1704 2278 ſa
1751 2156 1913 2278 partie
1959 2156 2029 2278 ſur
2075 2156 2110 2278 la
2157 2156 2319 2278 jambe
2365 2156 2621 2278 droicte.

1144 2297 1268 2423 Ecy
1330 2297 1418 2423 eſt
1467 2297 1505 2423 la
1567 2297 1978 2423 pourſuite
2040 2297 2090 2423 du
2202 2297 2439 2423 Cercle
2489 2297 2750 2423 prece-

1132 2424 1321 2518 dent.
1444 2424 1467 2518 A
1522 2424 1991 2518 LEXANDRE
2047 2424 2349 2518 entrant
2404 2424 2561 2518 auſſi
2617 2424 2751 2518 toſt

1114 2546 1175 2671 un
1260 2546 1370 2671 pas
1443 2546 1492 2671 du
1565 2546 1736 2671 pied
1810 2546 2078 2671 droi,
2127 2546 2176 2671 le
2237 2546 2591 2671 plantant
2640 2546 2762 2671 par

1145 2668 1195 2792 de
1245 2668 1295 2792 la
1408 2668 1420 2792 &
1470 2668 1645 2792 hors
1733 2668 1771 2792 du
1908 2668 2171 2792 Cercle,
2246 2668 2271 2792 il
2334 2668 2634 2792 penche
2696 2668 2746 2792 le

663 2789 879 2921 corps
951 2789 1312 2921 deſſoubs
1348 2789 1396 2921 la
1445 2789 1637 2921 lame
1709 2789 1769 2921 de
1817 2789 1865 2921 ſa
1926 2789 2202 2921 partie,
2286 2789 2443 2921 dans
2491 2789 2539 2921 la
2587 2789 2744 2921 per-

656 2915 1208 3040 pendiculaire
1292 2915 1593 3040 d’icelle,
1641 2915 1965 3040 portant
2037 2915 2422 3040 enſemble
2470 2915 2578 3040 ſon
2674 2915 2758 3040 eſ-

652 3038 779 3160 pee
860 3038 1057 3160 d’une
1127 3038 1717 3160 circonference
1799 3038 1856 3160 de
1903 3038 2076 3160 haut
2146 3038 2192 3160 en
2262 3038 2435 3160 bas,
2551 3038 2563 3160 &
2632 3038 2760 3160 fra-

649 3164 827 3293 pant
898 3164 1028 3293 d’un
1100 3164 1360 3293 revers
1408 3164 1515 3293 ſur
1562 3164 1598 3293 la
1669 3164 1930 3293 jambe
2013 3164 2298 3293 droie
2369 3164 2428 3293 de
2487 3164 2535 3293 ſa
2606 3164 2760 3293 par-

652 3291 779 3414 tie;
836 3291 1136 3414 comme
1182 3291 1217 3414 il
1263 3291 1309 3414 ſe
1378 3291 1540 3414 void
1586 3291 1736 3414 aux
1782 3291 2105 3414 figures.

1373 3789 1675 3956 Cercle
1890 3789 2149 3956 N.8.

672 4001 855 4110 Comme
930 4001 1189 4110 Lacharie
1232 4001 1275 4110 va
1329 4001 1448 4110 tirer
1491 4001 1534 4110 ſa
1588 4001 1803 4110 brocade
1846 4001 2094 4110 contenue
2159 4001 2202 4110 au
2278 4001 2428 4110 Cercle
2536 4001 2569 4110 N.
2644 4001 2676 4110 6.
2741 4001 2762 4110 il

778 4128 959 4244 avance
1023 4128 1077 4244 icy
1119 4128 1151 4244 le
1194 4128 1333 4244 corps
1397 4128 1493 4244 d’un
1557 4128 1718 4244 meſme
1760 4128 1953 4244 temps.
2049 4128 2337 4244 Alexandre
2391 4128 2540 4244 ayant
2594 4128 2754 4244 fermé

777 4249 815 4366 la
852 4249 988 4366 ligue
1050 4249 1087 4366 de
1137 4249 1446 4366 l’eſtocade,
1496 4249 1657 4366 ſaiſiſt
1731 4249 1756 4366 de
1818 4249 1855 4366 la
1929 4249 2028 4366 main
2115 4249 2301 4366 gauche
2375 4249 2549 4366 l’eſpee
2635 4249 2660 4366 de
2722 4249 2759 4366 ſa

766 4371 999 4491 partie,
1054 4371 1077 4491 il
1132 4371 1321 4491 pauche
1387 4371 1421 4491 le
1487 4371 1587 4491 bras
1676 4371 1687 4491 &
1731 4371 1764 4491 la
1809 4371 1975 4491 pointe
2042 4371 2075 4491 de
2119 4371 2153 4491 ſa
2197 4371 2319 4491 lame
2397 4371 2508 4491 aec
2552 4371 2763 4491 pouvoir

794 4500 821 4615 de
873 4500 900 4615 le
952 4500 1150 4615 lleſſer.

1140 4635 1152 4759 E
1239 4635 1473 4759 Cercle
1535 4635 1659 4759 tire
1708 4635 1807 4759 ſon
1881 4635 2165 4759 origine
2239 4635 2350 4759 des
2400 4635 2758 4759 poſtures

1131 4755 1181 4874 du
1305 4755 1540 4874 Cercle
1652 4755 1689 4874 N.
1751 4755 1801 4874 4.
1850 4755 1949 4874 les
2011 4755 2297 4874 parties
2346 4755 2607 4874 faiſant
2656 4755 2756 4874 les

1129 4880 1592 4999 operations
1675 4880 1722 4999 du
1853 4880 2090 4999 Cercle
2209 4880 2245 4999 N.
2340 4880 2375 4999 6.
2482 4880 2755 4999 exepté

1129 5002 1258 5122 que
1351 5002 1597 5122 quand
1726 5002 2242 5122 ZACHARIE
2324 5002 2382 5122 va
2453 5002 2628 5122 tirer
2710 5002 2757 5122 ſa

669 5125 1007 5252 brocade
1075 5125 1312 5252 oultre
1357 5125 1402 5252 la
1458 5125 1650 5252 lame
1706 5125 1774 5252 de
1819 5125 1864 5252 ſa
1920 5125 2191 5252 partie,
2247 5125 2281 5252 il
2326 5125 2608 5252 avance
2698 5125 2743 5252 en

674 5249 734 5366 ce
840 5249 1077 5366 Cercle
1160 5249 1219 5366 de
1314 5249 1574 5366 meſme
1633 5249 1882 5366 temps
1953 5249 2000 5366 le
2083 5249 2332 5366 corps,
2426 5249 2438 5366 &
2485 5249 2533 5366 le
2616 5249 2758 5366 vol-

669 5372 820 5493 tant
866 5372 901 5493 il
948 5372 1145 5493 jette
1203 5372 1249 5493 en
1319 5372 1505 5493 rond
1551 5372 1609 5493 le
1656 5372 1830 5493 pied
1899 5372 2178 5493 gauche
2224 5372 2445 5493 (avec
2503 5372 2561 5493 un
2654 5372 2758 5493 cõ-

669 5497 1184 5621 tournement
1253 5497 1310 5621 du
1390 5497 1642 5621 corps)
1699 5497 1745 5621 en
1825 5497 2134 5621 dehors,
2168 5497 2214 5621 le
2271 5497 2557 5621 paſſant
2626 5497 2763 5621 der-

672 5622 852 5746 riere
924 5622 972 5746 le
1044 5622 1332 5746 planté,
1392 5622 1512 5746 par
1584 5622 1716 5746 delà
1776 5622 1824 5746 le
1932 5622 2303 5746 Diametre
2363 5622 2651 5746 proche
2711 5622 2747 5746 la

664 5744 894 5856 lettre
1003 5744 1051 5856 N,
1148 5744 1692 5856 ALEXANDRE
1752 5744 2103 5856 (comme
2140 5744 2176 5856 il
2236 5744 2236 5856 à
2297 5744 2430 5856 eſté
2514 5744 2635 5856 di
2696 5744 2744 5856 au

712 5867 946 5988 Cercle
1076 5867 1115 5988 N.
1193 5867 1258 5988 6)
1322 5867 1556 5988 ferme
1608 5867 1647 5988 la
1699 5867 1894 5988 ligne
1984 5867 2049 5988 de
2114 5867 2543 5988 l’eſtocade
2608 5867 2672 5988 de
2724 5867 2763 5988 ſa

668 5990 946 6113 partie,
1068 5990 1080 6113 &
1128 5990 1346 6113 apres
1406 5990 1612 6113 avoir
1685 5990 1939 6113 planté
2000 5990 2048 6113 le
2133 5990 2302 6113 pied
2363 5990 2593 6113 droi
2653 5990 2762 6113 par

691 6118 820 6230 delà
902 6118 949 6230 le
1043 6118 1418 6230 Diametre
1500 6118 1559 6230 un
1641 6118 1758 6230 peu
1840 6118 2087 6230 oultre
2146 6118 2192 6230 la
2263 6118 2486 6230 lettre
2580 6118 2638 6230 C,
2756 6118 2756 6230 -

679 6238 908 6359 eſlevé
953 6238 1011 6359 le
1068 6238 1388 6359 gauche,
1456 6238 1754 6359 comme
1799 6238 1891 6359 les
1959 6238 2154 6359 deux
2211 6238 2428 6359 corps
2474 6238 2622 6359 ſont
2691 6238 2736 6359 en

672 6360 709 6480 ſi
746 6360 1045 6480 proche
1095 6360 1481 6480 inſtance,
1530 6360 1555 6480 il
1605 6360 1829 6480 ſaiſiſt
1891 6360 1954 6480 de
2003 6360 2041 6480 la
2128 6360 2277 6480 main
2364 6360 2651 6480 gauche
2725 6360 2763 6480 la

688 6481 909 6605 garde
983 6481 1045 6605 de
1094 6481 1353 6605 l’eſpee
1427 6481 1488 6605 de
1525 6481 1575 6605 ſa
1636 6481 1907 6605 partie,
2006 6481 2006 6605 &
2055 6481 2388 6605 l’eſlevãt
2449 6481 2498 6605 en
2560 6481 2769 6605 haut,

678 6606 703 6728 il
766 6606 1020 6728 plante
1096 6606 1146 6728 le
1197 6606 1374 6728 pied
1438 6606 1716 6728 gauche
1792 6606 2007 6728 eſleve
2071 6606 2185 6728 par
2273 6606 2438 6728 deçà
2501 6606 2552 6728 le
2653 6606 2780 6728 Dia-

704 6732 917 6858 metre
993 6732 1093 6858 ſur
1168 6732 1206 6858 la
1293 6732 1494 6858 ligne
1569 6732 1569 6858 I
1657 6732 1720 6858 L;
1807 6732 1970 6858 puis
2033 6732 2071 6858 il
2121 6732 2421 6858 panche
2497 6732 2547 6858 le
2609 6732 2772 6858 bras

699 6856 920 6978 droi
978 6856 1153 6978 avec
1199 6856 1234 6978 la
1304 6856 1560 6978 pointe
1630 6856 1688 6978 de
1746 6856 1781 6978 ſa
1828 6856 2025 6978 lame
2107 6856 2153 6978 en
2223 6856 2351 6978 bas
2409 6856 2456 6978 en
2549 6856 2759 6978 angle

679 6975 876 7100 acut,
925 6975 1269 7100 pouvant
1330 6975 1613 7100 d’icelle
1674 6975 1944 7100 bleſſer
1994 6975 2092 7100 ſon
2203 6975 2583 7100 Contraire
2645 6975 2768 7100 d’u-

4856 7111 4998 7201 Cer-

3593 1127 3910 1282 Cercle
4120 1127 4373 1282 N.9.

2916 1320 3208 1445 Alexandre
3249 1320 3437 1445 tenant
3478 1320 3499 1445 le
3541 1320 3655 1445 bras
3708 1320 4041 1445 moderement
4083 1320 4291 1445 eſtandu
4395 1320 4395 1445 &
4447 1320 4624 1445 tourne
4666 1320 4697 1445 en
4781 1320 4978 1445 dehors,

3003 1453 3038 1570 il
3072 1453 3208 1570 croiſe
3276 1453 3299 1570 de
3345 1453 3379 1570 ſa
3436 1453 3595 1570 pointe
3640 1453 3675 1570 le
3754 1453 4039 1570 Diametre.

3378 1596 3390 1689 E
3478 1596 3715 1689 Cercle
3765 1596 3890 1689 tire
3940 1596 3977 1689 ſa
4040 1596 4302 1689 ſource
4365 1596 4415 1689 du
4527 1596 4764 1689 Cercle
4877 1596 4989 1689 N.1.

3361 1723 3658 1843 comme
3749 1723 4182 1843 ZACHARIE
4251 1723 4525 1843 attend
4582 1723 4696 1843 icy
4753 1723 4981 1843 l’ope-

3353 1843 3579 1959 ration
3681 1843 3737 1959 de
3828 1843 3873 1959 ſa
3963 1843 4268 1959 partie,
4393 1843 4980 1959 ALEXANDRE

3350 1966 3702 2085 plantant
3752 1966 3802 2085 le
3852 1966 4016 2085 pied
4091 1966 4317 2085 droi
4380 1966 4606 2085 eſlevé
4656 1966 4769 2085 par
4832 1966 4970 2085 delà

2891 2090 2942 2210 le
3030 2090 3398 2210 Diametre
3449 2090 3550 2210 ſur
3588 2090 3639 2210 la
3689 2090 3892 2210 ligne
3955 2090 3955 2210 I
4082 2090 4108 2210 N,
4146 2090 4184 2210 il
4234 2090 4526 2210 penche
4576 2090 4665 2210 (le
4729 2090 4957 2210 genou

2892 2212 3049 2331 ploy
3121 2212 3157 2331 é)
3218 2212 3266 2331 le
3326 2212 3543 2331 corps
3604 2212 3881 2331 deſſus,
3942 2212 4123 2331 avec
4183 2212 4593 2331 pourſuite
4678 2212 4726 2331 du
4834 2212 4991 2331 gau-

2904 2337 3026 2455 che
3087 2337 3258 2455 auſſi
3307 2337 3417 2455 par
3503 2337 3638 2455 delà
3711 2337 3760 2455 le
3858 2337 4224 2455 Diametre
4286 2337 4286 2455 à
4335 2337 4383 2455 la
4445 2337 4677 2455 lettre
4775 2337 4824 2455 D,
4885 2337 4995 2455 te-

2884 2460 3060 2557 nant
3126 2460 3169 2557 le
3224 2460 3389 2557 bras
3466 2460 4003 2557 moderement
4091 2460 4376 2557 eſtandu
4496 2460 4507 2557 &
4562 2460 4836 2557 tourné
4913 2460 4957 2557 en

2908 2582 3217 2701 dehors,
3285 2582 3331 2701 le
3434 2582 3742 2701 mettant
3822 2582 3868 2701 au
3982 2582 4245 2701 devant
4313 2582 4359 2701 la
4428 2582 4862 2701 poirine,
4930 2582 4964 2701 la

2890 2708 3202 2824 poine
3298 2708 3358 2824 de
3418 2708 3466 2824 ſa
3514 2708 3707 2824 lame
3779 2708 4343 2824 adcendente,
4428 2708 4488 2824 de
4548 2708 4884 2824 laquelle
4956 2708 4992 2824 il

2901 2825 3126 2947 croiſe
3185 2825 3244 2947 le
3350 2825 3716 2947 Diametre
3811 2825 3870 2947 du
3988 2825 4271 2947 Cercle;
4354 2825 4649 2947 comme
4708 2825 4980 2947 l’eſpee

2887 2953 3150 3070 peinte
3222 2953 3461 3070 deſſus
3497 2953 3556 3070 le
3628 2953 4106 3070 demonſtre.

3617 3104 3921 3284 Cercle
4224 3104 4419 3284 P10.

2911 3302 3093 3421 Comme
3167 3302 3423 3421 Zacharie
3471 3302 3691 3421 attend,
3800 3302 4093 3421 Alexandre
4142 3302 4373 3421 pourſuit
4483 3302 4483 3421 &
4556 3302 4690 3421 bleſſe
4727 3302 4763 3421 ſa
4824 3302 4995 3421 partie

3029 3429 3161 3542 d’une
3205 3429 3436 3542 eſtocade
3480 3429 3578 3542 tire
3633 3429 3666 3542 en
3732 3429 3908 3542 courbe
3963 3429 3963 3542 à
4018 3429 4051 3542 la
4106 3429 4424 3542 poictrine.

3373 3557 3790 3680 ACHARIE
3848 3557 4276 3680 attendant
4310 3557 4762 3680 l’operation
4831 3557 4993 3680 pre-

3361 3684 3729 3801 cedente,
3821 3684 3833 3801 &
3913 3684 3925 3801 A
3994 3684 4489 3801 LEXANDRE
4535 3684 4581 3801 la
4639 3684 4984 3801 pourſui-

3358 3808 3552 3925 vant,
3610 3808 3655 3925 en
3735 3808 4056 3925 eſlevant
4124 3808 4170 3925 le
4227 3808 4399 3925 pied
4467 3808 4742 3925 gauche
4810 3808 4982 3925 avec

3341 3934 3873 4047 avancement
3952 3934 4008 4047 du
4099 3934 4359 4047 corps,
4450 3934 4484 4047 il
4540 3934 4597 4047 le
4653 3934 4846 4047 jette
4913 3934 4970 4047 en

2897 4052 3083 4181 rond
3153 4052 3375 4181 (avec
3422 4052 3958 4181 avancement
4017 4052 4075 4181 du
4156 4052 4343 4181 coſté
4413 4052 4693 4181 gauche
4763 4052 4810 4181 en
4903 4052 4996 4181 de-

2900 4176 3115 4299 hors)
3198 4176 3520 4299 derriere
3580 4176 3628 4299 le
3699 4176 3974 4299 planté,
4081 4176 4081 4299 &
4165 4176 4558 4299 eſtandant
4630 4176 4666 4299 la
4725 4176 4988 4299 pointe

2916 4302 2971 4421 de
3049 4302 3139 4421 ſon
3239 4302 3451 4421 eſpee
3529 4302 3574 4421 en
3685 4302 3953 4421 dedans
4020 4302 4199 4421 avec
4254 4302 4299 4421 le
4366 4302 4835 4421 tordement
4913 4302 4957 4421 du

2899 4423 3095 4546 bras,
3156 4423 3192 4546 il
3253 4423 3509 4546 plante
3558 4423 3607 4546 le
3656 4423 3838 4546 pied
3899 4423 4131 4546 eſlevé
4204 4423 4314 4546 par
4387 4423 4509 4546 delà
4570 4423 4619 4546 le
4717 4423 4985 4546 Diame-

2898 4547 2995 4672 tre
3093 4547 3384 4672 proche
3482 4547 3542 4672 de
3627 4547 3664 4672 la
3737 4547 3968 4672 lettre
4053 4547 4113 4672 S,
4198 4547 4527 4672 bleſſant
4599 4547 4757 4672 tout
4843 4547 4976 4672 d’un

2896 4670 3155 4795 temps
3202 4670 3296 4795 ſon
3414 4670 3790 4795 Contraire
3837 4670 4096 4795 (d’une
4167 4670 4532 4795 eſtocade
4579 4670 4767 4795 tirée
4826 4670 4990 4795 avec

2886 4796 2934 4920 la
3006 4796 3283 4920 courbe
3368 4796 3416 4920 du
3500 4796 3681 4920 long
3741 4796 3801 4920 de
3850 4796 3886 4920 la
3958 4796 4404 4920 rondache)
4476 4796 4524 4920 en
4585 4796 4633 4920 la
4693 4796 5006 4920 poiri-

2898 4922 3020 5042 ne;
3118 4922 3411 5042 comme
3484 4922 3520 5042 la
3606 4922 3837 5042 figure
3923 4922 4203 5042 d’icelle
4276 4922 4483 5042 eſpee
4569 4922 4825 5042 peinte
4898 4922 5008 5042 ſur

2899 5044 2948 5168 le
3034 5044 3268 5168 Cercle
3355 5044 3699 5168 monſtre,
3810 5044 3810 5168 &
3859 5044 3958 5168 les
4007 5044 4303 5168 figures
4339 5044 4881 5168 l’expriment.

3633 5208 3947 5392 Cercle
4171 5208 4440 5392 N.11.

2998 5430 3280 5545 Alexandre
3335 5430 3617 5545 augmente
3650 5430 3715 5545 ſon
3769 5430 3878 5545 coup
3932 5430 3964 5545 au
4019 5430 4236 5545 travers
4290 5430 4323 5545 du
4377 5430 4518 5545 corps
4572 5430 4605 5545 de
4648 5430 4681 5545 ſa
4735 5430 4931 5545 partie.

3388 5561 3498 5687 Ecy
3560 5561 3646 5687 eſt
3707 5561 3744 5687 la
3805 5561 3990 5687 ſuite
4063 5561 4125 5687 de
4174 5561 4211 5687 la
4272 5561 4764 5687 precedente
4837 5561 4997 5687 ope-

3347 5687 3617 5805 ration.
3707 5687 4260 5805 ALEXANDRE
4338 5687 4631 5805 entrant
4699 5687 4755 5805 du
4823 5687 4992 5805 pied

3369 5811 3589 5928 droi
3644 5811 3821 5928 avec
3876 5811 4394 5928 avancement
4460 5811 4515 5928 du
4603 5811 4857 5928 corps,
4934 5811 4989 5928 le

3382 5935 3683 6054 mettant
3787 5935 3950 6054 dans
4019 5935 4065 6054 la
4146 5935 4841 6054 perpendiculaire
4934 5935 4992 6054 de

2909 6056 3175 6184 l’eſpee
3239 6056 3302 6184 de
3353 6056 3391 6184 ſa
3467 6056 3746 6184 partie,
3810 6056 3848 6184 il
3899 6056 4140 6184 plante
4203 6056 4254 6184 le
4317 6056 4482 6184 pied
4546 6056 4774 6184 eſlevé
4825 6056 5003 6184 hors

2963 6181 2976 6300 &
3026 6181 3077 6300 au
3179 6181 3306 6300 delà
3382 6181 3433 6300 du
3547 6181 3776 6300 Cercle
3840 6181 4132 6300 proche
4170 6181 4221 6300 la
4272 6181 4501 6300 lettre
4577 6181 4640 6300 T,
4742 6181 4755 6300 &
4831 6181 5009 6300 pen-

2919 6302 3134 6428 chant
3205 6302 3253 6428 le
3337 6302 3551 6428 corps
3647 6302 3933 6428 deſſus,
4017 6302 4053 6428 il
4112 6302 4542 6428 augmente
4613 6302 4709 6428 ſon
4804 6302 4995 6428 coup

2902 6427 3351 6551 precedent
3397 6427 3455 6551 au
3535 6427 3823 6551 travers
3881 6427 3938 6551 du
4019 6427 4226 6551 corps
4295 6427 4364 6551 de
4422 6427 4456 6551 ſa
4514 6427 4802 6551 partie,
4871 6427 4998 6551 fai-

2900 6553 3052 6657 ſant
3096 6553 3161 6657 un
3270 6553 3771 6657 mouvement
3837 6553 3891 6657 de
3956 6553 4457 6657 concluſion;
4534 6553 4828 6657 comme
4893 6553 4991 6657 les

2903 6679 3192 6803 figures
3265 6679 3711 6803 monſtrent.

2893 528 2976 658 ne
3036 528 3392 658 eſtocade
3440 528 3452 658 à
3523 528 3571 658 ſa
3654 528 4023 658 volonté;
4118 528 4415 658 comme
4475 528 4510 658 il
4570 528 4784 658 apert
4843 528 4986 658 aux

2898 661 3223 776 figures.
