5479 7714
1331 516 1647 687 Cercle
1985 516 2166 687 12.

634 719 742 862 Ainſi
790 719 1232 862 qu’Alexandre
1292 719 1495 862 s’eſſaye
1555 719 1579 862 de
1627 719 1759 862 tirer
1795 719 2082 862 l’eſtocade
2130 719 2381 862 contenue
2429 719 2476 862 au
2560 719 2728 862 Cercle

751 852 850 979 N.1.
927 852 1181 979 Zacharie
1225 852 1346 979 pare
1402 852 1435 979 de
1468 852 1512 979 la
1556 852 1832 979 rondache,
1887 852 1997 979 mais
2074 852 2372 979 Alexandre
2416 852 2582 979 avant
2626 852 2714 979 que

702 980 726 1098 le
797 980 1107 1098 mouvement
1143 980 1238 1098 ſoit
1274 980 1357 1098 fini
1393 980 1429 1098 le
1465 980 1608 1098 bleſſe
1667 980 1703 1098 au
1763 980 1882 1098 eoſté
1929 980 2120 1098 gauche
2180 980 2215 1098 de
2263 980 2299 1098 la
2335 980 2549 1098 teſte.

1063 1110 1076 1241 E
1165 1110 1406 1241 Cercle
1470 1110 1609 1241 tire
1673 1110 1774 1241 ſon
1876 1110 2168 1241 origine
2270 1110 2320 1241 de
2384 1110 2714 1241 l’opera-

1037 1236 1176 1362 tion
1264 1236 1314 1362 du
1440 1236 1680 1362 Cercle
1730 1236 2183 1362 precedent
2297 1236 2423 1362 N.9.
2511 1236 2712 1362 ALE-

1053 1362 1406 1491 XANDRE
1479 1362 1784 1491 entrant
1857 1362 1979 1491 icy
2064 1362 2113 1491 du
2210 1362 2380 1491 pied
2466 1362 2697 1491 droi

1029 1484 1130 1618 ſur
1180 1484 1231 1618 le
1344 1484 1635 1618 Cercle,
1723 1484 1963 1618 eſſaye
2039 1484 2367 1618 eſlevant
2431 1484 2481 1618 le
2544 1484 2708 1618 gau-

582 1606 709 1740 che
785 1606 836 1740 de
899 1606 1077 1740 tirer
1128 1606 1546 1740 l’eſtocade
1635 1606 1686 1740 du
1800 1606 2041 1740 Cercle
2155 1606 2193 1740 N.
2244 1606 2282 1740 1.
2345 1606 2688 1740 laquelle

560 1736 594 1867 il
640 1736 652 1867 à
709 1736 755 1867 là
846 1736 1235 1867 executée
1281 1736 1464 1867 avec
1532 1736 2070 1867 avancement
2196 1736 2207 1867 &
2276 1736 2688 1867 pourſuite

580 1861 976 1993 circulaire
1063 1861 1113 1993 du
1187 1861 1348 1993 pied
1422 1861 1769 1993 gauche:
1905 1861 2054 1993 Mais
2116 1861 2165 1993 en
2264 1861 2314 1993 ce
2413 1861 2698 1993 Cercle,

603 1987 1055 2117 ZACHARIE
1115 1987 1174 2117 va
1233 1987 1435 2117 parer
1483 1987 1768 2117 ladie
1840 1987 2208 2117 eſtocade
2267 1987 2315 2117 en
2398 1987 2683 2117 dedans

571 2110 628 2222 du
720 2110 880 2222 bras
948 2110 1120 2222 avec
1188 2110 1234 2222 ſa
1303 2110 1771 2222 rondache,
1886 2110 1897 2222 A
1966 2110 2423 2222 LEXANDRE
2492 2110 2572 2222 ne
2640 2110 2675 2222 la

552 2235 842 2364 laiſſant
900 2235 1109 2364 finir,
1156 2235 1353 2364 jette
1423 2235 1470 2364 en
1539 2235 1725 2364 rond
1783 2235 1888 2364 (au
1969 2235 2690 2364 commencement

577 2363 625 2495 du
722 2363 1241 2495 mouvement
1313 2363 1373 2495 de
1422 2363 1470 2495 la
1530 2363 1989 2495 rondache)
2049 2363 2110 2495 le
2158 2363 2327 2495 pied
2399 2363 2689 2495 gauche

568 2489 797 2620 eſlevé
894 2489 1220 2620 derriere
1292 2489 1340 2620 le
1413 2489 1714 2620 planté,
1811 2489 2137 2620 portant
2221 2489 2607 2620 enſemble
2680 2489 2680 2620 à

551 2614 793 2746 l’ayde
877 2614 926 2746 du
998 2614 1324 2746 poignet
1385 2614 1494 2746 par
1554 2614 1699 2746 une
1759 2614 2376 2746 circonference
2436 2614 2533 2746 ſon
2617 2614 2690 2746 eſ-

556 2736 693 2872 pee
743 2736 856 2872 par
931 2736 1168 2872 deſſus
1218 2736 1256 2872 ſa
1318 2736 1531 2872 teſte,
1581 2736 1744 2872 puis
1794 2736 2156 2872 plantant
2206 2736 2256 2872 le
2306 2736 2481 2872 pied
2544 2736 2707 2872 eſle-

562 2867 625 2997 vé
676 2867 791 2997 par
867 2867 1007 2997 delà
1070 2867 1121 2997 le
1210 2867 1592 2997 Diametre
1643 2867 1655 2997 à
1706 2867 1744 2997 la
1795 2867 2024 2997 lettre
2113 2867 2164 2997 T,
2202 2867 2240 2997 il
2304 2867 2507 2997 frape
2558 2867 2673 2997 (du

541 2991 739 3124 long
850 2991 850 3124 &
924 2991 973 3124 en
1072 2991 1344 3124 dehors
1418 2991 1467 3124 du
1541 2991 1714 3124 bras
1813 2991 1825 3124 &
1899 2991 1961 3124 de
2023 2991 2072 3124 la
2122 2991 2578 3124 rondache)
2640 2991 2677 3124 ſa

556 3116 800 3251 partie
849 3116 910 3251 au
996 3116 1191 3251 coſté
1264 3116 1545 3251 gauche
1619 3116 1680 3251 de
1753 3116 1802 3251 la
1875 3116 2120 3251 teſte;
2242 3116 2535 3251 comme
2596 3116 2694 3251 les

553 3240 849 3366 figures
911 3240 1490 3366 demonſtrent.

1280 3708 1598 3891 Cercle
1916 3708 2121 3891 N13.

578 3931 874 4064 Alexandre
930 3931 1033 4064 tire
1090 3931 1169 4064 une
1215 3931 1442 4064 eſtocade
1499 3931 1499 4064 à
1556 3931 1590 4064 la
1658 3931 1908 4064 poictrine
1965 3931 1988 4064 de
2033 3931 2079 4064 ſa
2147 3931 2352 4064 partie,
2397 3931 2477 4064 qui
2534 3931 2568 4064 la
2636 3931 2682 4064 va

658 4067 804 4180 parer
867 4067 898 4180 de
940 4067 971 4180 la
1024 4067 1316 4180 rondache.

1040 4163 1053 4316 E
1157 4163 1404 4316 Cercle
1469 4163 1586 4316 icy
1664 4163 1989 4316 reſourd
2067 4163 2132 4316 de
2210 4163 2666 4316 l’operation

1031 4316 1079 4437 du
1189 4316 1444 4437 Cercle
1578 4316 1614 4437 N.
1663 4316 1711 4437 9.
1833 4316 2380 4437 ALEXANDRE
2453 4316 2684 4437 pour:

1004 4436 1337 4565 ſuivant,
1397 4436 1444 4565 en
1528 4436 1825 4565 entrant
1908 4436 1956 4565 du
2027 4436 2194 4565 pied
2277 4436 2503 4565 droi
2563 4436 2682 4565 par

1028 4563 1160 4690 delà
1244 4563 1292 4690 le
1413 4563 1797 4690 Diametre
1894 4563 1966 4690 un
2062 4563 2182 4690 peu
2302 4563 2555 4690 oultre
2627 4563 2687 4690 le

545 4687 808 4829 poin
946 4687 996 4829 M,
1059 4687 1586 4829 pourſuivant
1661 4687 1711 4829 du
1799 4687 2087 4829 gauche
2138 4687 2188 4829 le
2238 4687 2539 4829 jettant
2614 4687 2664 4829 en

544 4815 728 4948 rond
809 4815 1130 4948 derriere
1176 4815 1234 4948 le
1291 4815 1579 4948 planté,
1636 4815 1808 4948 avec
1866 4815 2348 4948 avancemẽt
2452 4815 2463 4948 &
2532 4815 2693 4948 con-

544 4934 1075 5076 tournement
1147 4934 1195 5076 en
1280 4934 1557 5076 dehors
1630 4934 1678 5076 du
1762 4934 1943 5076 coſté
2016 4934 2329 5076 gauche,
2365 4934 2546 5076 hors
2619 4934 2679 5076 de

2868 520 2907 642 la
2971 520 3341 642 preſence
3417 520 3481 642 de
3545 520 3584 642 la
3647 520 3928 642 pointe
3992 520 4056 642 de
4107 520 4145 642 ſa
4209 520 4477 642 partie,
4516 520 4554 642 il
4618 520 4873 642 plante
4937 520 4988 642 le

2861 649 3033 770 pied
3095 649 3329 770 eſievé
3378 649 3489 770 par
3575 649 3711 770 delà
3797 649 3846 770 du
3981 649 4351 770 Diametre
4437 649 4634 770 entre
4708 649 4806 770 les
4868 649 5003 770 let-

2859 773 3015 874 tres
3099 773 3111 874 T
3243 773 3291 874 V,
3338 773 3566 874 tirant
3638 773 3770 874 d’un
3841 773 4009 874 bras
4057 773 4333 874 tourné
4404 773 4452 874 en
4536 773 4824 874 dedans
4859 773 4871 874 à
4931 773 4979 874 la

2855 902 3250 1024 poirine
3322 902 3382 1024 de
3430 902 3477 1024 ſa
3537 902 3812 1024 partie,
3884 902 3992 1024 qui
4052 902 4111 1024 va
4171 902 4387 1024 parer
4458 902 4638 1024 avec
4698 902 4745 1024 la
4817 902 4985 1024 ron-

2873 1024 3104 1131 dache
3231 1024 3231 1131 &
3300 1024 3346 1131 le
3415 1024 3577 1131 bras
3646 1024 3934 1131 tourné
4015 1024 4061 1131 en
4165 1024 4499 1131 dedans;
4591 1024 4891 1131 comme
4949 1024 4983 1131 il

2852 1156 3126 1278 appert
3176 1156 3313 1278 aux
3363 1156 3699 1278 figures.

3575 1322 3882 1478 Cercle
4087 1322 4394 1478 N4.

2877 1547 3168 1675 Alexandre
3216 1547 3361 1675 porte
3410 1547 3482 1675 ſon
3543 1547 3676 1675 eſpee
3712 1547 3809 1675 par
3869 1547 4014 1675 deſſus
4051 1547 4087 1675 ſa
4147 1547 4268 1675 teſte
4305 1547 4426 1675 pour
4474 1547 4655 1675 fraper
4716 1547 4776 1675 ſon
4825 1547 4970 1675 coup,

2971 1677 3080 1794 mais
3155 1677 3404 1794 Lacharie
3448 1677 3545 1794 leve
3588 1677 3621 1794 le
3664 1677 3772 1794 bras
3870 1677 3870 1794 &
3913 1677 3946 1794 la
4000 1677 4270 1794 rondache
4314 1677 4346 1794 en
4400 1677 4530 1794 haut
4573 1677 4692 1794 pour
4736 1677 4757 1794 le
4801 1677 4985 1794 parer.

3329 1813 3456 1943 Ecy
3545 1813 3621 1943 eſt
3684 1813 3735 1943 la
3811 1813 4229 1943 pourſuite
4330 1813 4381 1943 du
4482 1813 4977 1943 precedent.

3331 1941 3555 2067 Avant
3645 1941 3779 2067 que
3846 1941 3902 2067 le
4003 1941 4518 2067 mouvement
4608 1941 4653 2067 du
4776 1941 4989 2067 pare-

3325 2067 3520 2166 ment
3605 2067 3665 2166 de
3787 2067 4248 2166 ZACHARIE
4320 2067 4454 2166 ſoit
4515 2067 4685 2166 fini,
4794 2067 4988 2166 ALE-

3319 2190 3659 2315 XANDRE
3719 2190 3962 2315 eſleve
3999 2190 4060 2315 le
4108 2190 4291 2315 pied
4351 2190 4582 2315 droi
4643 2190 4691 2315 en
4776 2190 4983 2315 haut,

2862 2314 3180 2443 dreſſant
3231 2314 3282 2443 le
3345 2314 3575 2443 corps
3638 2314 3880 2443 deſſus
3931 2314 3982 2443 le
4058 2314 4377 2443 gauche,
4479 2314 4479 2443 &
4542 2314 4759 2443 porte
4835 2314 4962 2443 d’un

2861 2444 3121 2566 meſme
3182 2444 3430 2566 temps
3479 2444 3528 2566 (à
3578 2444 3825 2566 l’ayde
3899 2444 3949 2566 du
4023 2444 4406 2566 poignet)
4443 2444 4554 2566 ſon
4641 2444 4839 2566 eſpee
4913 2444 4950 2566 en

2845 2570 3464 2690 circonference
3524 2570 3631 2690 par
3702 2570 3941 2690 deſſus
3988 2570 4024 2690 ſa
4095 2570 4274 2690 teſte
4357 2570 4405 2690 en
4488 2570 4715 2690 haut,
4786 2570 4977 2690 pour

2848 2694 2920 2816 de
2981 2694 3017 2816 la
3089 2694 3343 2816 fraper
3403 2694 3512 2816 ſon
3608 2694 3850 2816 coup.
4006 2694 4465 2816 ZACHARIE
4525 2694 4586 2816 au
4706 2694 4972 2816 meſme

2836 2820 3100 2944 temps
3172 2820 3340 2944 leve
3412 2820 3460 2944 le
3532 2820 3700 2944 bras
3784 2820 4072 2944 gauche
4216 2820 4216 2944 &
4288 2820 4336 2944 la
4408 2820 4817 2944 rondache
4901 2820 4949 2944 en

2830 2946 3010 3075 haut
3057 2946 3249 3075 pour
3308 2946 3523 3075 parer
3571 2946 3631 3075 le
3691 2946 3942 3075 coup;
4014 2946 4324 3075 comme
4372 2946 4408 3075 il
4468 2946 4527 3075 ſe
4611 2946 4778 3075 void
4838 2946 4982 3075 aux

2839 3073 3161 3191 figures.

3577 3202 3902 3372 Cercle
4119 3202 4400 3372 N.1S.

2865 3414 3171 3538 Alexandre
3206 3414 3347 3538 laiſſe
3394 3414 3594 3538 tomber
3629 3414 3699 3538 ſon
3746 3414 3876 3538 eſpee
3934 3414 3970 3538 du
4028 3414 4134 3538 long
4193 3414 4216 3538 de
4275 3414 4310 3538 la
4369 3414 4639 3538 rondache
4698 3414 4721 3538 de
4768 3414 4804 3538 ſa
4851 3414 4980 3538 par-

2946 3544 3040 3662 tie,
3087 3544 3204 3662 qu’il
3262 3544 3414 3662 frape
3485 3544 3590 3662 d’un
3648 3544 3824 3662 revers
3871 3544 3953 3662 ſur
3988 3544 4082 3662 l’os
4128 3544 4163 3662 de
4210 3544 4245 3662 la
4304 3544 4468 3662 jabe
4526 3544 4807 3662 gauche.

3334 3687 3454 3806 Ecy
3514 3687 3874 3806 contient
3934 3687 3982 3806 la
4054 3687 4473 3806 pourſuite
4533 3687 4701 3806 avec
4749 3687 4989 3806 l’exe-

3312 3810 3551 3935 cution
3682 3810 3742 3935 de
3837 3810 4303 3935 l’operation
4422 3810 4983 3935 precedente.

3328 3938 3339 4061 A
3421 3938 3990 4061 LEXANDRE
4094 3938 4617 4061 remarquant
4721 3938 4849 4061 que
4919 3938 4965 4061 ſa

3298 4062 3533 4183 partie
3592 4062 3756 4183 s’eſt
3815 4062 4144 4183 couvert
4191 4062 4238 4183 la
4296 4062 4484 4183 teſte
4555 4062 4883 4183 eſlevant
4930 4062 4977 4183 ſa

2826 4188 3280 4310 rondache,
3325 4188 3524 4310 pour
3580 4188 3956 4310 executer
4012 4188 4112 4310 ſon
4189 4188 4378 4310 coup
4455 4188 4976 4310 encommen-

2847 4314 2958 4437 cé,
3032 4314 3056 4437 il
3154 4314 3437 4437 marche
3535 4314 3584 4437 du
3670 4314 3843 4437 pied
3941 4314 4174 4437 droi
4248 4314 4481 4437 eſlevé
4555 4314 4617 4437 un
4703 4314 4826 4437 pas
4912 4314 4948 4437 en

2852 4443 3197 4561 dedans,
3264 4443 3443 4561 avec
3521 4443 4057 4561 avancement
4179 4443 4190 4561 &
4257 4443 4826 4561 penchement
4893 4443 4949 4561 du

2850 4563 3093 4689 corps,
3208 4563 3221 4689 &
3260 4563 3464 4689 laiſſe
3516 4563 3835 4689 tomber
3887 4563 3989 4689 ſon
4066 4563 4283 4689 eſpee
4360 4563 4411 4689 du
4475 4563 4654 4689 long
4769 4563 4769 4689 &
4846 4563 4987 4689 deſ-

2836 4690 3075 4813 ſoubs
3113 4690 3163 4813 la
3239 4690 3643 4813 rondache
3718 4690 3781 4813 de
3844 4690 3895 4813 ſa
3958 4690 4235 4813 partie,
4323 4690 4487 4813 qu’il
4538 4690 4740 4813 frape
4828 4690 4966 4813 d’un

2836 4816 3097 4936 revers
3172 4816 3272 4936 (en
3346 4816 3707 4936 plantanit
3757 4816 3807 4936 le
3869 4816 4044 4936 pied
4106 4816 4392 4936 eſlevé)
4455 4816 4554 4936 ſur
4604 4816 4741 4936 l’os
4828 4816 4878 4936 de
4928 4816 4978 4936 la

2826 4941 3093 5066 jambe
3166 4941 3494 5066 gauche;
3555 4941 3859 5066 comme
3907 4941 4004 5066 les
4053 4941 4345 5066 figures
4430 4941 4891 5066 monſtrent.

1561 5117 1561 5342 N
1671 5117 1889 5342 aura
1962 5117 2127 5342 peu
2254 5117 2455 5342 voir
2510 5117 2765 5342 aſſez
2856 5117 3549 5342 clairement,
3677 5117 3859 5342 que
3914 5117 3987 5342 la
4078 5117 4461 5342 grande
4570 5117 5008 5342 couver-

1433 5333 1599 5477 ture
1682 5333 1793 5477 qui
1849 5333 1890 5477 ſe
1946 5333 2126 5477 fai
2209 5333 2264 5477 de
2334 5333 2375 5477 la
2431 5333 2888 5477 rondache,
2957 5333 3138 5477 n’eſt
3207 5333 3332 5477 pas
3387 5333 3429 5477 ſi
3498 5333 3844 5477 aſſeurée
3928 5333 4246 5477 comme
4316 5333 4440 5477 elle
4510 5333 4815 5477 ſemble
4912 5333 4967 5477 du

1444 5475 2253 5626 commencement:
2397 5475 2488 5626 Car
2567 5475 2919 5626 combien
3024 5475 3154 5626 que
3193 5475 3246 5626 la
3311 5475 3546 5626 partie
3611 5475 3663 5626 en
3742 5475 3794 5626 ſe
3872 5475 4264 5626 couvrant
4316 5475 4369 5626 le
4434 5475 4656 5626 corps
4695 5475 4812 5626 (&
4865 5475 4982 5626 par

1444 5619 1897 5758 cõſequent
1948 5619 1987 5758 la
2052 5619 2285 5758 veüé)
2349 5619 2543 5758 nous
2608 5619 2828 5758 cache
2892 5619 2944 5758 en
3035 5619 3384 5758 quelque
3436 5619 3655 5758 façon
3720 5619 3836 5758 ſon
3914 5619 4380 5758 intention;
4431 5619 4987 5758 neantmoins

1445 5757 1578 5901 cela
1644 5757 1724 5901 ne
1777 5757 1910 5901 luy
1976 5757 2321 5901 apporte
2374 5757 2494 5901 pas
2587 5757 2813 5901 moins
2905 5757 3662 5901 d’incommodité:
3729 5757 4021 5901 pource
4100 5757 4499 5901 qu’eſtant
4565 5757 4751 5901 ainſi
4817 5757 4990 5901 cou-

1438 5894 1622 6048 vert,
1661 5894 1700 6048 il
1753 5894 1831 6048 ne
1884 5894 2067 6048 peut
2120 5894 2303 6048 avec
2355 5894 2578 6048 raiſon
2709 5894 2722 6048 &
2775 5894 3260 6048 aſſeurance,
3312 5894 3705 6048 travailler
3771 5894 3954 6048 ſelon
4033 5894 4125 6048 les
4203 5894 4610 6048 occaſions
4662 5894 4976 6048 preſen-

544 6038 742 6186 tées,
808 6038 914 6186 n’y
967 6038 1019 6186 ſe
1098 6038 1507 6186 deffendre
1573 6038 1745 6186 avec
1824 6038 2074 6186 ordre,
2127 6038 2233 6186 ſur
2272 6038 2378 6186 les
2431 6038 2905 6186 operations
2971 6038 3420 6186 offencives
3486 6038 3895 6186 attentées
3974 6038 4251 6186 contre
4290 6038 4475 6186 luy;
4567 6038 4884 6186 comme
4950 6038 4976 6186 il

552 6186 606 6329 ſe
673 6186 861 6329 verra
942 6186 1103 6329 plus
1157 6186 1682 6329 amplement
1749 6186 1816 6329 cy
1870 6186 2112 6329 apres.
