5479 7714
1325 4868 1644 5027 Cercle
1877 4868 2090 5027 N.1.

1016 1631 1170 1774 DE
1324 1631 2539 1774 CLARATION
2789 1631 3040 1774 DES
3290 1631 4620 1774 OPERATIONS

1157 1781 1258 1904 DV
1444 1781 2047 1904 TABLEAV
2262 1781 2951 1904 HVICTIESME
3123 1781 3238 1904 DV
3382 1781 3898 1904 SECOND
4071 1781 4458 1904 LIVRE,

1380 1940 1445 2048 DE
1553 1940 1878 2048 L’ESPEE
1986 1940 2245 2048 SEVLE
2364 1940 2732 2048 CONTRE
2840 1940 3143 2048 LESPEE
3251 1940 3316 2048 ET
3435 1940 3511 2048 LA
3640 1940 4192 2048 RONDACHE.

2858 4852 3093 4986 ſoubs
3129 4852 3188 4986 le
3235 4852 3576 4986 nombril
3623 4852 3658 4986 la
3717 4852 3987 4986 pointe
4034 4852 4599 4986 adcendente,
4658 4852 4716 4986 le
4787 4852 4940 4986 bras

2874 4981 3156 5112 gauche
3214 4981 3273 5112 un
3344 4981 3461 5112 peu
3543 4981 3837 5112 eſtandu
3966 4981 3978 5112 &
4025 4981 4330 5112 abaiſſé,
4365 4981 4636 5112 tenant
4683 4981 4718 5112 la
4788 4981 4953 5112 ron-

2870 5106 3096 5234 dache
3152 5106 3468 5234 oblique
3547 5106 3818 5234 devant
3863 5106 3964 5234 ſon
4055 5106 4314 5234 corps,
4370 5106 4483 5234 s’en
4562 5106 4946 5234 couvrant

2846 5226 2882 5356 la
2942 5226 3122 5356 teſte
3230 5226 3230 5356 &
3278 5226 3326 5356 la
3386 5226 3615 5356 partie
3663 5226 3903 5356 haute
3975 5226 4023 5356 du
4108 5226 4348 5356 corps,
4384 5226 4420 5356 il
4456 5226 4708 5356 attant
4781 5226 4949 5356 ainſi

2841 5352 2887 5477 ſa
2944 5352 3209 5477 partie.
3347 5352 3956 5477 ALEXANDRE
4014 5352 4450 5477 travaillant
4531 5352 4531 5477 a
4600 5352 4945 5477 l’encon-

2842 5473 2983 5603 tre,
3030 5473 3253 5603 ayant
3300 5473 3934 5603 premierement
3993 5473 4240 5603 planté
4298 5473 4345 5603 le
4416 5473 4580 5603 pied
4651 5473 4944 5603 gauche

2845 5596 2947 5726 ſur
2985 5596 3037 5726 le
3126 5596 3498 5726 Diametre
3549 5596 3651 5726 ſur
3690 5596 3741 5726 la
3792 5596 3984 5726 ligne
4074 5596 4087 5726 C
4176 5596 4215 5726 E,
4253 5596 4292 5726 il
4356 5596 4484 5726 met
4535 5596 4637 5726 ſon
4727 5596 4932 5726 eſpee

2863 5719 2991 5851 d’un
3061 5719 3225 5851 bras
3283 5719 3574 5851 eſtandu
3668 5719 3714 5851 en
3784 5719 3994 5851 angle
4064 5719 4227 5851 acut
4297 5719 4344 5851 en
4425 5719 4705 5851 avant;
4775 5719 4927 5851 puis

2842 5842 3157 5973 portant
3206 5842 3254 5973 le
3315 5842 3484 5973 pied
3557 5842 3775 5973 droi
3848 5842 3896 5973 en
3969 5842 4175 5973 avant
4248 5842 4296 5973 en
4369 5842 4587 5973 haut,
4635 5842 4672 5973 il
4708 5842 4926 5973 pauſe

2832 5963 3012 6068 avec
3057 5963 3103 6068 le
3170 5963 3328 6068 bras
3407 5963 3948 6068 moderement
4005 5963 4298 6068 eſtandu
4445 5963 4456 6068 &
4501 5963 4783 6068 tourné
4862 5963 4907 6068 en

2856 6088 3161 6224 dehors;
3220 6088 3372 6224 lors
3443 6088 3748 6224 portant
3830 6088 4218 6224 enſemble
4265 6088 4535 6224 l’eſpee
4617 6088 4664 6224 en
4746 6088 4922 6224 haut

2848 6210 2898 6342 en
2996 6210 3218 6342 Angle
3280 6210 3551 6342 obtus,
3613 6210 3650 6342 il
3724 6210 3946 6342 croiſe
3995 6210 4044 6342 le
4167 6210 4537 6342 Diametre
4624 6210 4673 6342 du
4796 6210 4944 6342 Cer-

2843 6335 2977 6468 cle;
3049 6335 3340 6468 comme
3413 6335 3522 6468 elle
3595 6335 3667 6468 eſt
3728 6335 4225 6468 repreſentée
4285 6335 4394 6468 ſur
4431 6335 4734 6468 iceluy.

1574 2142 1574 2365 E
1722 2142 2146 2365 Tableau
2294 2142 2442 2365 qui
2527 2142 2633 2365 eſt
2718 2142 2781 2365 la
2866 2142 3395 2365 pourſuite
3501 2142 3586 2365 du
3692 2142 4306 2365 precedent,
4369 2142 4962 2365 repreſente

1476 2350 1661 2493 trois
1701 2350 2005 2493 aions
2058 2350 2561 2493 principales:
2627 2350 3051 2493 deſquelles
3117 2350 3289 2493 deux
3355 2350 3766 2493 enſeignẽt
3805 2350 3845 2493 la
3938 2350 4256 2493 maniere
4322 2350 4388 2493 de
4454 2350 4745 2493 couvrir
4798 2350 4944 2493 une

1460 2488 1666 2629 lame
1761 2488 2281 2629 diverſement
2350 2488 2678 2629 ſcituée:
2788 2488 2788 2629 &
2829 2488 2870 2629 la
2979 2488 3445 2629 Troizieſme
3527 2488 3855 2629 propoſe
3924 2488 3965 2629 la
4033 2488 4252 2629 façon
4334 2488 4526 2629 pour
4594 2488 4937 2629 ſubjeter

1472 2626 1539 2766 un
1620 2626 2115 2766 eſtramaçon
2182 2626 2704 2766 nonobſtant
2757 2626 2797 2766 la
2891 2626 3359 2766 Rondache.
3520 2626 3574 2766 La
3654 2626 4042 2766 premiere
4136 2626 4243 2766 qui
4310 2626 4350 2766 ſe
4403 2626 4577 2766 fai
4631 2626 4738 2766 ſur
4792 2626 4939 2766 une

1471 2764 1663 2907 lame
1714 2764 2124 2907 racourcie
2176 2764 2355 2907 avec
2419 2764 2458 2907 la
2522 2764 2791 2907 pointe
2855 2764 3188 2907 eſlevée,
3252 2764 3419 2907 n’eſt
3470 2764 3932 2907 nullement
4034 2764 4444 2907 differente
4534 2764 4624 2907 des
4688 2764 4957 2907 prece-

1487 2901 1788 3042 dentes,
1829 2901 2034 3042 ſinon
2116 2901 2239 3042 que
2294 2901 2814 3042 l’Adverſaire
2869 2901 2924 3042 ſe
2992 2901 3184 3042 tient
3238 2901 3348 3042 ſur
3403 2901 3457 3042 le
3526 2901 3704 3042 pied
3772 2901 4073 3042 gauche
4142 2901 4443 3042 devant,
4538 2901 4552 3042 &
4593 2901 4648 3042 le
4716 2901 4949 3042 droi

617 3041 828 3186 retiré
894 3041 960 3186 un
1039 3041 1158 3186 pas
1237 3041 1580 3186 derriere,
1633 3041 2068 3186 attandant
2134 3041 2187 3186 ce
2266 3041 2371 3186 qui
2411 3041 2464 3186 ſe
2517 3041 2688 3186 fera:
2807 3041 2807 3186 &
2860 3041 3005 3186 lors
3071 3041 3229 3186 qu’il
3282 3041 3453 3186 void
3493 3041 3599 3186 ſon
3678 3041 3876 3186 eſpee
3955 3041 4351 3186 couverte,
4390 3041 4654 3186 taſche
4733 3041 4786 3186 de
4839 3041 4958 3186 pa-

619 3176 714 3324 rer
782 3176 850 3324 de
891 3176 932 3324 ſa
1040 3176 1502 3324 Rondache,
1570 3176 1625 3324 ce
1693 3176 1856 3324 qu’il
1897 3176 1978 3324 ne
2032 3176 2223 3324 peut
2277 3176 2440 3324 faire
2495 3176 2658 3324 ſans
2712 3176 2957 3324 grand
3038 3176 3582 3324 mouvement;
3636 3176 4003 3324 pendant
4057 3176 4329 3324 lequel
4370 3176 4397 3324 il
4479 3176 4723 3324 donne
4791 3176 4968 3324 aſſes

628 3312 695 3462 de
762 3312 1016 3462 temps
1069 3312 1270 3462 pour
1323 3312 1550 3462 paſſer
1604 3312 1644 3462 la
1751 3312 2219 3462 Rondache:
2312 3312 2312 3462 &
2379 3312 2700 3462 trouver
2767 3312 3195 3462 ouverture
3248 3312 3449 3462 pour
3489 3312 3542 3462 le
3596 3312 3903 3462 bleſſer:
3984 3312 4251 3462 durant
4331 3312 4518 3462 ceſte
4572 3312 4866 3462 aion,
4919 3312 4959 3462 il

620 3454 700 3595 eſt
753 3454 1007 3595 beſoin
1113 3454 1180 3595 de
1233 3454 1300 3595 ne
1380 3454 1433 3595 ſe
1487 3454 1740 3595 haſter
1780 3454 2061 3595 jamais
2101 3454 2314 3595 trop,
2381 3454 2434 3595 en
2528 3454 2821 3595 evitant
2875 3454 2915 3595 la
3035 3454 3488 3595 Rondache.
3648 3454 3715 3595 La
3795 3454 4142 3595 ſeconde
4222 3454 4302 3595 eſt
4369 3454 4556 3595 pour
4649 3454 4943 3595 couvrir

613 3588 761 3736 une
814 3588 1029 3736 eſpee
1083 3588 1500 3736 pendente
1554 3588 1567 3736 à
1634 3588 1863 3736 coſté,
1903 3588 2078 3736 avec
2132 3588 2172 3736 la
2253 3588 2522 3736 pointe
2616 3588 2804 3736 quaſi
2871 3588 2871 3736 à
2952 3588 3194 3736 terre:
3247 3588 3355 3736 ſur
3409 3588 3745 3736 laquelle
3825 3588 4161 3736 occaſion
4256 3588 4282 3736 il
4363 3588 4444 3736 eſt
4511 3588 4941 3736 neceſſaire

633 3727 688 3872 de
772 3727 952 3872 tenir
1022 3727 1425 3872 touſiours
1480 3727 1522 3872 ſa
1591 3727 1786 3872 lame
1869 3727 2286 3872 tellement
2355 3727 2550 3872 entre
2619 3727 2883 3872 l’eſpee
2995 3727 2995 3872 &
3036 3727 3078 3872 la
3189 3727 3606 3872 Rondache
3689 3727 3745 3872 de
3786 3727 4356 3872 l’Adverſaire,
4439 3727 4634 3872 qu’on
4717 3727 4940 3872 puiſſe

605 3865 1001 4011 aiſement
1093 3865 1356 4011 eſuiter
1422 3865 1475 4011 le
1554 3865 1976 4011 parement
2068 3865 2345 4011 d’icelle
2450 3865 2937 4011 Rondache,
3082 3865 3082 4011 &
3148 3865 3623 4011 rencontrer
3688 3865 3781 4011 les
3886 3865 4439 4011 mouvements
4532 3865 4584 4011 de
4650 3865 4953 4011 l’eſpee.

671 4005 935 4151 Quand
988 4005 988 4151 a
1041 4005 1594 4151 l’eſtramaçon
1687 4005 1818 4151 que
1858 4005 1911 4151 la
1977 4005 2214 4151 partie
2293 4005 2412 4151 tire
2478 4005 2530 4151 en
2609 4005 2662 4151 ce
2741 4005 2952 4151 lieu,
3031 4005 3559 4151 l’inſtruion
3651 4005 3743 4151 eſt
3796 4005 4310 4151 amplement
4389 4005 4798 4151 contenue
4864 4005 4930 4151 au

630 4141 953 4286 Premier
1043 4141 1275 4286 Livre:
1366 4141 1508 4286 mais
1585 4141 1882 4286 pource
1973 4141 2089 4286 que
2153 4141 2192 4286 la
2308 4141 2618 4286 maniere
2708 4141 3147 4286 d’attaquer
3212 4141 3289 4286 eſt
3367 4141 3419 4286 du
3509 4141 3690 4286 tout
3780 4141 4245 4286 differente,
4335 4141 4387 4286 on
4477 4141 4710 4286 ſuivra
4787 4141 4955 4286 plus

614 4279 1318 4420 commodement
1381 4279 1444 4420 ce
1507 4279 1632 4420 que
1695 4279 1884 4420 nous
1947 4279 2424 4420 enſeignons
2475 4279 2538 4420 au
2663 4279 2902 4420 Cercle
2990 4279 3041 4420 8,
3116 4279 3166 4420 ſe
3254 4279 3757 4420 gouvernent
3833 4279 4260 4420 ſagement
4386 4279 4398 4420 &
4461 4279 4939 4420 lentement

620 4417 880 4559 contre
932 4417 1218 4559 l’effort
1309 4417 1361 4559 de
1413 4417 2011 4559 l’Adverſaire;
2089 4417 2401 4559 comme
2453 4417 2544 4559 les
2596 4417 2856 4559 autres
2947 4417 3234 4559 Cercles
3312 4417 3858 4559 deſpendents
3923 4417 3988 4559 de
4053 4417 4222 4559 ceux
4287 4417 4430 4559 cy,
4573 4417 4586 4559 &
4638 4417 4794 4559 leur
4846 4417 4950 4559 in-

599 4559 1049 4714 ſtrucions
1098 4559 1273 4714 vous
1323 4559 1860 4714 aprandront.

626 5131 882 5249 Zacharie
927 5131 1128 5249 s’eſtant
1195 5131 1262 5249 mis
1306 5131 1340 5249 en
1396 5131 1608 5249 poſture,
1652 5131 1764 5249 avec
1808 5131 1842 5249 le
1886 5131 1998 5249 bras
2054 5131 2199 5249 droit
2232 5131 2433 5249 courbé,
2467 5131 2500 5249 la
2556 5131 2679 5249 gara

734 5252 757 5371 de
802 5252 981 5371 l’eſpee
1026 5252 1037 5371 a
1082 5252 1195 5371 coſté
1240 5252 1375 5371 ſoubs
1419 5252 1442 5371 le
1498 5252 1723 5371 nombril
1768 5252 1801 5371 la
1858 5252 2026 5371 pointe
2082 5252 2453 5371 adcendente,
2509 5252 2543 5371 le
2599 5252 2678 5371 bra

732 5377 919 5496 gauche
966 5377 1001 5496 un
1059 5377 1130 5496 peu
1188 5377 1387 5496 eſtandu
1492 5377 1492 5496 &
1550 5377 1749 5496 abaißé,
1784 5377 1819 5496 la
1901 5377 2158 5496 Rondache
2228 5377 2310 5496 miſe
2356 5377 2695 5496 obliquemen.

729 5503 909 5620 devant
961 5503 1025 5620 ſon
1099 5503 1236 5620 corps
1299 5503 1383 5620 s’en
1447 5503 1711 5620 couvrant
1763 5503 1795 5620 la
1869 5503 2038 5620 partie
2101 5503 2259 5620 haute
2333 5503 2533 5620 d’iceluy
2618 5503 2681 5620 Ale

734 5624 924 5737 xandre
966 5624 1104 5737 vient
1168 5624 1178 5737 a
1231 5624 1528 5737 l’encontre,
1580 5624 1803 5737 mettant
1845 5624 1898 5737 ſon
1962 5624 2099 5737 eſpee
2173 5624 2258 5737 d’un
2322 5624 2427 5737 bras
2480 5624 2681 5737 eſtandi

716 5746 749 5864 en
804 5746 947 5864 angle
1002 5746 1134 5864 acut;
1189 5746 1288 5864 puis
1321 5746 1595 5864 l’eſlevant
1639 5746 1672 5864 en
1727 5746 1848 5864 haut
1892 5746 1925 5864 en
1980 5746 2123 5864 angle
2167 5746 2299 5864 obtus
2353 5746 2386 5864 il
2408 5746 2562 5864 croiſe
2628 5746 2628 5864 d
2661 5746 2694 5864 i-

717 5875 838 5962 celle
893 5875 915 5962 le
1002 5875 1342 5962 Diametre.

1076 6065 1100 6181 A
1171 6065 1490 6181 CHARIE
1561 6065 1857 6181 s’eſtant
1951 6065 2058 6181 mis
2129 6065 2164 6181 en
2247 6065 2590 6181 poſture,
2649 6065 2685 6181 le

1050 6190 1218 6310 pied
1290 6190 1579 6310 gauche
1639 6190 1819 6310 avec
1867 6190 1928 6310 le
2012 6190 2240 6310 genou
2324 6190 2541 6310 roide
2601 6190 2697 6310 ſur

1047 6310 1093 6412 le
1185 6310 1589 6412 Diametre,
1635 6310 2027 6412 touchant
2096 6310 2211 6412 des
2269 6310 2522 6412 orteils
2592 6310 2684 6412 d’i-

1065 6436 1273 6556 celuy
1335 6436 1371 6556 la
1482 6436 2082 6556 Circonference
2156 6436 2156 6556 à
2230 6436 2266 6556 la
2315 6436 2548 6556 lettre
2646 6436 2695 6556 X,

590 6557 637 6678 le
708 6557 943 6678 droi
990 6557 1060 6678 un
1131 6557 1260 6678 bon
1319 6557 1448 6678 pas
1507 6557 1554 6678 en
1625 6557 1942 6678 arriere,
1989 6557 2471 6678 reſpondant
2518 6557 2529 6678 à
2577 6557 2694 6678 l’o-

601 6682 841 6804 poſité
930 6682 980 6804 de
1044 6682 1082 6804 la
1145 6682 1411 6804 pointe
1499 6682 1550 6804 du
1702 6682 2081 6804 Quadrat,
2170 6682 2575 6804 penchant
2638 6682 2688 6804 le

611 6804 827 6928 corps
899 6804 1127 6928 deſſus
1199 6804 1247 6928 en
1343 6804 1667 6928 arriere,
1727 6804 1775 6928 le
1847 6804 2015 6928 bras
2087 6804 2303 6928 droi
2363 6804 2675 6928 courbé,

603 6927 776 7064 avec
826 6927 876 7064 la
938 6927 1161 7064 garde
1235 6927 1297 7064 de
1347 6927 1608 7064 l’eſpee
1719 6927 1856 7064 miſe
1918 6927 1930 7064 à
1992 6927 2091 7064 ſon
2178 6927 2364 7064 coſté
2414 6927 2476 7064 au
2563 6927 2699 7064 deſ-

4689 6817 4920 6903 Cercle
