5479 7714
1343 625 1655 799 Cercle
1856 625 2145 799 N.2.

637 853 930 991 Alexandre
998 853 1066 991 met
1111 853 1168 991 ſon
1236 853 1371 991 eſpee
1405 853 1484 991 (la
1530 853 1699 991 pointe
1767 853 2072 991 montante)
2117 853 2163 991 en
2253 853 2400 991 angle
2445 853 2592 991 obtus
2649 853 2705 991 de-

714 985 835 1118 vant
931 985 931 1118 &
992 985 1028 1118 au
1100 985 1245 1118 deſſus
1306 985 1342 1118 de
1390 985 1414 1118 la
1499 985 1777 1118 Rondache
1885 985 1885 1118 &
1958 985 1982 1118 de
2042 985 2079 1118 la
2127 985 2296 1118 pointe
2356 985 2381 1118 de
2441 985 2622 1118 l’eſpee
2683 985 2707 1118 de

713 1135 749 1247 ſa
798 1135 1054 1247 partie.

1076 1257 1592 1402 LEXANDRE
1700 1257 2228 1402 pourſuivant
2312 1257 2360 1402 la
2456 1257 2720 1402 prece-

1061 1403 1278 1526 dente
1336 1403 1792 1526 operation,
1827 1403 2089 1526 plante
2135 1403 2238 1526 (en
2318 1403 2706 1526 avançant

1046 1526 1097 1651 le
1186 1526 1465 1651 corps)
1516 1526 1580 1651 le
1630 1526 1808 1651 pied
1872 1526 2100 1651 droi
2189 1526 2418 1651 eſlevé
2494 1526 2596 1651 ſur
2659 1526 2710 1651 le

1089 1656 1343 1778 Centre
1439 1656 1488 1778 du
1609 1656 1910 1778 Cercle,
2007 1656 2406 1778 penchant
2490 1656 2720 1778 (avec

583 1777 995 1905 pourſuite
1070 1777 1120 1905 du
1208 1777 1395 1905 pied
1458 1777 1745 1905 gauche
1808 1777 1808 1905 à
1870 1777 1907 1905 la
1970 1777 2207 1905 lettre
2295 1777 2345 1905 E)
2395 1777 2445 1905 le
2495 1777 2720 1905 corps

608 1898 884 2032 deſſus,
992 1898 992 2032 &
1088 1898 1220 2032 d’un
1328 1898 1580 2032 meſme
1652 1898 1917 2032 temps
1989 1898 2133 2032 d’un
2205 1898 2373 2032 bras
2469 1898 2709 2032 mode-

584 2025 884 2136 rement
953 2025 1264 2136 eſtandu
1402 2025 1402 2136 &
1483 2025 1771 2136 tourné
1874 2025 1920 2136 en
2047 2025 2370 2136 dehors,
2450 2025 2485 2136 il
2588 2025 2704 2136 met

578 2154 682 2281 ſon
764 2154 973 2281 eſpee
1019 2154 1205 2281 avec
1252 2154 1287 2281 la
1345 2154 1624 2281 pointe
1694 2154 1740 2281 en
1810 2154 1984 2281 haut
2054 2154 2100 2281 en
2170 2154 2391 2281 angle
2449 2154 2705 2281 obtus,

581 2277 630 2402 au
729 2277 1011 2402 devant
1122 2277 1122 2402 &
1183 2277 1601 2402 pardeſſus
1650 2277 1699 2402 la
1810 2277 2228 2402 Rondache
2351 2277 2351 2402 &
2400 2277 2437 2402 la
2498 2277 2719 2402 poin-

579 2403 638 2527 te
721 2403 792 2527 de
840 2403 876 2527 la
935 2403 1125 2527 lame
1208 2403 1267 2527 de
1315 2403 1410 2527 ſon
1529 2403 1980 2527 Contraire;
2063 2403 2360 2527 comme
2407 2403 2443 2527 il
2491 2403 2704 2527 apert

593 2536 697 2658 par
749 2536 841 2658 les
906 2536 1232 2658 figures.

2897 853 3143 993 Lacharie
3202 853 3389 993 avance
3436 853 3460 993 le
3507 853 3624 993 coſté
3682 853 3870 993 gauche
3964 853 3964 993 &
4011 853 4046 993 la
4128 853 4397 993 Rondache
4468 853 4597 993 pour
4655 853 4808 993 parer
4854 853 4890 993 la
4925 853 4995 993 la-

3003 998 3048 1117 me
3105 998 3139 1117 de
3173 998 3219 1117 ſa
3275 998 3468 1117 partie.
3582 998 3877 1117 Alexandre
3923 998 4082 1117 eſuite
4138 998 4172 1117 de
4218 998 4252 1117 ſa
4297 998 4445 1117 lame,
4479 998 4706 1117 laquelle
4740 998 4774 1117 il
4819 998 4990 1117 accou-

2981 1131 3054 1246 ple
3102 1131 3102 1246 a
3150 1131 3271 1246 celle
3332 1131 3368 1246 de
3404 1131 3453 1246 ſa
3501 1131 3706 1246 partie;
3755 1131 3864 1246 puis
3900 1131 3936 1246 la
3997 1131 4311 1246 deſgradue.

3583 5692 3911 5873 Cercle
4174 5692 4371 5873 N6.

3631 612 3932 803 Cercle
4127 612 4407 803 N.4.

590 2979 786 3095 Comme
901 2979 1188 3095 Alexandre
1257 2979 1395 3095 veult
1441 2979 1568 3095 faire
1637 2979 1947 3095 l’operation
2028 2979 2051 3095 du
2154 2979 2315 3095 Cercle
2430 2979 2465 3095 N.
2511 2979 2545 3095 2,
2603 2979 2718 3095 ainſi

700 3104 827 3224 qu’il
862 3104 1001 3224 veult
1048 3104 1257 3224 planter
1303 3104 1338 3224 le
1384 3104 1698 3224 pieddroit
1744 3104 1965 3224 eſlevé,
2092 3104 2348 3224 Zacharie
2394 3104 2591 3224 avance

695 3231 942 3348 eſlougne
978 3231 1013 3348 ſa
1107 3231 1483 3348 Rondache,
1542 3231 1719 3348 tirant
1754 3231 1789 3348 en
1860 3231 2013 3348 droite
2060 3231 2189 3348 ligne
2248 3231 2295 3348 au
2354 3231 2530 3348 viſage
2589 3231 2624 3348 de
2671 3231 2707 3348 ſa

692 3353 897 3473 partie,
962 3353 1049 3473 qui
1081 3353 1351 3473 rencontre
1395 3353 1459 3473 ſon
1503 3353 1643 3473 eſpee
1697 3353 1794 3473 aux
1859 3353 2108 3473 moindres
2140 3353 2421 3473 nombres,
2530 3353 2627 3473 puis
2670 3353 2702 3473 la

702 3482 977 3602 graduant
1027 3482 1052 3602 le
1090 3482 1227 3602 bleſſe
1290 3482 1327 3602 au
1377 3482 1603 3602 viſage,
1690 3482 1690 3602 &
1753 3482 2028 3602 augmente
2078 3482 2141 3602 ſon
2191 3482 2341 3602 coup.

1062 3672 1075 3795 E
1175 3672 1414 3795 Cercle
1477 3672 1602 3795 tire
1678 3672 1778 3795 ſon
1879 3672 2167 3795 origine
2268 3672 2331 3795 de
2381 3672 2707 3795 l’opera-

1032 3800 1178 3895 tion
1275 3800 1336 3895 du
1445 3800 1687 3895 Cercle
1809 3800 1857 3895 N.
1906 3800 1942 3895 1.
2051 3800 2598 3895 ALEXANDRE
2670 3800 2719 3895 e-

1033 3922 1231 4046 ſtant
1305 3922 1355 4046 en
1441 3922 1676 4046 aion
1787 3922 1972 4046 pour
2059 3922 2232 4046 faire
2331 3922 2504 4046 celle
2627 3922 2677 4046 du

1098 4047 1124 4172 N.
1176 4047 1215 4172 2.
1307 4047 1646 4172 declarée
1711 4047 1776 4172 cy
1841 4047 2115 4172 deſſus,
2181 4047 2389 4172 cõme
2428 4047 2468 4172 il
2507 4047 2702 4172 laiſſe

571 4176 743 4299 aller
793 4176 854 4299 le
916 4176 1137 4299 corps
1186 4176 1371 4299 hors
1432 4176 1494 4299 de
1567 4176 1666 4299 ſon
1752 4176 1973 4299 poids
2035 4176 2231 4299 pour
2281 4176 2588 4299 planter
2649 4176 2699 4299 le

574 4301 751 4441 pied
869 4301 1094 4441 droi
1200 4301 1519 4441 eſlevé,
1625 4301 1672 4441 au
1814 4301 2073 4441 meſme
2191 4301 2699 4441 mouvement

614 4428 626 4542 Z
697 4428 1147 4542 ACHARIE
1218 4428 1514 4542 avance
1562 4428 1621 4542 le
1692 4428 1976 4542 droi,
2036 4428 2083 4542 le
2154 4428 2521 4542 plantant
2581 4428 2581 4542 à
2652 4428 2699 4542 la

565 4552 804 4678 lettre
887 4552 935 4678 V,
994 4552 1316 4678 portant
1364 4552 1924 4678 pareillement
1996 4552 2032 4678 en
2115 4552 2342 4678 avant
2389 4552 2437 4678 le
2508 4552 2699 4678 coſté

588 4675 858 4806 droi,
944 4675 957 4806 &
1018 4675 1486 4806 eſlougnant
1547 4675 1597 4806 le
1670 4675 1966 4806 gauche
2027 4675 2212 4806 avec
2273 4675 2322 4806 la
2421 4675 2704 4806 Ronda-

582 4801 740 4924 che,
765 4801 801 4924 il
850 4801 984 4924 tire
1057 4801 1191 4924 d’un
1264 4801 1423 4924 bras
1557 4801 1569 4924 &
1630 4801 1825 4924 eſpee
1898 4801 2264 4924 eſtandus
2325 4801 2374 4924 en
2459 4801 2703 4924 droite

568 4931 806 5054 ligne,
843 4931 906 5054 au
981 4931 1218 5054 viſage
1306 4931 1368 5054 de
1418 4931 1456 5054 ſa
1518 4931 1793 5054 partie.
1931 4931 2481 5054 ALEXANDRE
2556 4931 2718 5054 pre-

573 5059 739 5179 nant
838 5059 1049 5179 garde
1104 5059 1159 5179 au
1281 5059 1856 5179 mouvement,
1933 5059 2243 5179 comme
2310 5059 2343 5179 la
2420 5059 2697 5179 pointe

591 5180 653 5303 de
703 5180 741 5303 la
803 5180 990 5303 lame
1053 5180 1252 5303 paſſe
1302 5180 1340 5303 ſa
1415 5180 1664 5303 garde,
1689 5180 1727 5303 il
1777 5180 2213 5303 rencontre
2276 5180 2563 5303 d’icelle
2613 5180 2713 5303 les

608 5305 988 5426 moindres
1098 5305 1465 5426 Nombres
1539 5305 1600 5426 de
1674 5305 1845 5426 celle
1918 5305 1980 5426 de
2053 5305 2090 5426 ſa
2163 5305 2469 5426 partie,
2592 5305 2592 5426 &
2653 5305 2690 5426 la

600 5430 978 5555 graduant
1040 5430 1078 5555 en
1179 5430 1406 5555 droite
1469 5430 1670 5555 ligne
1746 5430 1872 5555 d’un
1960 5430 2124 5555 bras
2187 5430 2577 5555 eſtandu,
2678 5430 2716 5555 il

584 5558 838 5679 plante
888 5558 939 5679 le
1002 5558 1180 5679 pied
1243 5558 1471 5679 droi
1534 5558 1762 5679 eſlevé
1825 5558 2129 5679 pardela
2180 5558 2231 5679 le
2332 5558 2699 5679 Diametre

574 5676 876 5807 proche
952 5676 1028 5807 de
1078 5676 1116 5807 la
1179 5676 1406 5807 lettre
1495 5676 1533 5807 L,
1608 5676 1924 5807 bleſſant
1987 5676 2391 5807 enſemble
2466 5676 2504 5807 ſa
2567 5676 2719 5807 par-

577 5804 664 5933 tie
726 5804 788 5933 au
875 5804 1173 5933 viſage;
1223 5804 1384 5933 puis
1434 5804 1608 5933 avec
1670 5804 2080 5933 pourſuite
2154 5804 2204 5933 du
2291 5804 2465 5933 pied
2552 5804 2713 5933 gau-

593 5928 719 6055 che
769 5928 882 6055 par
957 5928 1096 6055 dela
1146 5928 1196 6055 le
1297 5928 1661 6055 Diametre
1737 5928 1938 6055 entre
2051 5928 2063 6055 D
2139 5928 2189 6055 F,
2302 5928 2315 6055 &
2365 5928 2704 6055 penche-

604 6056 788 6181 ment
862 6056 911 6181 du
997 6056 1267 6181 corps,
1341 6056 1501 6181 qu’il
1562 6056 1734 6181 loge
1808 6056 1968 6181 dans
2042 6056 2078 6181 la
2164 6056 2705 6181 perpendicu-

577 6185 747 6310 laire
821 6185 882 6310 de
930 6185 979 6310 la
1028 6185 1223 6310 lame
1296 6185 1357 6310 de
1406 6185 1504 6310 ſon
1626 6185 2077 6310 Contraire,
2163 6185 2199 6310 il
2260 6185 2700 6310 augmente

578 6307 682 6430 ſon
763 6307 948 6430 coup
1006 6307 1456 6430 precedent
1526 6307 1734 6430 d’une
1791 6307 2161 6430 eſtocade
2231 6307 2242 6430 a
2300 6307 2589 6430 travers
2658 6307 2693 6430 la

593 6432 815 6558 teſte;
864 6432 1173 6558 comme
1223 6432 1321 6558 les
1371 6432 1655 6558 figures
1717 6432 2211 6558 enſeignent.

3588 3387 3903 3554 Cercle
4129 3387 4399 3554 N.5.

1349 2719 1641 2890 Cercle
1865 2719 2112 2890 N.3.

2875 5940 2985 6060 Ainſi
3045 5940 3130 6060 que
3203 5940 3457 6060 Zacharie
3506 5940 3712 6060 attand
3748 5940 4063 6060 l’operation
4148 5940 4172 6060 du
4245 5940 4402 6060 Cercle
4499 5940 4536 6060 N.
4584 5940 4620 6060 2,
4681 5940 4887 6060 laiſant
4936 5940 4972 6060 ſa

2956 6061 3209 6179 poicrine
3264 6061 3594 6179 deſcouverte
3638 6061 3726 6179 par
3770 6061 3803 6179 le
3858 6061 4045 6179 dedans
4100 6061 4133 6179 du
4188 6061 4342 6179 bras,
4463 6061 4760 6179 Alexandre
4815 6061 4969 6179 eſuite

2961 6190 2997 6312 ſa
3046 6190 3264 6312 poince,
3300 6190 3518 6312 portant
3554 6190 3615 6312 ſon
3663 6190 3796 6312 eſpee
3857 6190 4111 6312 d’enhaut
4147 6190 4195 6312 un
4244 6190 4317 6312 peu
4377 6190 4401 6312 en
4462 6190 4571 6312 bas,
4667 6190 4680 6312 &
4740 6190 4885 6312 bleſſe
4934 6190 4970 6312 ſa

2958 6314 3127 6432 partie
3191 6314 3307 6432 d’une
3350 6314 3530 6432 courle
3583 6314 3583 6432 a
3635 6314 3667 6432 la
3720 6314 3995 6432 poitrine.

3348 6469 3348 6618 E
3487 6469 3727 6618 Cercle
3778 6469 3905 6618 tire
3968 6469 4132 6618 auſſi
4183 6469 4284 6618 ſon
4386 6469 4677 6618 origine
4753 6469 4816 6618 de
4867 6469 4980 6618 l’o-

3311 6616 3644 6738 peration
3743 6616 3792 6738 du
3928 6616 4162 6738 Cercle
4286 6616 4323 6738 N.
4397 6616 4434 6738 2.
4495 6616 4545 6738 en
4619 6616 4964 6738 laquelle

3355 6740 3800 6867 ZACHARIE
3860 6740 4173 6867 attand,
4234 6740 4474 6867 eſtant
4534 6740 4583 6867 en
4655 6740 4980 6867 poſture

3303 6866 3479 6984 avec
3526 6866 3572 6984 ſa
3666 6866 4076 6984 Rondache
4134 6866 4205 6984 un
4275 6866 4404 6984 peu
4497 6866 4544 6984 en
4661 6866 4966 6984 dehors,

2872 6982 2934 7115 de
2984 6982 3182 7115 ſorte
3257 6982 3393 7115 que
3468 6982 3505 7115 ſa
3579 6982 3976 7115 poirine
4038 6982 4224 7115 peut
4299 6982 4472 7115 eſtre
4534 6982 4720 7115 veue
4807 6982 4869 7115 de
4931 6982 4968 7115 ſa

2854 7115 3082 7240 partie
3142 7115 3263 7240 par
3311 7115 3359 7240 le
3431 7115 3720 7240 dedans
3780 7115 3828 7240 du
3912 7115 4105 7240 bras.
4213 7115 4790 7240 ALEXANDRE
4862 7115 4971 7240 en-

4777 7273 4968 7337 trant

3349 1312 3362 1451 E
3476 1312 3718 1451 Cercle
3769 1312 4023 1451 prend
4061 1312 4163 1451 ſon
4264 1312 4557 1451 origine
4646 1312 4696 1451 du
4798 1312 5002 1451 com-

3343 1440 3851 1571 mencement
3922 1440 3981 1571 de
4029 1440 4489 1571 l’operation
4572 1440 4631 1571 du
4749 1440 4986 1571 Cercle

3369 1573 3418 1699 N.
3467 1573 3504 1699 2.
3566 1573 3615 1699 en
3702 1573 4109 1699 laquelle,
4257 1573 4257 1699 Z
4319 1573 4701 1699 ACHARIE
4763 1573 4985 1699 ayant

3328 1692 3967 1821 premierement
4015 1692 4358 1821 aproché
4441 1692 4488 1821 du
4559 1692 4737 1821 pied
4808 1692 4986 1821 droit

2852 1806 2864 1943 a
2927 1806 2965 1943 la
3028 1806 3255 1943 lettre
3343 1806 3394 1943 R,
3432 1806 3734 1943 laiſſant
3785 1806 4062 1943 ſuyvre
4125 1806 4176 1943 le
4239 1806 4566 1943 gauche,
4617 1806 4655 1943 il
4692 1806 4982 1943 avance

2861 1938 3427 2074 pareillement
3478 1938 3541 2074 le
3604 1938 3793 2074 coſté
3881 1938 4170 2074 gauche
4296 1938 4309 2074 &
4372 1938 4409 2074 la
4523 1938 4988 2074 Rondache,

2851 2066 3047 2196 pour
3108 2066 3328 2196 parer
3414 2066 3683 2196 d’icelle
3732 2066 3781 2196 la
3830 2066 4026 2196 lame
4112 2066 4185 2196 de
4246 2066 4283 2196 ſa
4357 2066 4638 2196 partie.
4785 2066 4981 2196 ALE-

2865 2193 3228 2325 XANDRE
3294 2193 3349 2325 au
3459 2193 3712 2325 meſme
3800 2193 4351 2325 mouvement,
4395 2193 4681 2325 jettant
4758 2193 4989 2325 circu-

2845 2313 3270 2447 lairement
3318 2313 3367 2447 le
3416 2313 3585 2447 pied
3658 2313 3950 2447 gauche
4022 2313 4350 2447 derriere
4399 2313 4459 2447 le
4508 2313 4799 2447 planté,
4848 2313 4993 2447 tor-

2869 2437 3027 2573 dant
3075 2437 3136 2573 le
3196 2437 3415 2573 corps
3487 2437 3717 2573 deſſus
3766 2437 3948 2573 avec
3996 2437 4057 2573 le
4117 2437 4323 2573 coſté
4384 2437 4675 2573 gauche
4747 2437 4796 2573 en
4880 2437 4990 2573 de-

2845 2563 3079 2696 hors,
3196 2563 3208 2696 &
3267 2563 3583 2696 portant
3665 2563 3712 2696 en
3817 2563 4040 2696 avant
4110 2563 4157 2696 le
4250 2563 4473 2696 droi
4555 2563 4789 2696 eſuite
4859 2563 4977 2696 par

2855 2691 2914 2823 ce
2995 2691 3240 2823 moyen
3345 2691 3403 2823 de
3473 2691 3508 2823 ſa
3578 2691 3776 2823 lame
3846 2691 3881 2823 la
3997 2691 4451 2823 Rondache,
4486 2691 4976 2823 accouplant

2847 2816 2946 2952 ſon
3033 2816 3232 2952 eſpee
3295 2816 3469 2952 avec
3531 2816 3705 2952 celle
3780 2816 3842 2952 de
3904 2816 3942 2952 ſa
4004 2816 4302 2952 partie,
4365 2816 4539 2952 puis
4576 2816 4613 2952 la
4701 2816 4987 2952 deſgra-

2861 2940 3127 3077 duant,
3178 2940 3203 3077 il
3266 2940 3519 3077 plante
3570 2940 3620 3077 le
3683 2940 3860 3077 pied
3924 2940 4215 3077 gauche
4265 2940 4581 3077 pardela
4670 2940 4720 3077 du
4847 2940 4986 3077 Dia-

2872 3065 3091 3199 metre
3163 3065 3163 3199 à
3236 3065 3273 3199 la
3345 3065 3576 3199 lettre
3673 3065 3746 3199 T;
3831 3065 4134 3199 comme
4194 3065 4231 3199 il
4291 3065 4510 3199 apert
4570 3065 4692 3199 par
4740 3065 4849 3199 les
4910 3065 4983 3199 fi-

2865 3220 3110 3308 gures.

2869 3630 3058 3761 Comme
3133 3630 3385 3761 Zacharie
3435 3630 3675 3761 pourſuit
3763 3630 4052 3761 Alexandre
4103 3630 4229 3761 paße
4279 3630 4342 3761 ſon
4405 3630 4531 3761 eſpee
4594 3630 4682 3761 par
4757 3630 4896 3761 deſſus
4934 3630 4972 3761 ſa

2966 3750 3107 3878 teſte,
3209 3750 3209 3878 &
3260 3750 3400 3878 bleſſe
3438 3750 3476 3878 ſa
3527 3750 3693 3878 partie
3757 3750 3846 3878 d’un
3897 3750 4229 3878 eſtramaçon
4280 3750 4280 3878 à
4331 3750 4369 3878 la
4408 3750 4561 3878 teſte.

3339 3936 3760 4070 ACHARIE
3856 3936 4205 4070 pourſuit
4265 3936 4722 4070 l’operation
4830 3936 4986 4070 pre-

3318 4062 3697 4161 cedente.
3842 4062 4433 4161 ALEXANDRE
4522 4062 4566 4161 au
4711 4062 4968 4161 meſme

3312 4192 3576 4315 temps
3648 4192 3792 4315 ſans
3876 4192 4141 4315 pauſer
4261 4192 4550 4315 marche
4646 4192 4694 4315 du
4802 4192 4982 4315 pied

3318 4313 3555 4442 droi
3618 4313 3668 4442 en
3755 4313 4092 4442 dedans,
4166 4313 4453 4442 paſſant
4503 4313 4516 4442 a
4566 4313 4815 4442 l’ayde
4890 4313 4940 4442 du

2872 4438 3384 4561 mouvement
3450 4438 3504 4561 du
3580 4438 3744 4561 bras
3787 4438 3907 4561 par
3962 4438 4104 4561 une
4191 4438 4790 4561 circonference
4845 4438 4943 4561 ſon

2858 4560 3069 4692 eſpee
3119 4560 3231 4692 par
3306 4560 3542 4692 deſſus
3592 4560 3641 4692 ſa
3716 4560 3965 4692 teſte,
4039 4560 4561 4692 pourſuivant
4661 4560 4711 4692 du
4810 4560 4984 4692 gau-

2857 4686 2978 4812 che
3074 4686 3231 4812 qu’il
3291 4686 3557 4812 plante
3629 4686 3690 4812 un
3786 4686 3907 4812 pas
3992 4686 4317 4812 derriere
4366 4686 4426 4812 le
4486 4686 4704 4812 corps
4788 4686 4849 4812 de
4921 4686 4957 4812 ſa

2845 4810 3140 4941 partie,
3177 4810 3460 4941 lequel
3522 4810 3546 4941 il
3620 4810 3829 4941 frape
3903 4810 4038 4941 d’un
4137 4810 4604 4941 eſtramaçon
4715 4810 4973 4941 diago-

2845 4935 2955 5044 nal
3004 4935 3054 5044 au
3139 4935 3336 5044 coſté
3410 4935 3643 5044 droi
3704 4935 3766 5044 de
3827 4935 3864 5044 la
3925 4935 4158 5044 teſte;
4232 4935 4527 5044 comme
4600 4935 4637 5044 il
4686 4935 4735 5044 ſe
4809 4935 4981 5044 void

2842 5066 2991 5182 aux
3040 5066 3362 5182 figures.
