5479 7714
632 555 827 677 trant
900 555 949 677 du
1022 555 1193 677 pied
1254 555 1584 677 gauche,
1645 555 1803 677 qu’il
1840 555 2035 677 jette
2096 555 2731 677 circulairement

634 679 683 801 au
756 679 964 801 large
1026 679 1075 801 du
1148 679 1454 801 planté,
1503 679 1821 801 tordant
1895 679 1944 801 le
2017 679 2238 801 corps
2336 679 2348 801 &
2409 679 2458 801 le
2544 679 2727 801 coſté

653 801 939 926 gauche
999 801 1177 926 hors
1261 801 1320 926 de
1380 801 1428 926 la
1499 801 1869 926 preſence
1952 801 2024 926 de
2071 801 2119 926 la
2190 801 2453 926 pointe
2548 801 2608 926 de
2679 801 2715 926 ſa

638 926 915 1046 partie,
939 926 975 1046 il
1035 926 1252 1046 porte
1300 926 1337 1046 la
1397 926 1650 1046 ſienne
1734 926 1794 1046 de
1843 926 2023 1046 haut
2072 926 2517 1046 (eſtandant
2578 926 2710 1046 d’un

660 1051 907 1169 meſme
963 1051 1222 1169 temps
1267 1051 1324 1169 le
1369 1051 1538 1169 bras
1594 1051 1650 1169 en
1729 1051 2044 1169 dedans)
2112 1051 2179 1169 un
2247 1051 2359 1169 peu
2449 1051 2494 1169 en
2573 1051 2719 1169 bas,

627 1174 674 1294 la
733 1174 1108 1294 tournant
1167 1174 1167 1294 à
1225 1174 1413 1294 laide
1483 1174 1530 1294 du
1624 1174 1952 1294 poignet
2023 1174 2175 1294 vers
2234 1174 2281 1294 le
2375 1174 2586 1294 corps
2668 1174 2727 1294 de

632 1295 693 1412 ſo
742 1295 1269 1412 nContraire,
1330 1295 1587 1412 faiſant
1636 1295 1807 1412 ainſi
1881 1295 1942 1412 du
2003 1295 2175 1412 bras
2273 1295 2285 1412 &
2359 1295 2408 1412 de
2457 1295 2726 1412 l’eſpee

629 1419 770 1539 une
863 1419 1215 1539 courbe,
1309 1419 1637 1539 laquelle
1707 1419 2141 1539 avançant,
2200 1419 2235 1539 il
2293 1419 2516 1539 bleſſe
2586 1419 2703 1539 (en

624 1543 999 1661 plantant
1047 1543 1096 1661 le
1156 1543 1325 1661 pied
1386 1543 1604 1661 eſlevé
1664 1543 1966 1661 pardela
2039 1543 2087 1661 du
2208 1543 2571 1661 Diametre
2619 1543 2632 1661 à
2680 1543 2716 1661 la

621 1665 859 1787 lettre
934 1665 997 1787 T)
1060 1665 1097 1787 ſa
1160 1665 1398 1787 partie
1461 1665 1461 1787 à
1511 1665 1561 1787 la
1623 1665 1999 1787 poirine
2087 1665 2287 1787 d’une
2375 1665 2726 1787 eſtocade

637 1789 811 1905 tirée
881 1789 997 1905 par
1066 1789 1113 1905 le
1183 1789 1461 1905 dedans
1531 1789 1589 1905 de
1636 1789 1682 1905 la
1740 1789 2193 1905 rondache;
2251 1789 2553 1905 comme
2599 1789 2634 1905 il
2681 1789 2727 1905 ſe

643 1914 809 2033 void
857 1914 999 2033 aux
1046 1914 1378 2033 figures.

764 2034 813 2158 Il
861 2034 1018 2158 faut
1079 2034 1672 2158 qu’Alexandre
1733 2034 2157 2158 pourſuive
2193 2034 2242 2158 la
2314 2034 2545 2158 deſſus
2605 2034 2726 2158 en-

625 2158 829 2277 trant
874 2158 942 2277 un
1022 2158 1135 2277 pas
1203 2158 1260 2277 du
1328 2158 1498 2277 pied
1577 2158 1872 2277 droi,
1940 2158 2122 2277 avec
2190 2158 2723 2277 avancement

648 2284 696 2400 du
791 2284 1004 2400 corps
1075 2284 1230 2400 dans
1277 2284 1325 2400 la
1384 2284 2084 2400 perpendiculaire
2167 2284 2226 2400 de
2273 2284 2321 2400 la
2392 2284 2582 2400 lame
2653 2284 2724 2400 de

618 2404 663 2522 ſa
730 2404 1023 2522 partie,
1068 2404 1328 2522 faiſant
1384 2404 1609 2522 parce
1711 2404 1947 2522 moyen
2037 2404 2105 2522 un
2229 2404 2725 2522 mouvement

642 2529 699 2644 de
766 2529 1274 2644 concluſion,
1319 2529 1499 2644 avec
1555 2529 2153 2644 augmentation
2243 2529 2299 2644 du
2378 2529 2558 2644 coup
2637 2529 2739 2644 de-

636 2652 873 2767 claré:
955 2652 1109 2767 mais
1156 2652 1345 2767 pour
1416 2652 1464 2767 ce
1535 2652 1700 2767 qu’il
1759 2652 1842 2767 eſt
1913 2652 2362 2767 repreſenté
2445 2652 2492 2767 en
2587 2652 2729 2767 plu-

618 2774 858 2870 ſieurs
915 2774 1269 2870 endroits
1326 2774 1394 2870 de
1463 2774 1520 2870 ce
1566 2774 1783 2870 livre,
1829 2774 1863 2870 il
1909 2774 1909 2870 a
1977 2774 2103 2870 eſté
2171 2774 2411 2870 obmis
2491 2774 2537 2870 en
2640 2774 2731 2870 ce-

618 2899 708 3016 ſte
772 2899 1015 3016 place.

1382 3471 1694 3639 Cercle
1923 3471 2172 3639 N.7.

662 3690 953 3811 Alexandre
1013 3690 1159 3811 dreſſe
1195 3690 1232 3811 ſa
1280 3690 1438 3811 pointe
1486 3690 1596 3811 vers
1632 3690 1656 3811 le
1705 3690 1887 3811 viſage
1935 3690 1972 3811 de
2020 3690 2056 3811 ſa
2093 3690 2287 3811 partie,
2335 3690 2408 3811 qui
2445 3690 2481 3811 la
2530 3690 2736 3811 voulant

761 3812 912 3934 parer
970 3812 1005 3934 de
1051 3812 1086 3934 ſa
1179 3812 1446 3934 Rondache
1528 3812 1783 3934 deſcouvre
1841 3812 1865 3934 le
1911 3812 2027 3934 coſté
2074 3812 2306 3934 gauche,
2376 3812 2573 3934 auquel
2643 3812 2736 3934 Ale-

759 3940 948 4056 xandre
993 3940 1015 4056 le
1059 3940 1226 4056 bleſſe;
1270 3940 1370 4056 puis
1415 3940 1704 4056 augmente
1737 3940 1804 4056 ſon
1848 3940 1959 4056 coup
2015 3940 2059 4056 au
2115 3940 2326 4056 travers
2393 3940 2426 4056 du
2471 3940 2637 4056 corps.

3590 4173 3898 4358 Cercle
4096 4173 4360 4358 N.9.

3351 1488 3764 1628 ACHARIE
3847 1488 4154 1628 s’eſtant
4248 1488 4342 1628 mis
4401 1488 4449 1628 en
4543 1488 4850 1628 poſture
4921 1488 4968 1628 le

3338 1620 3551 1755 corps
3601 1620 4342 1755 perpendiculaire,
4392 1620 4442 1755 le
4505 1620 4668 1755 pied
4743 1620 4969 1755 droi

3321 1744 3426 1849 ſur
3460 1744 3519 1849 le
3589 1744 3996 1849 Diametre,
4054 1744 4334 1849 toucha
4404 1744 4462 1849 nt
4532 1744 4648 1849 des
4707 1744 4974 1849 orteils

3337 1864 3657 1995 d’iceluy
3731 1864 3780 1995 la
3891 1864 4482 1995 Circonference
4556 1864 4556 1995 à
4630 1864 4667 1995 la
4741 1864 4962 1995 lettre

2920 1998 2981 2128 X,
3031 1998 3080 2128 le
3142 1998 3438 2128 gauche
3487 1998 3549 2128 un
3647 1998 3759 2128 pas
3820 1998 3870 2128 en
3931 1998 4240 2128 arriere,
4277 1998 4758 2128 reſpondant
4807 1998 4820 2128 à
4857 1998 4980 2128 l’o-

2872 2119 3104 2248 poſité
3178 2119 3239 2248 de
3288 2119 3325 2248 la
3386 2119 3655 2248 pointe
3729 2119 3778 2248 du
3900 2119 4243 2248 Quadrat,
4280 2119 4329 2248 le
4390 2119 4549 2248 bras
4598 2119 4769 2248 avec
4831 2119 4978 2248 l’eſ-

2870 2237 3005 2370 pee
3078 2237 3372 2370 eſtandu
3458 2237 3507 2370 en
3580 2237 3789 2370 angle
3838 2237 4046 2370 acut,
4132 2237 4144 2370 &
4181 2237 4377 2370 joint
4426 2237 4426 2370 à
4487 2237 4585 2370 ſon
4658 2237 4891 2370 coſté,
4916 2237 4965 2370 la

2870 2361 3279 2492 rondache
3326 2361 3385 2492 au
3478 2361 3677 2492 devãt
3736 2361 3783 2492 ſa
3853 2361 4239 2492 poirine
4356 2361 4356 2492 &
4403 2361 4449 2492 la
4508 2361 4742 2492 partie
4789 2361 4964 2492 hau-

2872 2484 2929 2620 te
3010 2484 3056 2620 du
3159 2484 3411 2620 corps.
3538 2484 3549 2620 A
3618 2484 4180 2620 LEXANDRE
4261 2484 4456 2620 vient
4525 2484 4904 2620 travailler
4949 2484 4961 2620 à

2869 2611 3328 2740 l’encontre,
3363 2611 3581 2740 apres
3639 2611 3834 2740 avoir
3914 2611 4018 2740 mis
4052 2611 4110 2740 le
4167 2611 4328 2740 pied
4397 2611 4627 2740 droi
4695 2611 4971 2740 devant

2880 2734 2977 2860 ſur
3037 2734 3086 2860 le
3171 2734 3546 2860 Diametre
3594 2734 3594 2860 à
3643 2734 3691 2860 la
3739 2734 3969 2860 lettre
4054 2734 4127 2860 A,
4187 2734 4224 2860 il
4308 2734 4575 2860 marche
4647 2734 4708 2860 du
4805 2734 4962 2860 gau-

2889 2853 3007 2981 che
3066 2853 3066 2981 à
3125 2853 3172 2981 la
3219 2853 3443 2981 lettre
3537 2853 3572 2981 E,
3631 2853 3949 2981 portant
4008 2853 4055 2981 en
4126 2853 4350 2981 avant
4397 2853 4444 2981 le
4503 2853 4668 2981 bras
4774 2853 4774 2981 &
4821 2853 4963 2981 l’eſ-

2881 2974 3017 3114 pee
3092 2974 3141 3114 en
3203 2974 3414 3114 angle
3476 2974 3675 3114 acut,
3787 2974 3787 3114 &
3861 2974 4172 3114 dreſſant
4221 2974 4271 3114 le
4346 2974 4557 3114 corps
4643 2974 4879 3114 deſſus
4929 2974 4966 3114 il

2895 3100 3123 3236 eſievé
3159 3100 3219 3236 le
3268 3100 3436 3236 pied
3508 3100 3761 3236 droi,
3797 3100 4109 3236 portant
4182 3100 4302 3236 d’un
4410 3100 4663 3236 meſme
4711 3100 4963 3236 temps

2875 3222 3145 3353 l’eſpee
3203 3222 3450 3353 (avec
3508 3222 3555 3353 le
3626 3222 3790 3353 bras
3884 3222 4435 3353 moderement
4529 3222 4810 3353 eſtandu
4962 3222 4962 3353 &

2877 3341 3155 3475 tourné
3225 3341 3271 3475 en
3364 3341 3677 3475 dehors)
3735 3341 3781 3475 en
3850 3341 4024 3475 haut
4094 3341 4140 3475 en
4221 3341 4430 3475 angle
4499 3341 4766 3475 obtus.
4881 3341 4951 3475 Au

2913 3473 3164 3602 meſme
3256 3473 3759 3602 mouvement
3873 3473 4319 3602 ZACHARIE
4399 3473 4628 3602 eſleve
4697 3473 4960 3602 l’eſpee

2891 3585 2937 3718 en
3007 3585 3215 3718 haut,
3261 3585 3307 3718 la
3388 3585 3700 3718 mettant
3747 3585 3758 3718 à
3816 3585 4059 3718 l’ayde
4140 3585 4186 3718 du
4302 3585 4799 3718 mouvement
4891 3585 4938 3718 du

2882 3714 3040 3852 bras
3126 3714 3235 3852 par
3309 3714 3540 3852 deſſus
3601 3714 3650 3852 ſa
3723 3714 3906 3852 teſte
3967 3714 4016 3852 la
4089 3714 4358 3852 pointe
4419 3714 4956 3852 adcendente,

2880 3844 2929 3978 ſe
2977 3844 3401 3978 preparant
3450 3844 3644 3978 pour
3692 3844 3862 3978 faire
3911 3844 3983 3978 un
4068 3844 4299 3978 coup;
4383 3844 4674 3978 comme
4747 3844 4844 3978 les
4905 3844 4977 3978 fi-

2899 3978 3108 4102 gures
3201 3978 3654 4102 monſtrent.

2909 4420 3204 4558 Alexandre
3264 4420 3429 4558 hauſſe
3476 4420 3512 4558 la
3559 4420 3724 4558 pointe
3783 4420 3807 4558 de
3854 4420 3913 4558 ſon
3961 4420 4091 4558 eſpee
4162 4420 4162 4558 à
4209 4420 4244 4558 la
4292 4420 4528 4558 hauteur
4575 4420 4611 4558 de
4658 4420 4693 4558 la
4764 4420 4882 4558 teſte
4942 4420 4965 4558 de

2982 4551 3028 4677 ſa
3074 4551 3351 4677 partie,
3443 4551 3686 4677 Zacharie
3732 4551 3801 4677 luy
3847 4551 3928 4677 tire
3974 4551 4021 4677 un
4067 4551 4171 4677 coup
4240 4551 4586 4677 deſtramaçon
4655 4551 4667 4677 à
4725 4551 4759 4677 la
4817 4551 4956 4677 teſte:

3004 4674 3110 4799 mais
3194 4674 3489 4799 Alexandre
3542 4674 3616 4799 met
3658 4674 3700 4799 ſa
3742 4674 3858 4799 lame
3911 4674 3943 4799 en
3995 4674 4122 4799 petit
4238 4674 4428 4799 Nombre
4480 4674 4522 4799 au
4586 4674 4628 4799 9.
4670 4674 4712 4799 ou
4765 4674 4870 4799 10.
4934 4674 4965 4799 de

2989 4801 3107 4922 celle
3177 4801 3213 4922 de
3248 4801 3283 4922 ſa
3330 4801 3542 4922 partie,
3636 4801 3636 4922 &
3683 4801 3718 4922 la
3777 4801 4047 4922 graduant
4083 4801 4118 4922 il
4153 4801 4189 4922 la
4247 4801 4483 4922 dompte,
4565 4801 4577 4922 &
4635 4801 4659 4922 ſe
4729 4801 4800 4922 met
4859 4801 4976 4922 dans

2990 4931 3024 5068 la
3093 4931 3550 5068 perpendiculaire
3607 4931 3881 5068 d’icelle.

3347 5112 3756 5241 ACHARIE
3816 5112 4321 5241 pourſuivant
4369 5112 4418 5241 la
4466 5112 4959 5241 precedente

3333 5234 3805 5361 operation,
3890 5234 4216 5361 aproche
4289 5234 4337 5361 le
4422 5234 4591 5361 pied
4676 5234 4954 5361 gauche

3317 5360 3638 5482 juſques
3687 5360 3737 5482 au
3823 5360 4094 5482 devant
4168 5360 4205 5482 la
4267 5360 4538 5482 pointe
4625 5360 4674 5482 du
4810 5360 4970 5482 Qua-

3326 5482 3467 5603 drat
3538 5482 3585 5603 du
3702 5482 3973 5603 Cercle.
4149 5482 4220 5603 Au
4337 5482 4584 5603 meſme
4655 5482 4949 5603 temps,

2901 5604 2913 5729 A
2983 5604 3440 5729 LEXANDRE
3499 5604 3815 5729 portant
3909 5604 3955 5729 en
4049 5604 4260 5729 avant
4342 5604 4389 5729 le
4459 5604 4635 5729 pied
4717 5604 4951 5729 droi

2887 5724 3144 5842 eſlevé,
3180 5724 3437 5842 hauſſe
3496 5724 3636 5842 d’un
3707 5724 3871 5842 bras
3941 5724 4480 5842 moderement
4538 5724 4831 5842 eſtandu
4901 5724 4948 5842 la

2876 5850 3146 5979 pointe
3219 5850 3268 5979 de
3317 5850 3612 5979 l’eſpee,
3661 5850 3967 5979 juſques
4016 5850 4029 5979 à
4102 5850 4139 5979 la
4213 5850 4544 5979 hauteur
4630 5850 4679 5979 du
4765 5850 4949 5979 ſom-

2904 5970 3027 6098 met
3100 5970 3149 6098 de
3199 5970 3236 6098 la
3297 5970 3481 6098 teſte
3555 5970 3604 6098 de
3666 5970 3703 6098 ſa
3752 5970 4023 6098 partie,
4133 5970 4133 6098 &
4195 5970 4416 6098 pauſe
4453 5970 4502 6098 la
4576 5970 4809 6098 deſſus
4859 5970 4920 6098 un

2875 6095 3044 6218 peu.
3128 6095 3128 6218 Z
3189 6095 3912 6218 ACHARIEentrant
3961 6095 4069 6218 ſur
4130 6095 4250 6218 cela
4335 6095 4383 6218 du
4443 6095 4612 6218 pied
4685 6095 4950 6218 droi,

2889 6219 3052 6342 qu’il
3115 6219 3279 6342 poſe
3342 6219 3442 6342 ſur
3505 6219 3555 6342 le
3668 6219 4033 6342 Diametre
4096 6219 4109 6342 à
4171 6219 4209 6342 la
4259 6219 4486 6342 lettre
4599 6219 4649 6342 V,
4712 6219 4750 6342 il
4813 6219 4938 6342 tire

2872 6341 2931 6465 un
3014 6341 3487 6465 eſtramaçon
3605 6341 3948 6465 diagonal
4019 6341 4031 6465 a
4102 6341 4149 6465 la
4220 6341 4397 6465 teſte
4492 6341 4551 6465 de
4598 6341 4705 6465 ſon
4788 6341 4941 6465 con-

2867 6466 3129 6583 traire.
3288 6466 3811 6583 ALEXANDRE
3890 6466 4220 6583 prenant
4300 6466 4504 6583 garde
4584 6466 4641 6583 au
4743 6466 4947 6583 com-

2890 6586 3382 6712 mencement
3449 6586 3494 6712 du
3594 6586 4098 6712 mouvement
4165 6586 4232 6712 de
4299 6586 4333 6712 ſa
4400 6586 4668 6712 partie,
4735 6586 4937 6712 cõme

2866 6707 3132 6836 l’eſpee
3190 6707 3503 6836 d’iceluy
3560 6707 3734 6836 avec
3780 6707 3838 6836 le
3884 6707 4046 6836 bras
4116 6707 4336 6836 eſlevé
4405 6707 4868 6836 commence
4926 6707 4937 6836 à

2879 6833 3071 6957 venir
3143 6833 3192 6957 en
3276 6833 3480 6957 avant
3613 6833 3613 6957 &
3673 6833 3673 6957 à
3757 6833 4154 6957 s’abaiſſer,
4203 6833 4239 6957 il
4311 6833 4431 6957 met
4491 6833 4527 6957 ſa
4576 6833 4768 6957 lame
4816 6833 4913 6957 (en

2860 6956 3208 7088 plantant
3286 6956 3337 7088 le
3402 6956 3569 7088 pied
3647 6956 3879 7088 eſlevé
3930 6956 4227 7088 pardelà
4330 6956 4369 7088 du
4498 6956 4859 7088 Diametre
4923 6956 4936 7088 à

4887 7082 4937 7176 la

2909 799 3157 946 Zacharie
3202 799 3236 946 ſe
3281 799 3586 946 preſentant
3654 799 3789 946 droit
3834 799 4489 946 perpendiculairement,
4534 799 4647 946 avec
4680 799 4703 946 le
4748 799 4861 946 bras
4963 799 4963 946 &

2993 924 3174 1070 l’eſpee
3231 924 3469 1070 eſtandus
3503 924 3537 1070 en
3593 924 3729 1070 angle
3786 924 3922 1070 acut,
3967 924 4001 1070 la
4046 924 4307 1070 rondache
4363 924 4544 1070 devant
4601 924 4646 1070 ſa
4692 924 4963 1070 poictrine,

3039 1060 3329 1184 Alexandre
3373 1060 3552 1184 avance
3596 1060 3619 1184 le
3674 1060 3775 1184 bras
3864 1060 3864 1184 &
3920 1060 4087 1184 l’eſpee
4131 1060 4165 1184 en
4221 1060 4366 1184 angle
4410 1060 4544 1184 acut,
4577 1060 4678 1184 puis
4722 1060 4745 1184 il
4778 1060 4811 1184 la
4856 1060 4968 1184 por-

2992 1181 3025 1306 te
3070 1181 3104 1306 en
3160 1181 3284 1306 haut
3329 1181 3362 1306 en
3419 1181 3553 1306 angle
3598 1181 3767 1306 obtus.
3890 1181 4137 1306 Zacharie
4182 1181 4418 1306 eſlevant
4463 1181 4497 1306 la
4564 1181 4710 1306 ſienne
4778 1181 4800 1306 ſe
4868 1181 4969 1306 pre-

2988 1306 3106 1426 pare
3149 1306 3267 1426 pour
3310 1306 3439 1426 faire
3482 1306 3525 1426 un
3568 1306 3707 1426 coup.

1124 4108 1124 4250 E
1234 4108 1476 4250 Cercle
1525 4108 1659 4250 tire
1731 4108 1768 4250 ſa
1841 4108 2108 4250 ſource
2193 4108 2302 4250 des
2375 4108 2739 4250 poſtures

1105 4238 1150 4351 du
1265 4238 1505 4351 Cercle
1619 4238 1734 4351 N.2.
1802 4238 1825 4351 A
1882 4238 2294 4351 LEXANDR
2363 4238 2374 4351 E
2431 4238 2729 4351 entrant

1109 4360 1158 4503 du
1232 4360 1391 4503 pied
1465 4360 1699 4503 droi
1748 4360 1871 4503 par
1933 4360 2068 4503 dela
2142 4360 2191 4503 le
2289 4360 2646 4503 Diametre
2720 4360 2732 4503 à

1076 4485 1120 4625 la
1175 4485 1408 4625 lettre
1474 4485 1507 4625 S,
1551 4485 1728 4625 avec
1773 4485 2315 4625 avancement
2381 4485 2436 4625 du
2514 4485 2724 4625 corps

621 4613 657 4712 il
717 4613 944 4712 dreſſe
1004 4613 1686 4712 ſemblablement
1769 4613 1901 4712 d’un
1984 4613 2140 4712 bras
2224 4613 2523 4712 eſtandu
2606 4613 2714 4712 ſon

639 4739 899 4865 eſpee,
946 4739 1324 4865 tournant
1371 4739 1418 4865 la
1477 4739 1737 4865 pointe
1808 4739 2091 4865 d’icelle
2150 4739 2304 4865 vers
2363 4739 2410 4865 le
2493 4739 2729 4865 viſage

650 4859 710 4987 de
758 4859 794 4987 ſa
854 4859 1142 4987 partie,
1202 4859 1310 4987 qui
1359 4859 1707 4987 hauſſant
1839 4859 1851 4987 &
1923 4859 2236 4987 portant
2320 4859 2368 4987 en
2464 4859 2740 4987 dedans

622 4977 658 5119 la
753 4977 1171 5119 Rondache
1243 4977 1291 5119 au
1410 4977 1685 5119 devant
1756 4977 1828 5119 de
1899 4977 2007 5119 ſon
2114 4977 2341 5119 viſage
2472 4977 2472 5119 &
2544 4977 2604 5119 de
2675 4977 2723 5119 ſa

633 5096 1053 5237 poirine,
1134 5096 1193 5237 en
1274 5096 1309 5237 la
1391 5096 1705 5237 voulant
1775 5096 1985 5237 parer
2043 5096 2078 5237 il
2159 5096 2579 5237 deſcouvre
2672 5096 2719 5237 en

652 5220 921 5362 dehors
994 5220 1055 5362 de
1104 5220 1140 5362 la
1238 5220 1641 5362 Rondache
1726 5220 1775 5362 le
1861 5220 2044 5362 coſté
2142 5220 2459 5362 gauche.
2654 5220 2716 5362 Au

651 5347 916 5457 meſme
1021 5347 1540 5457 mouvement
1656 5347 1667 5457 A
1741 5347 2238 5457 LEXANDRE
2322 5347 2608 5457 avance
2671 5347 2724 5457 le

625 5465 803 5607 pied
875 5465 1208 5607 gauche,
1338 5465 1338 5607 &
1386 5465 1434 5607 le
1493 5465 1778 5607 jettant
1862 5465 2504 5607 circulairement
2587 5465 2730 5607 der-

643 5588 818 5730 riere
868 5588 930 5730 le
980 5588 1268 5730 planté,
1318 5588 1355 5730 il
1418 5588 1605 5730 laiſſe
1668 5588 1830 5730 aller
1893 5588 1993 5730 ſon
2093 5588 2306 5730 eſpee
2381 5588 2743 5730 d’enhaut

643 5713 690 5852 en
786 5713 1059 5852 dehors
1119 5713 1166 5852 du
1249 5713 1404 5852 bras
1452 5713 1785 5852 abaiſant
1832 5713 1868 5852 la
1927 5713 2225 5852 pointe,
2284 5713 2344 5852 de
2391 5713 2724 5852 laquelle

624 5832 659 5949 il
705 5832 866 5949 fai
924 5832 1062 5949 une
1131 5832 1765 5949 circonference,
1800 5832 2122 5949 bleſſant
2169 5832 2261 5949 ſon
2341 5832 2722 5949 contraire

629 5957 816 6098 (d’un
886 5957 1049 6098 bras
1096 5957 1376 6098 tourné
1434 5957 1481 6098 en
1574 5957 1912 6098 dedans)
1982 5957 2041 6098 au
2134 5957 2321 6098 coſté
2391 5957 2729 6098 gauche;

628 6079 796 6222 puis
844 6079 1205 6222 plantant
1253 6079 1301 6222 le
1362 6079 1530 6222 pied
1590 6079 1819 6222 eſlevé
1867 6079 2047 6222 hors
2107 6079 2492 6222 duCercle
2553 6079 2733 6222 pen-

642 6201 857 6343 chant
905 6201 964 6343 le
1024 6201 1239 6343 corps
1310 6201 1585 6343 deſſus,
1620 6201 1656 6343 il
1704 6201 2133 6343 augmente
2193 6201 2288 6343 ſon
2360 6201 2718 6343 eſtocade

625 6327 683 6465 au
763 6327 1051 6465 travers
1120 6327 1166 6465 du
1246 6327 1465 6465 corps
1523 6327 1891 6465 d’iceluy;
1948 6327 2247 6465 comme
2293 6327 2385 6465 les
2431 6327 2719 6465 figures

662 6446 1100 6589 monſtrent.
1193 6446 1239 6589 Il
1285 6446 1470 6589 peut
1516 6446 1677 6589 auſſi
1747 6446 2208 6589 pourſuivre
2278 6446 2324 6589 en
2416 6446 2716 6589 entrant

655 6572 703 6713 du
776 6572 945 6713 pied
1017 6572 1307 6713 droi,
1391 6572 1934 6713 parachevant
1995 6572 2103 6713 par
2188 6572 2236 6713 ce
2333 6572 2574 6713 moyen
2671 6572 2707 6713 la

639 6711 1124 6838 precedente
1204 6711 1632 6838 operation.

3585 560 3891 724 Cercle
4198 560 4373 724 N8.
