5479 7714
3571 2396 3884 2566 Cercle
4086 2396 4421 2566 Ne12.

588 2731 847 2854 Zacharie
892 2731 1083 2854 voyant
1117 2731 1162 2854 ſa
1207 2731 1331 2854 lame
1376 2731 1590 2854 eſcoulée
1635 2731 1781 2854 porte
1838 2731 1883 2854 en
1950 2731 2108 2854 avant
2141 2731 2186 2854 ſa
2243 2731 2535 2854 rondache,
2592 2731 2704 2854 pour

685 2854 831 2974 parer
879 2854 1061 2974 l’eſpee
1121 2854 1146 2974 de
1194 2854 1230 2974 ſa
1267 2854 1485 2974 partie,
1594 2854 1885 2974 Alexandre
1933 2854 2163 2974 l’eſuite,
2260 2854 2260 2974 &
2333 2854 2539 2974 s’eſtant
2600 2854 2709 2974 logé

691 2978 915 3105 derriere
949 2978 982 3105 le
1027 2978 1172 3105 corps
1228 2978 1474 3105 d’iceluy,
1519 2978 1553 3105 il
1586 2978 1653 3105 luy
1721 2978 1855 3105 donne
1911 2978 2012 3105 d’un
2056 2978 2381 3105 eſtramaçon
2470 2978 2515 3105 au
2593 2978 2705 3105 coſté

692 3110 819 3220 droit
877 3110 911 3220 de
958 3110 992 3220 la
1038 3110 1246 3220 teſte.

1068 3273 1068 3418 E
1180 3273 1417 3418 Cercle
1505 3273 1854 3418 contient
1916 3273 1966 3418 la
2028 3273 2440 3418 pourſuite
2527 3273 2589 3418 de
2652 3273 2702 3418 la

1025 3422 1532 3544 precedente
1624 3422 2073 3544 operation.
2246 3422 2707 3544 ZACHARIE

1033 3546 1317 3673 voyant
1388 3546 1518 3673 que
1577 3546 1612 3673 ſa
1671 3546 1872 3673 lame
1931 3546 2014 3673 eſt
2085 3546 2475 3673 eſcoulée,
2546 3546 2700 3673 mar-

1038 3670 1159 3801 che
1281 3670 1707 3801 viſtement
1805 3670 1854 3801 en
2000 3670 2280 3801 dedans
2377 3670 2426 3801 du
2523 3670 2694 3801 pied

574 3797 898 3927 gauche,
956 3797 1130 3927 avec
1188 3797 1732 3927 avancement
1801 3797 1859 3927 du
1940 3797 2183 3927 corps,
2229 3797 2565 3927 portant
2634 3797 2681 3927 en

569 3920 795 4054 avant
833 3920 883 4054 le
946 3920 1148 4054 coſté
1211 3920 1501 4054 gauche
1614 3920 1626 4054 &
1689 3920 1727 4054 la
1815 3920 2269 4054 rondache,
2319 3920 2521 4054 pour
2596 3920 2697 4054 d’i-

577 4048 747 4175 celle
796 4048 1015 4175 parer
1064 4048 1101 4175 la
1149 4048 1344 4175 lame
1417 4048 1478 4175 de
1539 4048 1576 4175 ſa
1636 4048 1904 4175 partie.
2075 4048 2696 4175 ALEXANDRE

552 4175 940 4302 l’eſuitant
1013 4175 1219 4302 entre
1291 4175 1340 4302 du
1425 4175 1594 4302 pied
1667 4175 1934 4302 droi,
2006 4175 2333 4302 portant
2418 4175 2709 4302 enſem-

555 4298 663 4426 ble
711 4298 878 4426 (par
950 4298 1081 4426 une
1165 4298 1786 4426 circonference
1834 4298 1846 4426 à
1894 4298 2145 4426 l’ayde
2228 4298 2300 4426 de
2395 4298 2706 4426 mouve-

590 4422 770 4553 ment
829 4422 889 4553 du
961 4422 1164 4553 bras)
1212 4422 1308 4553 ſon
1403 4422 1607 4553 eſpee
1678 4422 1726 4553 en
1798 4422 1977 4553 haut
2025 4422 2145 4553 par
2216 4422 2456 4553 deſſus
2503 4422 2539 4553 ſa
2599 4422 2707 4553 te-

554 4551 687 4676 ſte,
747 4551 1049 4676 entrant
1122 4551 1182 4676 de
1231 4551 1424 4676 ſuite
1496 4551 1545 4676 du
1617 4551 1786 4676 pied
1859 4551 2149 4676 gauche
2209 4551 2270 4676 un
2354 4551 2475 4676 pas
2548 4551 2693 4676 der-

561 4676 750 4804 riere
800 4676 851 4804 le
926 4676 1141 4804 corps
1216 4676 1267 4804 de
1330 4676 1367 4804 ſa
1430 4676 1733 4804 partie,
1821 4676 2098 4804 lequel
2149 4676 2186 4804 il
2249 4676 2464 4804 frapé
2552 4676 2678 4804 d’un

574 4799 1062 4928 eſtramaçon
1150 4799 1500 4928 diagonal
1550 4799 1613 4928 au
1688 4799 1888 4928 coſté
1951 4799 2189 4928 droi
2251 4799 2314 4928 de
2364 4799 2402 4928 la
2477 4799 2702 4928 teſte;

570 4928 880 5052 comme
917 4928 954 5052 il
1016 4928 1103 5052 eſt
1190 4928 1499 5052 monſtré
1561 4928 1673 5052 par
1722 4928 1822 5052 les
1896 4928 2218 5052 figures.

1324 5573 1634 5767 Cercle
1878 5573 2144 5767 N.11.

604 5819 857 5955 Zacharie
903 5819 938 5955 ſe
1007 5819 1088 5955 met
1134 5819 1168 5955 en
1237 5819 1433 5955 poſture
1479 5819 1514 5955 le
1571 5819 1686 5955 bras
1756 5819 1871 5955 droit
1917 5819 2124 5955 eſtandu
2193 5819 2228 5955 en
2285 5819 2435 5955 angle
2492 5819 2631 5955 acut,
2677 5819 2700 5955 le

695 5957 892 6085 gauche
933 5957 1171 6085 preſenté
1223 5957 1254 6085 en
1316 5957 1482 6085 avant
1523 5957 1637 6085 avec
1689 5957 1720 6085 la
1772 5957 2041 6085 rondache
2083 5957 2124 6085 au
2186 5957 2373 6085 devant
2435 5957 2466 6085 du
2538 5957 2704 6085 corps.

726 6081 1018 6207 Alexandre
1097 6081 1164 6207 met
1232 6081 1288 6207 ſon
1344 6081 1479 6207 eſpee
1524 6081 1558 6207 en
1614 6081 1761 6207 angle
1817 6081 1963 6207 acut;
1997 6081 2098 6207 puis
2143 6081 2334 6207 l’eſleve
2379 6081 2413 6207 en
2469 6081 2627 6207 obtus.

1071 6270 1489 6395 ACHARIE
1582 6270 1884 6395 s’eſtant
1989 6270 2082 6395 mis
2152 6270 2198 6395 en
2268 6270 2617 6395 poſture,
2652 6270 2698 6395 le

1050 6396 1219 6526 pied
1292 6396 1521 6526 droi
1557 6396 1787 6526 (avec
1847 6396 1896 6526 le
1956 6396 2186 6526 genou
2282 6396 2560 6526 tandu)
2596 6396 2705 6526 ſur

1044 6521 1091 6650 le
1209 6521 1644 6650 Diametre,
1703 6521 1938 6650 ayant
1997 6521 2102 6650 les
2173 6521 2443 6650 orteils
2502 6521 2714 6650 d’ice-

1047 6647 1163 6778 luy
1215 6647 1318 6778 ſur
1370 6647 1409 6778 la
1525 6647 2133 6778 Circonference
2185 6647 2185 6778 à
2237 6647 2289 6778 la
2340 6647 2560 6778 lettre
2677 6647 2715 6778 X,

585 6776 635 6901 le
697 6776 871 6901 pied
933 6776 1230 6901 gauche
1292 6776 1466 6901 avec
1515 6776 1565 6901 le
1639 6776 1862 6901 genou
1937 6776 2234 6901 ployé)
2296 6776 2358 6901 un
2445 6776 2556 6901 pas
2643 6776 2693 6901 en

589 6894 867 7027 arriere
930 6894 1219 7027 pardela
1282 6894 1333 7027 le
1421 6894 1761 7027 coingdu
1887 6894 2252 7027 Quadrat,
2303 6894 2706 7027 penchant

589 7018 640 7174 le
729 7018 945 7174 corps
1033 7018 1262 7174 deſſus
1326 7018 1376 7174 en
1453 7018 1783 7174 arriere,
1834 7018 1884 7174 le
1948 7018 2113 7174 bras
2176 7018 2405 7174 droi
2481 7018 2710 7174 eſtan-

2871 525 2934 657 du
2996 525 3009 657 à
3071 525 3171 657 ſon
3258 525 3446 657 coſté
3508 525 3745 657 droi
3808 525 3858 657 en
3933 525 4145 657 angle
4207 525 4407 657 acut,
4470 525 4519 657 en
4594 525 4782 657 ſorte
4857 525 4981 657 que

2858 653 2896 783 la
2960 653 3229 783 pointe
3306 653 3357 783 de
3409 653 3678 783 l’eſpee
3742 653 4024 783 reſpõd
4075 653 4075 783 à
4152 653 4332 783 coſté
4408 653 4460 783 du
4537 653 4703 783 pied
4780 653 4998 783 droit,

2852 778 2899 909 le
2969 778 3157 909 coſté
3227 778 3520 909 gauche
3591 778 3895 909 preſent
3954 778 3954 909 é
4024 778 4071 909 en
4153 778 4423 909 avant,
4482 778 4669 909 avec
4716 778 4751 909 la
4810 778 4986 909 ron-

2866 902 3096 1031 dache
3156 902 3205 1031 au
3302 902 3580 1031 devant
3653 902 3701 1031 du
3786 902 4040 1031 corps,
4088 902 4124 1031 il
4173 902 4451 1031 attand
4500 902 4669 1031 ainſi
4717 902 4754 1031 ſa
4826 902 4984 1031 par-

2850 1031 2975 1133 tie.
3099 1031 3642 1133 ALEXANDRE
3710 1031 4162 1133 travaillant
4219 1031 4230 1133 à
4298 1031 4773 1133 l’encontre,
4852 1031 4977 1133 met

2850 1150 2900 1280 le
2962 1150 3135 1280 pied
3197 1150 3482 1280 gauche
3543 1150 3841 1280 pardela
3940 1150 3989 1280 du
4113 1150 4484 1280 Diametre
4558 1150 4855 1280 proche
4930 1150 4967 1280 la

2848 1273 3073 1403 lettre
3156 1273 3203 1403 E,
3262 1273 3475 1403 apres
3535 1273 3736 1403 avoir
3807 1273 4103 1403 eſtandu
4162 1273 4222 1403 le
4269 1273 4435 1403 bras
4482 1273 4660 1403 avec
4707 1273 4980 1403 l’eſpee

2860 1400 2908 1530 en
2980 1400 3195 1530 angle
3267 1400 3470 1530 acut;
3494 1400 3650 1530 lors
3697 1400 3960 1530 portãt
4020 1400 4068 1530 en
4152 1400 4367 1530 avant
4415 1400 4475 1530 le
4522 1400 4702 1530 pied
4774 1400 4989 1530 droit,

2835 1523 2870 1646 il
2951 1523 3183 1646 eſlevé
3264 1523 3646 1646 enſemble
3716 1523 3762 1646 ſa
3832 1523 4029 1646 lame
4087 1523 4296 1646 (d’un
4377 1523 4539 1646 bras
4644 1523 4980 1646 modere-

2869 1648 3053 1774 ment
3123 1648 3422 1774 eſtandu
3560 1648 3560 1774 &
3618 1648 3894 1774 tourné
3963 1648 4009 1774 en
4102 1648 4378 1774 dehors
4447 1648 4493 1774 en
4574 1648 4793 1774 angle
4862 1648 4977 1774 ob-

2848 1777 3015 1906 tus,
3099 1777 3159 1906 de
3266 1777 3588 1906 maniere
3660 1777 3791 1906 que
3851 1777 3899 1906 la
3946 1777 4221 1906 pointe
4305 1777 4579 1906 d’icelle
4639 1777 4985 1906 reſpond

2848 1902 2907 2021 un
2978 1902 3108 2021 peu
3191 1902 3357 2021 plus
3416 1902 3605 2021 haut
3688 1902 3818 2021 que
3877 1902 3936 2021 le
3996 1902 4185 2021 haut
4268 1902 4327 2021 de
4386 1902 4434 2021 la
4505 1902 4966 2021 rondache,

2851 2020 3164 2153 pauſant
3227 2020 3290 2153 un
3365 2020 3477 2153 peu
3553 2020 3603 2153 le
3678 2020 3891 2153 corps
3978 2020 4216 2153 deſſus
4279 2020 4329 2153 le
4404 2020 4567 2153 pied
4655 2020 4930 2153 gache

2857 2151 3164 2270 comme
3212 2151 3306 2270 les
3365 2151 3648 2270 figures
3743 2151 4191 2270 monſtrent.

2870 2693 3117 2814 Lacharie
3160 2693 3299 2814 porte
3342 2693 3385 2814 ſa
3438 2693 3706 2814 rondache
3760 2693 3803 2814 en
3857 2693 4017 2814 avant
4082 2693 4200 2814 pour
4243 2693 4436 2814 parer:
4489 2693 4596 2814 mais
4682 2693 4972 2814 Alexandre

2984 2822 3096 2940 mene
3153 2822 3209 2940 ſon
3276 2822 3412 2940 eſpee
3479 2822 3513 2940 en
3580 2822 3975 2940 circonference
4020 2822 4110 2940 par
4144 2822 4177 2940 le
4234 2822 4459 2940 deſſoubs
4515 2822 4549 2940 de
4594 2822 4628 2940 la
4673 2822 4966 2940 rondache,

3015 2941 3015 3063 &
3075 2941 3098 3063 le
3146 2941 3289 3063 bleſſe
3337 2941 3373 3063 au
3421 2941 3540 3063 coſté
3612 2941 3850 3063 gauche;
3910 2941 4006 3063 puis
4065 2941 4352 3063 augmente
4388 2941 4447 3063 ſon
4507 2941 4650 3063 coup.

1296 2463 1609 2632 Cercle
1855 2463 2146 2632 N.10.

572 533 621 655 la
669 533 899 655 lettre
984 533 1032 655 L)
1081 533 1250 655 avec
1311 533 1432 655 peu
1516 533 1589 655 de
1698 533 2061 655 Nombres
2122 533 2424 655 comme
2509 533 2509 655 3
2630 533 2679 655 ou

598 654 633 774 4.
680 654 738 774 au
866 654 1239 774 Nombres
1309 654 1344 774 9.
1402 654 1449 774 ou
1530 654 1623 774 10.
1693 654 1752 774 de
1821 654 1996 774 celle
2066 654 2124 774 de
2183 654 2218 774 ſa
2276 654 2579 774 partie;
2625 654 2684 774 au

617 779 876 906 meſme
925 779 1208 906 temps,
1270 779 1590 906 dreſſant
1639 779 1688 906 le
1762 779 1971 906 corps
2021 779 2119 906 ſur
2168 779 2218 906 le
2279 779 2452 906 pied
2513 779 2698 906 droit

579 906 877 1031 planté,
926 906 951 1031 il
1001 906 1224 1031 porte
1261 906 1360 1031 (en
1434 906 1694 1031 levant
1744 906 1794 1031 le
1868 906 2153 1031 gauche
2277 906 2277 1031 &
2339 906 2388 1031 le
2463 906 2698 1031 menãt

592 1027 705 1154 par
780 1027 1105 1154 derriere
1167 1027 1217 1154 le
1280 1027 1579 1154 planté)
1642 1027 1992 1154 l’eſpaule
2079 1027 2366 1154 droie
2454 1027 2504 1154 en
2616 1027 2704 1154 de-

604 1152 823 1278 dans,
933 1152 933 1278 &
982 1152 1018 1278 la
1092 1152 1384 1278 gauche
1457 1152 1494 1278 en
1591 1152 1921 1278 dehors,
1994 1152 2518 1278 deſgraduant
2591 1152 2701 1278 en-

577 1278 859 1402 ſemble
933 1278 1080 1402 vers
1129 1278 1178 1402 le
1240 1278 1362 1402 bas
1399 1278 1669 1402 l’eſpee
1743 1278 1804 1402 de
1853 1278 1902 1402 ſa
1951 1278 2234 1402 partie,
2283 1278 2700 1402 domptant

578 1405 698 1530 par
770 1405 818 1530 ce
902 1405 1142 1530 moyen
1214 1405 1262 1530 le
1322 1405 1742 1530 coup;puis
1790 1405 2150 1530 plantant
2198 1405 2246 1530 le
2318 1405 2486 1530 pied
2546 1405 2702 1530 eſle-

585 1529 656 1652 vé
703 1529 715 1652 à
762 1529 798 1652 la
857 1529 1081 1652 lettre
1164 1529 1211 1652 T,
1258 1529 1435 1652 avec
1471 1529 1518 1652 la
1589 1529 1872 1652 cheute
1943 1529 1990 1652 du
2085 1529 2297 1652 corps
2356 1529 2392 1652 il
2451 1529 2498 1652 ſe
2581 1529 2699 1652 met

601 1652 760 1778 dans
821 1652 857 1778 la
918 1652 1637 1778 perpendiculaire
1711 1652 1771 1778 de
1808 1652 1857 1778 la
1930 1652 2113 1778 lame
2198 1652 2259 1778 de
2320 1652 2369 1778 ſa
2430 1652 2698 1778 partie;

585 1779 897 1901 comme
957 1779 993 1901 il
1053 1779 1101 1901 ſe
1173 1779 1329 1901 void
1389 1779 1521 1901 aux
1581 1779 1905 1901 figures.

739 1902 921 2023 Pour
969 1902 1587 2023 parfaiement
1660 1902 2035 2023 executer
2096 1902 2157 2023 ce
2217 1902 2459 2023 coup,
2532 1902 2568 2023 il
2617 1902 2714 2023 eſt

571 2024 819 2152 beſoin
906 2024 1154 2152 d’eſtre
1204 2024 1365 2152 bien
1452 2024 1749 2152 exercé:
1811 2024 2097 2152 pource
2171 2024 2332 2152 qu’il
2369 2024 2531 2152 faut
2593 2024 2704 2152 ob-

560 2149 817 2249 ſerver
873 2149 1389 2249 exaement
1445 2149 1624 2249 tous
1658 2149 1759 2249 les
1837 2149 2353 2249 mouvemens
2431 2149 2487 2249 de
2544 2149 2712 2249 l’ad-

573 2279 928 2369 verſaire.

3349 3147 3463 3271 Ecy
3564 3147 3653 3271 eſt
3716 3147 3767 3271 la
3843 3147 4249 3271 pourſuite
4350 3147 4413 3271 de
4489 3147 4946 3271 l’operation

3301 3273 3846 3390 precedente,
3939 3273 4008 3390 ZA
4078 3273 4379 3390 CHARIE
4472 3273 4681 3390 entre
4727 3273 4762 3390 la
4831 3273 4982 3390 deſ-

3309 3395 3411 3518 ſus
3474 3395 3525 3518 du
3601 3395 3779 3518 pied
3843 3395 4122 3518 gauche
4173 3395 4478 3518 pardela
4554 3395 4605 3518 du
4707 3395 4987 3518 Diame-

3313 3520 3413 3643 tre
3463 3520 3475 3643 à
3525 3520 3562 3643 la
3625 3520 3849 3643 lettre
3987 3520 4037 3643 Q,
4111 3520 4436 3643 portant
4561 3520 4573 3643 &
4648 3520 4972 3643 eſlevant

2852 3643 3252 3768 enſemble
3301 3643 3349 3768 la
3446 3643 3870 3768 Rondache
3931 3643 3979 3768 en
4052 3643 4246 3768 avãt,
4294 3643 4476 3768 peur
4525 3643 4743 3768 parer
4791 3643 4973 3768 avec

2841 3770 3060 3899 icelle
3121 3770 3390 3899 l’eſpee
3487 3770 3548 3899 de
3609 3770 3658 3899 ſa
3731 3770 4012 3899 partie.
4134 3770 4195 3899 Au
4317 3770 4573 3899 meſme
4671 3770 4976 3899 mouve-

2872 3895 3057 4017 ment
3149 3895 3704 4017 ALEXANDRE
3808 3895 4005 4017 mene
4074 3895 4109 4017 ſa
4202 3895 4479 4017 pointe
4571 3895 4780 4017 d’une
4861 3895 4988 4017 cir-

2851 4022 3344 4143 conference
3391 4022 3509 4143 par
3556 4022 3615 4143 le
3685 4022 3967 4143 dedans
4049 4022 4108 4143 de
4155 4022 4190 4143 la
4249 4022 4695 4143 rondache,
4766 4022 4989 4143 avan-

2856 4150 3024 4271 çant
3084 4150 3216 4271 d’un
3324 4150 3576 4271 meſme
3636 4150 3900 4271 temps
3936 4150 3997 4271 le
4069 4150 4285 4271 corps
4345 4150 4513 4271 bras
4633 4150 4645 4271 &
4729 4150 4981 4271 eſpee,

2851 4270 2899 4396 en
2982 4270 3281 4396 entrant
3352 4270 3400 4396 du
3483 4270 3651 4396 pied
3722 4270 3901 4396 droit
3973 4270 4235 4396 eſlevé,
4271 4270 4307 4396 il
4354 4270 4581 4396 bleſſe
4629 4270 4736 4396 ſon
4820 4270 4987 4396 con-

2843 4396 3064 4521 traire
3114 4396 3212 4521 (du
3286 4396 3470 4521 long
3606 4396 3606 4521 &
3667 4396 3716 4521 au
3827 4396 4196 4521 deſſoubs
4270 4396 4331 4521 de
4405 4396 4442 4521 la
4528 4396 4983 4521 rondache)

2866 4521 3060 4649 d’une
3132 4521 3495 4649 eſtocade
3556 4521 3604 4649 au
3689 4521 3882 4649 coſté
3943 4521 4257 4649 gauche;
4294 4521 4451 4649 puis
4511 4521 4862 4649 plantant
4911 4521 4971 4649 le

2843 4647 3022 4770 pied
3073 4647 3379 4770 pardela
3468 4647 3519 4770 du
3621 4647 4004 4770 Diametre
4055 4647 4157 4770 ſur
4208 4647 4246 4770 la
4310 4647 4502 4770 ligne
4591 4647 4591 4770 I
4706 4647 4744 4770 N,
4808 4647 4986 4770 pen-

2856 4770 3081 4896 chant
3119 4770 3169 4896 le
3244 4770 3457 4896 corps
3532 4770 3770 4896 deſſus
3845 4770 4120 4896 tenant
4183 4770 4233 4896 le
4308 4770 4546 4896 genou
4621 4770 4909 4896 ployé,
4947 4770 4984 4896 il

2838 4895 3281 5021 augmente
3328 4895 3433 5021 ſon
3514 4895 3876 5021 eſtocade
3934 4895 3993 5021 au
4063 4895 4366 5021 travers
4436 4895 4494 5021 du
4576 4895 4798 5021 corps
4879 4895 4984 5021 d’i-

2848 5023 3097 5148 celuy;
3156 5023 3463 5148 comme
3511 5023 3617 5148 les
3665 5023 3960 5148 figures
4019 5023 4492 5148 enſegnent.

2930 5144 2980 5266 Il
3029 5144 3190 5266 faut
3252 5144 3425 5266 eſtre
3475 5144 3808 5266 adverti,
3870 5144 4006 5266 que
4056 5144 4056 5266 à
4118 5144 4316 5266 cauſe
4390 5144 4526 5266 que
4625 5144 4971 5266 Zacharie

2840 5272 3034 5394 tient
3107 5272 3204 5394 ſon
3325 5272 3531 5394 eſpee
3628 5272 4041 5394 racourcie
4089 5272 4489 5394 jongnant
4550 5272 4659 5394 ſon
4756 5272 4974 5394 coſté,

2839 5392 3016 5520 avec
3064 5392 3099 5520 la
3182 5392 3454 5520 pointe
3525 5392 3904 5520 abaiſſée,
3987 5392 4579 5520 qu’Alexandre
4638 5392 4709 5520 ne
4792 5392 4970 5520 peut

2841 5521 2963 5644 pas
3024 5521 3195 5644 eſtre
3256 5521 3537 5644 aſſeuré
3611 5521 3672 5644 de
3721 5521 3757 5644 la
3818 5521 4087 5644 pointe
4173 5521 4527 5644 d’iceluy,
4601 5521 4955 5644 combien

2847 5643 3012 5771 qu’il
3060 5643 3107 5771 le
3166 5643 3391 5771 perce
3462 5643 3474 5771 à
3545 5643 3841 5771 travers
3912 5643 3971 5771 du
4054 5643 4303 5771 corps:
4350 5643 4646 5771 pource
4717 5643 4848 5771 que
4907 5643 4966 5771 ce

2846 5771 3030 5893 coup
3099 5771 3318 5893 n’oſte
3375 5771 3491 5893 pas
3537 5771 3594 5893 le
3640 5771 4067 5893 jugement
4136 5771 4435 5893 comme
4493 5771 4677 5893 ceux
4746 5771 4804 5893 du
4884 5771 4965 5893 vi-

2840 5892 3029 6019 ſage.
3105 5892 3281 6019 Voila
3344 5892 3771 6019 pourquoy
3822 5892 3859 6019 il
3910 5892 4061 6019 faut
4123 5892 4274 6019 qu’il
4325 5892 4375 6019 ſe
4463 5892 4966 6019 mette(apres

2838 6016 3044 6139 avoir
3092 6016 3213 6139 fait
3273 6016 3370 6139 ſon
3455 6016 3685 6139 coup)
3745 6016 3927 6139 hors
3963 6016 4011 6139 la
4060 6016 4713 6139 perpẽdiculaire
4810 6016 4870 6139 de
4919 6016 4967 6139 la

2836 6143 3031 6264 lame
3099 6143 3157 6264 de
3202 6143 3248 6264 ſa
3305 6143 3569 6264 partie,
3615 6143 4142 6264 pourſuivant
4188 6143 4291 6264 ſon
4382 6143 4795 6264 operation
4898 6143 4944 6264 en

2853 6263 3155 6384 entrant
3203 6263 3372 6384 auſſi
3420 6263 3565 6384 toſt
3625 6263 3686 6384 du
3758 6263 3927 6384 pied
3988 6263 4313 6384 gauche,
4350 6263 4398 6384 le
4470 6263 4760 6384 jettant
4845 6263 4965 6384 cir-

2852 6391 2959 6511 cul
2995 6391 3375 6511 airement
3447 6391 3780 6511 derriere
3827 6391 3875 6511 le
3934 6391 4220 6511 planté;
4315 6391 4327 6511 &
4375 6391 4470 6511 s’il
4517 6391 4601 6511 eſt
4672 6391 4969 6511 beſoin,

2856 6512 3316 6641 pourſuivre
3416 6512 3465 6641 du
3552 6512 3826 6641 droi,
3876 6512 3988 6641 afin
4075 6512 4336 6641 d’eſtre
4398 6512 4696 6641 aſſeuré
4784 6512 4846 6641 de
4908 6512 4958 6641 la

2847 6637 3119 6768 pointe
3191 6637 3262 6768 de
3309 6637 3416 6768 ſon
3487 6637 3973 6768 adverſaire:
4103 6637 4115 6768 &
4175 6637 4471 6768 pource
4566 6637 4696 6768 que
4767 6637 4969 6768 ceſte

2851 6766 3249 6890 operation
3331 6766 3413 6890 eſt
3483 6766 3542 6890 de
3589 6766 3846 6890 peinte
3928 6766 3975 6890 en
4069 6766 4572 6890 repreſentée
4666 6766 4713 6890 en
4807 6766 4959 6890 plu-

2841 6887 3077 7009 ſieurs
3136 6887 3526 7009 endroits,
3561 6887 3762 7009 nous
3821 6887 4058 7009 avons
4117 6887 4377 7009 eſtimé
4448 6887 4601 7009 qu’il
4672 6887 4956 7009 neſtoit

2856 7014 3063 7142 point
3136 7014 3196 7142 de
3257 7014 3500 7142 beſoin
3621 7014 3682 7142 de
3743 7014 3791 7142 la
3864 7014 4168 7142 repeter
4253 7014 4301 7142 en
4399 7014 4459 7142 ce
4532 7014 4726 7142 lieu,
4787 7014 4969 7142 don-

4774 7169 4955 7233 nant
