5479 7714
3618 2460 3933 2642 Cercle
4135 2460 4404 2642 N.1.

4871 6234 4980 6338 Les

662 1551 845 1672 Comme
960 1551 1246 1672 Alexandre
1303 1551 1429 1672 paſſe
1475 1551 1532 1672 ſon
1589 1551 1726 1672 eſpee
1795 1551 2035 1672 d’enhaut
2092 1551 2127 1672 au
2172 1551 2287 1672 long
2333 1551 2367 1672 de
2413 1551 2447 1672 la
2493 1551 2744 1672 rondache

779 1675 816 1797 de
865 1675 902 1797 ſa
952 1675 1125 1797 partie
1162 1675 1274 1797 pour
1323 1675 1348 1797 le
1398 1675 1571 1797 bleſſer
1621 1675 1707 1797 par
1769 1675 1794 1797 le
1881 1675 2091 1797 deſſoubs
2165 1675 2462 1797 d’icelle,
2562 1675 2760 1797 Zacha-

762 1800 830 1919 rie
864 1800 1056 1919 parant
1113 1800 1147 1919 en
1203 1800 1271 1919 bas
1328 1800 1362 1919 de
1396 1800 1441 1919 ſa
1486 1800 1747 1919 rondache
1792 1800 1815 1919 ſe
1883 1800 2166 1919 d’eſcouvre
2211 1800 2234 1919 le
2279 1800 2483 1919 viſage,
2528 1800 2562 1919 ou
2653 1800 2743 1919 Ale-

792 1922 978 2038 xandre
1027 1922 1052 2038 le
1089 1922 1324 2038 bleſſe.

1151 2116 1151 2235 E
1251 2116 1489 2235 Cercle
1552 2116 1678 2235 tire
1740 2116 1841 2235 ſon
1928 2116 2217 2235 origine
2305 2116 2367 2235 de
2430 2116 2744 2235 l’opera-

1106 2232 1245 2335 tion
1326 2232 1384 2335 du
1500 2232 1731 2335 Cercle
1846 2232 1881 2335 N.
1916 2232 1997 2335 11,
2066 2232 2112 2335 Ou
2217 2232 2228 2335 A
2286 2232 2748 2335 LEXANDRE

1115 2360 1283 2481 avec
1342 2360 1390 2481 la
1474 2360 1749 2481 cheute
1833 2360 1880 2481 du
1964 2360 2227 2481 corps,
2287 2360 2454 2481 fai
2514 2360 2741 2481 paſſer

1127 2485 1321 2606 d’une
1413 2485 2017 2606 circonference
2086 2485 2177 2606 ſon
2280 2485 2485 2606 eſpee
2565 2485 2736 2606 d’en-

645 2602 813 2727 haut
885 2602 933 2727 le
981 2602 1161 2727 long
1222 2602 1294 2727 de
1330 2602 1378 2727 la
1438 2602 1834 2727 rondache
1907 2602 1967 2727 de
2015 2602 2063 2727 ſa
2123 2602 2399 2727 partie,
2459 2602 2640 2727 pour
2688 2602 2736 2727 le

638 2726 912 2847 bleſſer
1000 2726 1112 2847 par
1187 2726 1249 2847 le
1336 2726 1697 2847 deſſoubs
1772 2726 2096 2847 d’icelle.
2283 2726 2345 2847 Au
2483 2726 2744 2847 meſme

667 2852 1169 2971 mouvement
1294 2852 1739 2971 ZACHARIE
1819 2852 2115 2971 entrant
2195 2852 2252 2971 du
2343 2852 2514 2971 pied
2583 2852 2731 2971 gau-

652 2973 806 3095 che,
861 2973 1037 3095 avec
1081 2973 1125 3095 la
1191 2973 1466 3095 cheute
1554 2973 1609 3095 du
1708 2973 1928 3095 corps
2006 2973 2292 3095 avance
2369 2973 2402 3095 ſa
2468 2973 2743 3095 ronda-

658 3097 807 3219 che,
868 3097 930 3219 de
979 3097 1313 3219 laquelle
1362 3097 1399 3219 il
1449 3097 1609 3219 pare
1683 3097 1733 3219 en
1795 3097 1955 3219 bas,
2005 3097 2042 3219 en
2116 3097 2400 3219 plantãt
2449 3097 2499 3219 le
2560 3097 2733 3219 pied

641 3221 950 3348 pardela
999 3221 1048 3348 le
1147 3221 1516 3348 Diametre
1578 3221 1861 3348 proche
1935 3221 1997 3348 de
2059 3221 2108 3348 la
2157 3221 2379 3348 lettre
2490 3221 2527 3348 R.
2687 3221 2749 3348 A-

644 3343 725 3464 LE
807 3343 1213 3464 XANDRE
1283 3343 1387 3464 (au
1480 3343 1735 3464 meſme
1793 3343 2037 3464 temps
2107 3343 2234 3464 que
2281 3343 2327 3464 ſa
2397 3343 2629 3464 partie
2687 3343 2733 3464 ſe

656 3465 1086 3592 deſcouvre
1134 3465 1193 3592 le
1253 3465 1528 3592 viſage,
1575 3465 2149 3592 racourciſſant
2184 3465 2244 3592 le
2304 3465 2531 3592 bras,
2638 3465 2638 3592 &
2686 3465 2734 3592 le

636 3587 1013 3688 tournant
1078 3587 1617 3688 entierement
1692 3587 1736 3688 en
1843 3587 2177 3688 dehors,
2253 3587 2425 3688 avec
2490 3587 2749 3688 torde-

673 3712 853 3843 ment
937 3712 985 3843 en
1093 3712 1369 3843 dedans
1453 3712 1501 3843 du
1610 3712 1802 3843 coſté
1886 3712 2210 3843 gauche)
2270 3712 2619 3843 plantant
2691 3712 2739 3843 le

639 3840 813 3962 pied
875 3840 1111 3962 droi
1173 3840 1409 3962 eſleve
1458 3840 1756 3962 pardela
1831 3840 1881 3962 du
2005 3840 2414 3962 Diametre,
2476 3840 2526 3962 vn
2601 3840 2725 3962 peu

658 3963 883 4078 ſoubs
933 3963 971 4078 la
1021 3963 1259 4078 lettre
1409 3963 1409 4078 ,
1459 3963 1685 4078 bleſſe
1747 3963 1885 4078 d’un
1985 3963 2236 4078 meſme
2311 3963 2561 4078 temps
2624 3963 2724 4078 ſon

647 4081 1029 4207 contraire
1077 4081 1327 4207 (d’une
1399 4081 1745 4207 eſtocade
1792 4081 1983 4207 tirée
2031 4081 2138 4207 par
2210 4081 2449 4207 deſſus
2484 4081 2532 4207 la
2592 4081 2747 4207 ron-

662 4206 931 4338 dache)
980 4206 1029 4338 au
1115 4206 1396 4338 viſage;
1457 4206 1751 4338 comme
1799 4206 1836 4338 il
1873 4206 1934 4338 ſe
1995 4206 2154 4338 void
2215 4206 2338 4338 aux
2399 4206 2717 4338 figures.

793 4338 839 4452 En
932 4338 1116 4452 ceſte
1186 4338 1555 4452 occaſion,
1590 4338 2075 4452 l’adverſaire
2121 4338 2202 4452 ne
2271 4338 2537 4452 pourra
2618 4338 2756 4452 tra-

642 4462 894 4577 vailler
952 4462 975 4577 ſi
1032 4462 1651 4577 promptement
1720 4462 1777 4577 de
1823 4462 1926 4577 ſon
2018 4462 2224 4577 eſpee
2305 4462 2603 4577 comme
2683 4462 2729 4577 en

629 4579 677 4706 la
737 4579 1289 4706 precedente,
1337 4579 1517 4706 pour
1590 4579 1650 4706 ce
1722 4579 2082 4706 qu’eſtant
2154 4579 2370 4706 bleſſé
2430 4579 2490 4706 au
2587 4579 2755 4706 viſa-

659 4704 767 4830 ge,
815 4704 851 4830 il
899 4704 971 4830 ne
1032 4704 1212 4830 peut
1272 4704 1441 4830 eſtre
1513 4704 1669 4830 qu’il
1717 4704 1862 4830 n’en
1934 4704 2054 4830 ſoit
2114 4704 2451 4830 troublé,
2487 4704 2752 4830 neant-

672 4824 898 4938 moins
934 4824 969 4938 il
1017 4824 1088 4938 ne
1147 4824 1302 4938 faut
1361 4824 1599 4938 laiſſer
1670 4824 1729 4938 de
1800 4824 1848 4938 ſe
1907 4824 2145 4938 jetter
2228 4824 2549 4938 derriere
2620 4824 2715 4938 ſon

652 4951 901 5078 corps,
936 4951 1126 5078 pour
1185 4951 1458 5078 eſuiter
1505 4951 1541 5078 la
1612 4951 1920 5078 preſẽce
1991 4951 2050 5078 de
2098 4951 2145 5078 ſa
2204 4951 2512 5078 pointe;
2560 4951 2749 5078 com-

670 5072 744 5196 me
794 5072 832 5196 il
881 5072 969 5196 eſt
1031 5072 1317 5196 declaré
1379 5072 1442 5196 cy
1516 5072 1778 5196 deſſus.

1376 5677 1671 5887 Cercle
1903 5677 2197 5887 N4.

676 5896 923 6046 Zacharie
981 5896 1075 6046 tire
1146 5896 1146 6046 a
1193 5896 1228 6046 la
1275 5896 1521 6046 poictrine
1568 5896 1603 6046 de
1650 5896 1686 6046 ſa
1732 5896 1955 6046 partie,
2002 5896 2085 6046 qui
2120 5896 2237 6046 pare
2272 5896 2296 6046 le
2343 5896 2448 6046 coup
2566 5896 2566 6046 &
2636 5896 2753 6046 gra-

775 6061 847 6170 due
895 6061 956 6170 ſon
1016 6061 1233 6170 eſpee.

1135 6227 1460 6360 ECercle
1520 6227 1749 6360 prend
1797 6227 1906 6360 ſon
1978 6227 2605 6360 cõmencement
2677 6227 2749 6360 de

1100 6351 1552 6486 l’operation
1638 6351 1687 6486 du
1797 6351 2041 6486 Cercle
2152 6351 2188 6486 N.
2237 6351 2323 6486 11.
2384 6351 2433 6486 ou
2555 6351 2751 6486 ALE-

1133 6475 1479 6603 XANDRE
1553 6475 1565 6603 à
1639 6475 1849 6603 porté
1923 6475 1972 6603 le
2034 6475 2207 6603 pied
2281 6475 2516 6603 droi
2577 6475 2627 6603 en
2701 6475 2750 6603 a-

1120 6600 1330 6731 vant,
1441 6600 1441 6731 &
1490 6600 1762 6731 l’eſpee
1824 6600 1873 6731 en
1947 6600 2157 6731 angle
2219 6600 2479 6731 obtus;
2553 6600 2750 6731 com-

1377 1296 1694 1468 Cercle
1989 1296 2192 1468 N13.

2913 600 2983 713 me
3041 600 3076 713 il
3134 600 3215 713 eſt
3285 600 3563 713 declaré
3610 600 3668 713 au
3749 600 4457 713 commencement
4526 600 4723 713 dudit
4828 600 4979 713 Cer-

2892 720 3009 840 cle.
3126 720 3243 840 Icy
3337 720 3337 840 Z
3407 720 3419 840 A
3501 720 3852 840 CHARIE
3922 720 4039 840 tire
4110 720 4238 840 d’un
4309 720 4473 840 bras
4543 720 4812 840 tourné
4894 720 4941 840 en

2895 842 3166 965 dehors
3216 842 3561 965 (entrant
3623 842 3672 965 du
3746 842 3919 965 pied
3981 842 4265 965 gauche
4327 842 4623 965 pardela
4697 842 4981 965 duDia-

2911 963 3122 1084 metre
3196 963 3481 1084 proche
3556 963 3593 1084 la
3667 963 3890 1084 lettre
4014 963 4076 1084 Q)
4151 963 4312 1084 vers
4349 963 4386 1084 la
4448 963 4832 1084 poirine
4894 963 4969 1084 de

2883 1091 2929 1204 ſa
2985 1091 3258 1204 partie.
3348 1091 3870 1204 ALEXANDRE
3950 1091 3995 1204 au
4109 1091 4358 1204 meſme
4438 1091 4971 1204 mouvement,

2881 1213 3245 1334 joignant
3305 1213 3341 1334 ſa
3402 1213 3596 1334 lame
3669 1213 3669 1334 à
3753 1213 4020 1334 l’autre
4105 1213 4323 1334 pare,
4456 1213 4456 1334 &
4541 1213 4844 1334 entrant
4965 1213 4965 1334 &

2892 1332 3235 1453 plantant
3306 1332 3436 1453 d’un
3531 1332 3779 1453 meſme
3850 1332 4099 1453 temps
4146 1332 4193 1453 le
4264 1332 4430 1453 pied
4512 1332 4737 1453 eſlevé
4808 1332 4962 1453 par-

2909 1458 3040 1572 dela
3112 1458 3160 1572 du
3291 1458 3649 1572 Diametre
3721 1458 3721 1572 à
3792 1458 3828 1572 la
3900 1458 4127 1572 lettre
4222 1458 4270 1572 L,
4389 1458 4401 1572 &
4461 1458 4855 1572 avançant
4914 1458 4962 1572 le

2899 1580 3116 1698 corps
3165 1580 3261 1698 ſur
3309 1580 3611 1698 iceluy,
3672 1580 3998 1698 eſlevant
4118 1580 4130 1698 &
4191 1580 4480 1698 jettant
4541 1580 4589 1698 le
4674 1580 4963 1698 gauche

2894 1705 3538 1823 circulairement
3606 1705 3922 1823 derriere
3967 1705 4024 1823 le
4092 1705 4318 1823 droi
4374 1705 4430 1823 le
4498 1705 4815 1823 tordant
4894 1705 4939 1823 en

2900 1826 3204 1942 dehors,
3253 1826 3289 1942 il
3338 1826 3386 1942 ſe
3471 1826 3580 1942 met
3665 1826 3823 1942 dans
3896 1826 3933 1942 la
4005 1826 4698 1942 perpendiculaire
4783 1826 4843 1942 de
4916 1826 4953 1942 la

2888 1951 3073 2066 lame
3160 1951 3221 2066 de
3271 1951 3320 2066 ſa
3369 1951 3665 2066 partie,
3789 1951 3789 2066 &
3863 1951 3900 2066 la
3986 1951 4418 2066 graduant,
4504 1951 4541 2066 il
4590 1951 4849 2066 plante
4911 1951 4960 2066 le

2885 2074 3063 2190 pied
3122 2074 3408 2190 gauche
3467 2074 3526 2190 un
3598 2074 3716 2190 pas
3776 2074 3823 2190 en
3906 2074 4251 2190 dedans,
4322 2074 4488 2190 hors
4595 2074 4607 2190 &
4655 2074 4952 2190 pardela

2909 2195 2956 2311 du
3075 2195 3313 2311 Cercle
3384 2195 3682 2311 comme
3753 2195 3848 2311 les
3908 2195 4193 2311 figures
4300 2195 4740 2311 monſtrent.

3368 3204 3475 3323 Ecy
3570 3204 3916 3323 contient
3964 3204 3999 3323 la
4059 3204 4452 3323 pourſuite
4536 3204 4595 3323 de
4643 3204 4977 3323 l’opera-

3336 3323 3460 3444 tion
3550 3323 4045 3444 precedente
4168 3323 4607 3444 ZACHARIE
4675 3323 4967 3444 voyant

3333 3444 3368 3546 ſa
3425 3444 3618 3546 lame
3686 3444 4085 3546 eſcoulée,
4176 3444 4461 3546 marche
4529 3444 4575 3546 en
4689 3444 4962 3546 dedans

3348 3571 3397 3686 du
3471 3571 3643 3686 pied
3717 3571 3938 3686 droi
3987 3571 4282 3686 pardela
4356 3571 4405 3686 du
4516 3571 4884 3686 Diametre
4958 3571 4958 3686 à

2885 3695 2920 3808 la
2978 3695 3199 3808 lettre
3303 3695 3349 3808 G,
3465 3695 3465 3808 &
3523 3695 3836 3808 tordant
3906 3695 3952 3808 le
4022 3695 4231 3808 corps
4312 3695 4347 3808 en
4451 3695 4729 3808 dedans
4811 3695 4973 3808 vers

2885 3819 2922 3935 ſa
2983 3819 3251 3935 partie,
3299 3819 3336 3935 il
3409 3819 3519 3935 met
3567 3819 3616 3935 le
3689 3819 3860 3935 bras
3981 3819 3981 3935 &
4042 3819 4310 3935 l’eſpee
4383 3819 4432 3935 en
4517 3819 4737 3935 angle
4797 3819 4968 3935 acut

2885 3939 2898 4055 a
2946 3939 3044 4055 ſon
3129 3939 3324 4055 coſté
3385 3939 3616 4055 droi
3677 3939 3872 4055 pour
3908 3939 3969 4055 le
4018 3939 4323 4055 bleſſer.
4396 3939 4980 4055 ALEXANDRE

2894 4061 3196 4178 entrant
3241 4061 3296 4178 au
3397 4061 3654 4178 meſme
3732 4061 4223 4178 mouvement
4301 4061 4357 4178 du
4446 4061 4625 4178 pied
4703 4061 4971 4178 droi,

2896 4180 3114 4301 eſuite
3162 4180 3199 4301 la
3259 4180 3635 4301 preſence
3695 4180 3768 4301 de
3804 4180 3852 4301 la
3901 4180 4094 4301 lame
4155 4180 4216 4301 de
4276 4180 4312 4301 ſa
4373 4180 4639 4301 partie,
4676 4180 4966 4301 laiſſant

2887 4304 3115 4427 paſſer
3164 4304 3176 4427 à
3224 4304 3464 4427 l’ayde
3537 4304 3585 4427 du
3693 4304 4139 4427 mouvemẽt
4199 4304 4259 4427 du
4331 4304 4524 4427 bras,
4572 4304 4680 4427 ſon
4764 4304 4969 4427 eſpee

2887 4430 2996 4551 par
3069 4430 3299 4551 deſſus
3347 4430 3396 4551 ſa
3456 4430 3687 4551 teſte;
3759 4430 3917 4551 puis
3989 4430 4329 4551 plantant
4389 4430 4438 4551 le
4498 4430 4668 4551 pied
4753 4430 4971 4551 eſlevé

2885 4554 3184 4673 pardelà
3284 4554 3334 4673 du
3459 4554 3833 4673 Diametre
3908 4554 3908 4673 à
3983 4554 4208 4673 lettre
4308 4554 4383 4673 Y,
4458 4554 4495 4673 il
4557 4554 4819 4673 frappe
4882 4554 4957 4673 un

2895 4673 3076 4796 coup
3148 4673 3691 4796 d’eſtramaçon
3799 4673 4149 4796 diagonal
4209 4673 4305 4796 ſur
4366 4673 4414 4796 le
4510 4673 4824 4796 derriere
4908 4673 4980 4796 de

2882 4799 2918 4916 la
2978 4799 3158 4916 teſte
3230 4799 3590 4916 d’iceluy;
3674 4799 3962 4916 comme
4035 4799 4071 4916 il
4131 4799 4179 4916 ſe
4251 4799 4431 4916 peut
4515 4799 4659 4916 voir
4719 4799 4851 4916 aux
4911 4799 4971 4916 fi-

2906 4956 3132 5044 gures.

2910 2751 3156 2868 Zacharie
3201 2751 3379 2868 voyant
3424 2751 3458 2868 ſa
3502 2751 3625 2868 lame
3670 2751 3882 2868 eſcoulée
3927 2751 3960 2868 la
4027 2751 4106 2868 met
4150 2751 4184 2868 en
4240 2751 4385 2868 angle
4441 2751 4553 2868 acut
4620 2751 4731 2868 pour
4832 2751 4966 2868 leßer

2997 2872 3032 2989 ſa
3079 2872 3290 2989 partie;
3348 2872 3454 2989 mais
3536 2872 3817 2989 Alexandre
3863 2872 4086 2989 l’eſuite,
4156 2872 4156 2989 &
4215 2872 4426 2989 portant
4461 2872 4531 2989 ſon
4566 2872 4695 2989 eſpee
4742 2872 4824 2989 par
4882 2872 4964 2989 deſ-

3004 2996 3066 3111 ſus
3103 2996 3139 3111 ſa
3189 2996 3299 3111 teſte
3348 2996 3373 3111 le
3422 2996 3557 3111 bleſſe
3606 2996 3705 3111 d’un
3754 2996 4110 3111 eſtramaçon.

650 582 824 686 nant
871 582 1324 686 ſeulement
1406 582 1534 686 ceſt
1580 582 2243 686 advertiſſement
2313 582 2731 686 neceſſaire

670 708 715 798 en
783 708 1056 798 toutes
1101 708 1578 798 ſemblables
1646 708 2078 798 occaſions.
