5479 7714
1576 505 1654 708 Es
1791 505 2202 708 diverſes
2319 505 2729 708 aions
2866 505 2944 708 de
3062 505 3140 708 ce
3296 505 3727 708 Tableau
3863 505 4176 708 eſtant
4313 505 4509 708 bien
4645 505 5017 708 exami-

1496 717 1708 868 nées,
1765 717 2344 868 apprandront
2414 717 2414 868 a
2499 717 2541 868 ſe
2612 717 2951 868 fortifier
3036 717 3135 868 ſur
3191 717 3276 868 les
3347 717 3813 868 differentes
3869 717 4265 868 poſtures,
4364 717 4378 868 &
4434 717 4999 868 changemens

1516 856 1570 1006 du
1651 856 1826 1006 pied
1921 856 1934 1006 &
2002 856 2056 1006 du
2137 856 2352 1006 corps
2420 856 2541 1006 qui
2582 856 2946 1006 peuvent
3014 856 3364 1006 ſouvent
3405 856 3769 1006 advenir.
3864 856 4039 1006 Pour
4093 856 4187 1006 les
4241 856 4808 1006 eſtramaçons
4875 856 4997 1006 qui

1511 1001 1511 1144 y
1581 1001 1762 1144 ſont
1818 1001 2375 1144 repreſentés,
2417 1001 2487 1144 ils
2557 1001 2626 1144 ne
2682 1001 2849 1144 ſont
2919 1001 3045 1144 pas
3100 1001 3142 1144 ſi
3226 1001 3602 1144 difficilles
3672 1001 3686 1144 à
3756 1001 4313 1144 rencontrer,
4383 1001 4439 1144 ni
4494 1001 4536 1144 ſi
4606 1001 4982 1144 perilleux

1502 1144 1639 1288 que
1722 1144 1804 1288 les
1901 1144 2382 1288 eſtocades,
2519 1144 2533 1288 &
2588 1144 2643 1288 le
2767 1144 3014 1288 Cercle
3111 1144 3152 1288 8.
3221 1144 3399 1288 vous
3468 1144 3633 1288 aura
3743 1144 3922 1288 ſervi
4032 1144 4362 1288 d’ample
4444 1144 4994 1288 inſtruion.

1554 1282 1810 1436 Quand
1878 1282 2013 1436 aux
2107 1282 2364 1436 autres
2458 1282 2931 1436 difficultés,
2972 1282 3012 1436 il
3053 1282 3215 1436 faut
3296 1282 3498 1436 avoir
3552 1282 3958 1436 touſiours
4025 1282 4066 1436 en
4133 1282 4187 1436 la
4282 1282 4687 1436 memoire,
4741 1282 4808 1436 ce
4876 1282 4984 1436 qui

602 1421 602 1566 à
696 1421 831 1566 eſté
913 1421 1088 1566 aſſes
1183 1421 1237 1566 de
1305 1421 1440 1566 fois
1521 1421 1873 1566 repeté;
1967 1421 2265 1566 ſçavoir
2359 1421 2765 1566 d’avancer
2846 1421 3306 1566 touſiours,
3374 1421 3752 1566 attaquer
3847 1421 4334 1566 ſagement,
4388 1421 4550 1566 ſans
4631 1421 4983 1566 craindre

608 1560 772 1710 trop
841 1560 882 1710 la
964 1560 1389 1710 rondache
1471 1560 1526 1710 ou
1622 1560 1937 1710 l’eſpee,
1992 1560 2417 1710 n’alonger
2499 1560 2609 1710 pas
2663 1560 2828 1710 trop
2883 1560 2924 1710 la
2992 1560 3198 1710 lame
3280 1560 3335 1710 en
3404 1560 3719 1710 proche
3787 1560 4198 1710 Inſtance,
4308 1560 4308 1710 &
4363 1560 4541 1710 tout
4596 1560 4993 1710 ſuccede-

596 1706 645 1841 ra
731 1706 1049 1841 comme
1123 1706 1172 1841 on
1258 1706 1319 1841 le
1380 1706 1882 1841 ſouhaitera.
