5479 7714
1333 4195 1650 4370 Cercle
1882 4195 2051 4370 N.1

631 4416 876 4542 Zacharie
932 4416 1133 4542 s’eſtant
1200 4416 1256 4542 mis
1301 4416 1334 4542 en
1390 4416 1647 4542 poſture,
1747 4416 2038 4542 Alexandre
2082 4416 2216 4542 vient
2272 4416 2272 4542 a
2317 4416 2629 4542 l’encontre,
2674 4416 2696 4542 ſe

721 4542 1014 4677 preparant
1073 4542 1190 4677 pour
1249 4542 1425 4677 dreſſer
1460 4542 1495 4677 ſa
1554 4542 1718 4677 pointe
1765 4542 1801 4677 au
1859 4542 2035 4677 viſage
2094 4542 2117 4677 de
2164 4542 2200 4677 ſa
2246 4542 2505 4677 partie.

1095 4663 1512 4801 ACHARIE
1582 4663 1883 4801 s’eſtant
1953 4663 2057 4801 mis
2126 4663 2173 4801 en
2266 4663 2567 4801 poſture
2636 4663 2694 4801 le

1075 4800 1249 4928 pied
1311 4800 1534 4928 droi
1608 4800 1856 4928 planté
1918 4800 2017 4928 ſur
2091 4800 2141 4928 le
2252 4800 2624 4928 Diametre
2685 4800 2698 4928 à

1072 4923 1108 5048 la
1156 4923 1383 5048 lettre
1490 4923 1538 5048 X,
1586 4923 1633 5048 le
1705 4923 1980 5048 gauche
2039 4923 2111 5048 un
2183 4923 2302 5048 pas
2374 4923 2696 5048 derriere

1071 5045 1120 5173 au
1231 5045 1465 5173 deſſus
1527 5045 1576 5173 la
1638 5045 1909 5173 pointe
1995 5045 2044 5173 du
2180 5045 2500 5173 Quadrat
2586 5045 2697 5173 cir-

624 5174 1002 5306 conſcript
1050 5174 1050 5306 à
1111 5174 1148 5306 la
1209 5174 1429 5306 lettre
1526 5174 1563 5306 Z,
1611 5174 1660 5306 le
1721 5174 1929 5306 corps
1990 5174 2258 5306 tourné
2380 5174 2380 5306 &
2429 5174 2697 5306 l’eſpee

609 5293 621 5423 a
691 5293 878 5423 deux
971 5293 1182 5423 mains
1264 5293 1603 5423 eſlevée;
1661 5293 1696 5423 il
1743 5293 2000 5423 attand
2070 5293 2234 5423 ainſi
2293 5293 2339 5423 ſa
2421 5293 2690 5423 partie.

646 5418 1222 5549 ALEXANDRE
1292 5418 1515 5549 porte
1586 5418 1680 5549 ſon
1786 5418 1985 5549 eſpee
2056 5418 2185 5549 d’un
2267 5418 2420 5549 bras
2478 5418 2713 5549 eſtan-

632 5542 679 5671 du
786 5542 833 5671 en
904 5542 1069 5671 haut
1128 5542 1140 5671 à
1223 5542 1317 5671 ſon
1400 5542 1589 5671 coſté
1684 5542 1944 5671 droi,
1991 5542 2263 5671 tenant
2322 5542 2357 5671 la
2440 5542 2700 5671 pointe

623 5668 904 5795 d’icelle
974 5668 1489 5795 adcendente
1536 5668 1770 5795 (pour
1817 5668 1993 5795 avec
2051 5668 2098 5795 la
2204 5668 2344 5795 main
2414 5668 2473 5795 un
2567 5668 2684 5795 peu

626 5791 975 5921 ployée)
1035 5791 1480 5921 ſoubſtenir
1624 5791 1636 5921 &
1721 5791 2033 5921 rompre
2118 5791 2166 5921 en
2274 5791 2551 5921 dedans
2635 5791 2683 5921 du

612 5912 783 6034 bras
820 5912 856 6034 la
930 5912 1137 6034 force
1210 5912 1259 6034 du
1344 5912 1588 6034 coup,
1710 5912 1710 6034 &
1808 5912 2076 6034 dreſſer
2137 5912 2173 6034 ſa
2247 5912 2515 6034 pointe
2576 5912 2588 6034 à
2649 5912 2698 6034 la

625 6037 809 6167 veuë
883 6037 944 6167 de
1018 6037 1055 6167 ſa
1116 6037 1386 6167 partie,
1447 6037 1791 6167 pendant
1877 6037 2036 6167 qu’il
2097 6037 2343 6167 plante
2404 6037 2465 6167 le
2539 6037 2699 6167 pied

633 6161 913 6296 gauche
973 6161 1143 6296 pres
1192 6161 1241 6296 la
1289 6161 1520 6296 lettre
1605 6161 1653 6296 C,
1690 6161 1799 6296 ſur
1836 6161 1884 6296 la
1981 6161 2576 6296 Circonference
2637 6161 2685 6296 au

633 6282 871 6412 deſſus
934 6282 984 6412 du
1097 6282 1497 6412 Diametre,
1585 6282 1585 6412 &
1635 6282 1823 6412 laiſſe
1886 6282 1936 6412 le
1998 6282 2186 6412 droit
2236 6282 2299 6412 un
2374 6282 2487 6412 pas
2562 6282 2700 6412 der-

617 6405 864 6541 riere,
926 6405 987 6541 un
1074 6405 1185 6541 peu
1259 6405 1320 6541 au
1431 6405 1666 6541 deſſus
1715 6405 1764 6541 la
1826 6405 2097 6541 pointe
2184 6405 2233 6541 du
2394 6405 2714 6541 Quadrat

625 6534 1166 6664 circonſcript,
1215 6534 1399 6664 pour
1461 6534 1829 6664 executer
1891 6534 2345 6664 l’operation
2419 6534 2530 6664 qui
2579 6534 2714 6664 ſuit

618 6667 666 6763 au
764 6667 1045 6763 ſecond
1155 6667 1424 6763 Cercle.

1611 2125 1764 2309 Out
1899 2125 1975 2309 ce
2110 2125 2263 2309 qui
2340 2125 2744 2309 ſemble
2840 2125 3070 2309 eſtre
3185 2125 3704 2309 contraire
3781 2125 3800 2309 à
3896 2125 3953 2309 la
4049 2125 4433 2309 raiſon,
4549 2125 4645 2309 ne
4760 2125 4952 2309 l’eſt

1485 2333 1602 2473 pas
1667 2333 2071 2473 touſiours
2149 2333 2410 2473 quand
2475 2333 2540 2473 on
2605 2333 3022 2473 l’examine
3100 2333 3165 2473 de
3218 2333 3374 2473 plus
3426 2333 3635 2473 pres:
3752 2333 3752 2473 &
3830 2333 4012 2473 pour
4091 2333 4234 2473 bien
4377 2333 4377 2473 &
4442 2333 4937 2473 ſolidement

1482 2469 1689 2614 juger
1772 2469 1979 2614 d’une
2049 2469 2311 2614 choſe,
2353 2469 2380 2614 il
2436 2469 2615 2614 n’eſt
2685 2469 2795 2614 pas
2864 2469 3307 2614 ſeulement
3376 2469 3805 2614 neceſſaire
3874 2469 3929 2614 de
3998 2469 4040 2614 la
4123 2469 4551 2614 conſiderer
4620 2469 4952 2614 ſuperfi-

1491 2608 2006 2750 ciellement:
2104 2608 2251 2750 mais
2312 2608 2349 2750 il
2422 2608 2581 2750 faut
2679 2608 3084 2750 examiner
3157 2608 3255 2750 les
3304 2608 3819 2750 antecedens
3868 2608 4088 2750 avant
4186 2608 4370 2750 qu’on
4468 2608 4701 2750 puiſſe
4774 2608 4946 2750 con-

1494 2745 1687 2887 clure
1752 2745 1803 2887 ce
1894 2745 1997 2887 qui
2049 2745 2410 2887 s’enſuit,
2461 2745 2565 2887 car
2616 2745 2655 2887 ſi
2732 2745 2900 2887 ceux
2964 2745 3003 2887 la
3055 2745 3222 2887 ſont
3300 2745 3506 2887 vrays
3558 2745 3596 2887 il
3661 2745 4061 2887 s’enſuivra
4138 2745 4744 2887 infaliblement
4822 2745 4938 2887 que

1473 2886 1511 3024 la
1601 2886 2050 3024 concluſion
2153 2886 2204 3024 en
2281 2886 2423 3024 ſera
2512 2886 2705 3024 telle.
2846 2886 3026 3024 Voila
3103 2886 3539 3024 pourquoy
3603 2886 3796 3024 nous
3873 2886 4374 3024 demandons
4438 2886 4669 3024 avant
4746 2886 4938 3024 qu’e-

614 3023 744 3163 ſtre
822 3023 1148 3163 accuſés
1239 3023 1474 3163 d’eſtre
1539 3023 1721 3163 ouys
1799 3023 1852 3163 en
1917 3023 2060 3163 nos
2125 3023 2451 3163 raiſons,
2516 3023 2620 3163 qui
2699 3023 2868 3163 ſont
2946 3023 3637 3163 principalemant
3702 3023 4041 3163 fondées
4106 3023 4210 3163 ſur
4275 3023 4327 3163 la
4406 3023 4940 3163 cognoiſance

643 3156 684 3301 du
778 3156 1102 3301 temps,
1211 3156 1224 3301 &
1292 3156 1346 3301 de
1400 3156 1873 3301 l’Inſtance:
1954 3156 2048 3301 car
2102 3156 2291 3301 nous
2372 3156 2859 3301 confeſſons,
2913 3156 3034 3301 que
3102 3156 3210 3301 qui
3264 3156 3642 3301 voudroit
3696 3156 3899 3301 parer
3953 3156 4129 3301 avec
4196 3156 4467 3301 l’eſpee
4521 3156 4791 3301 ſimple
4858 3156 4953 3301 les

623 3299 854 3440 coups
931 3299 1136 3440 d’une
1225 3299 1430 3440 eſpee
1495 3299 1495 3440 à
1584 3299 1764 3440 deux
1866 3299 2135 3440 mains,
2212 3299 2263 3440 ſe
2327 3299 2776 3440 trouveroit
2840 3299 3211 3440 trompé,
3326 3299 3339 3440 &
3391 3299 3455 3440 au
3544 3299 3672 3440 lieu
3775 3299 4108 3440 d’eſpee,
4172 3299 4633 3440 trouveroit
4723 3299 4761 3440 en
4851 3299 4953 3440 ſes

651 3436 857 3581 mains
921 3436 1062 3581 une
1127 3436 1499 3581 poignée:
1576 3436 1718 3581 mais
1782 3436 2103 3581 comme
2141 3436 2193 3581 la
2283 3436 2604 3581 maniere
2655 3436 2848 3581 pour
2899 3436 3195 3581 reſiſter
3233 3436 3233 3581 à
3298 3436 3439 3581 une
3503 3436 3657 3581 telle
3722 3436 3927 3581 force
3979 3436 4056 3581 ne
4120 3436 4441 3581 conſiſte
4492 3436 4608 3581 pas
4659 3436 4659 3581 à
4724 3436 4955 3581 ſoub-

616 3569 878 3717 ſtenir,
917 3569 1075 3717 ains
1127 3569 1127 3717 à
1180 3569 1219 3717 la
1311 3569 1599 3717 divertir
1717 3569 1730 3717 &
1783 3569 2097 3717 eſuiter;
2267 3569 2438 3717 Nous
2503 3569 2792 3717 faiſons
2857 3569 2988 3717 voir
3067 3569 3119 3717 en
3237 3569 3617 3717 Tableau,
3670 3569 3709 3717 la
3827 3569 4142 3717 maniere
4207 3569 4404 3717 pour
4496 3569 4784 3717 divertir
4863 3569 4928 3717 un

626 3711 1117 3853 eſtramaçon
1220 3711 1284 3853 de
1349 3711 1620 3853 l’eſpee
1685 3711 1685 3853 à
1788 3711 1969 3853 deux
2046 3711 2304 3853 mains,
2369 3711 2640 3853 devant
2730 3711 2976 3853 qu’elle
3053 3711 3182 3853 ſoit
3234 3711 3479 3853 venue
3544 3711 3582 3853 en
3686 3711 3724 3853 ſa
3789 3711 4073 3853 force,
4124 3711 4421 3853 auquel
4486 3711 4744 3853 temps
4822 3711 4951 3853 elle

615 3850 807 3997 peut
875 3850 1026 3997 ſans
1108 3850 1340 3997 grand
1395 3850 1614 3997 effort
1696 3850 1860 3997 eſtre
1956 3850 2422 3997 deſtournée
2531 3850 2531 3997 &
2586 3850 2969 3997 ſujettée;
3024 3850 3339 3997 comme
3393 3850 3489 3997 les
3558 3850 4105 3997 Inſtruions
4201 3850 4256 3997 de
4338 3850 4393 3997 ce
4502 3850 4817 3997 Tableau
4885 3850 4940 3997 le

652 3998 1083 4135 monſtrent
1123 3998 1136 4135 à
1201 3998 1436 4135 plain.

3587 5934 3892 6089 Cercle
4132 5934 4350 6089 N.3.

3325 6583 3336 6694 A
3413 6583 3733 6694 CHARIE
3822 6583 4285 6694 demourant
4340 6583 4661 6694 encores
4749 6583 4793 6694 en
4881 6583 4926 6694 ſa

3296 6708 3609 6846 poſture
3669 6708 4163 6846 precedente
4223 6708 4536 6846 deſcrite
4620 6708 4668 6846 au
4801 6708 4945 6846 Cer-

3306 6836 3390 6969 cle
3522 6836 3558 6969 N.
3606 6836 3642 6969 1.
3726 6836 4340 6969 ALEXANDRE
4412 6836 4760 6969 pourſuit
4809 6836 4905 6969 ſon

3313 6957 3707 7095 operation
3802 6957 4232 7095 mentionée
4280 6957 4340 7095 au
4459 6957 4698 7095 Cercle
4805 6957 4841 7095 N.
4889 6957 4936 7095 2.

4739 7113 4944 7202 apro-

3550 4122 3866 4290 Cercle
4098 4122 4372 4290 N.2.

1023 1597 2540 1775 DECLARATION
2799 1597 3039 1775 DES
3278 1597 4615 1775 OPERATIONS

1197 1790 1311 1900 DV
1480 1790 2088 1900 TABLEAV
2300 1790 2922 1900 NEVFIESME
3078 1790 3191 1900 DV
3332 1790 3855 1900 SECOND
4025 1790 4407 1900 LIVRE,

1458 1916 1533 2000 DE
1641 1916 1964 2000 L’ESPEE
2071 1916 2330 2000 SEVLE
2448 1916 2814 2000 CONTRE
2932 1916 3223 2000 L’ESPEE
3341 1916 3352 2000 A
3481 1916 4116 2000 DEVX-MAINS.

2883 6170 3166 6306 Alexandre
3221 6170 3363 6306 apres
3406 6170 3548 6306 avoir
3592 6170 3679 6306 pris
3723 6170 3799 6306 une
3843 6170 4148 6306 convenable
4214 6170 4487 6306 Inſtance,
4563 6170 4639 6306 met
4683 6170 4716 6306 ſa
4770 6170 4934 6306 pointe

2970 6297 3004 6429 au
3061 6297 3242 6429 viſage
3288 6297 3322 6429 de
3356 6297 3402 6429 ſa
3447 6297 3640 6429 partie,
3777 6297 3993 6429 aproche
4050 6297 4084 6429 du
4129 6297 4265 6429 corps
4311 6297 4493 6429 penché
4538 6297 4572 6429 en
4618 6297 4777 6429 avant
4834 6297 4947 6429 vers

2961 6438 3146 6549 iceluy.

2873 4362 3123 4482 Zacharie
3191 4362 3487 4482 attandant
3589 4362 3885 4482 Alexandre
3930 4362 4192 4482 pourſuit,
4272 4362 4272 4482 &
4317 4362 4351 4482 ſe
4397 4362 4613 4482 prepare
4670 4362 4670 4482 à
4715 4362 4954 4482 l’exetu-

2954 4485 3046 4613 tion
3114 4485 3137 4613 de
3182 4485 3501 4613 l’operation
3581 4485 3615 4613 du
3695 4485 3855 4613 Cercle
3912 4485 4253 4613 ſulſequent.

3329 4609 3732 4739 ACHARIE
3825 4609 4090 4739 attand
4182 4609 4228 4739 en
4332 4609 4378 4739 ſa
4447 4609 4943 4739 precedente

3301 4742 3612 4864 poſture
3737 4742 3861 4864 que
3961 4742 3999 4864 ſa
4111 4742 4347 4864 partie
4422 4742 4821 4864 travaille,
4945 4742 4945 4864 &

3295 4867 3527 4987 prene
3601 4867 3760 4987 plus
3846 4867 4140 4987 proche
4225 4867 4654 4987 Inſtance,
4764 4867 4948 4987 ALE-

3326 4993 3676 5117 XANDRE
3761 4993 4087 5117 baiſſant
4159 4993 4231 5117 un
4328 4993 4437 5117 peu
4521 4993 4569 5117 ſa
4642 4993 4944 5117 pointe,

2837 5117 2882 5242 la
2974 5117 3294 5242 portant
3374 5117 3488 5242 par
3568 5117 3706 5242 une
3820 5117 4414 5242 circonference
4517 5117 4575 5242 de
4677 5117 4940 5242 dehors

2854 5238 2901 5361 en
2982 5238 3319 5361 dedans,
3354 5238 3400 5361 la
3458 5238 3911 5361 preſentant
3981 5238 4039 5361 au
4132 5238 4364 5361 viſage
4457 5238 4527 5361 de
4585 5238 4689 5361 ſon
4782 5238 4945 5361 con-

2844 5360 3111 5480 traire,
3135 5360 3172 5480 il
3232 5360 3524 5480 avance
3584 5360 3633 5480 le
3706 5360 3876 5480 pied
3936 5360 4130 5480 laiſſé
4215 5360 4543 5480 derriere
4592 5360 4604 5480 à
4664 5360 4761 5480 ſon
4834 5360 4943 5480 co-

2841 5486 2933 5608 ſté
3003 5486 3256 5608 droi,
3291 5486 3348 5608 le
3394 5486 3660 5608 tenant
3717 5486 3763 5608 en
3832 5486 4051 5608 avant
4109 5486 4294 5608 pour
4351 5486 4720 5608 executer
4778 5486 4939 5608 ainſi

2846 5610 2894 5732 le
2979 5610 3161 5732 coup
3233 5610 3282 5732 du
3415 5610 3645 5732 Cercle
3718 5610 4044 5732 ſuivant;
4117 5610 4408 5732 comme
4456 5610 4492 5732 il
4553 5610 4638 5732 eſt
4710 5610 4952 5732 repre-

2851 5738 3059 5855 ſenté
3121 5738 3256 5855 aux
3305 5738 3636 5855 figures.
