5479 7714
3554 5870 3863 6036 Cercle
4084 5870 4349 6036 N.8.

3627 3075 3928 3250 Cercle
4228 3075 4399 3250 .7.

3610 583 4388 751 Cercle6.

2985 6113 3285 6235 Alexandre
3351 6113 3429 6235 met
3462 6113 3507 6235 ſa
3573 6113 3740 6235 pointe
3784 6113 3828 6235 au
3895 6113 4084 6235 devant
4139 6113 4172 6235 du
4217 6113 4339 6235 coſté
4394 6113 4428 6235 de
4472 6113 4505 6235 ſa
4561 6113 4816 6235 parti.

1066 5934 1066 6058 E
1202 5934 1437 6058 Cercle
1536 5934 1894 6058 contient
1968 5934 2018 6058 la
2104 5934 2512 6058 pourſuite
2611 5934 2673 6058 du

1025 6060 1472 6189 precedent
1589 6060 1624 6189 N.
1671 6060 1718 6189 4.
1800 6060 2388 6189 ALEXANDRE
2458 6060 2681 6189 ayant

1035 6185 1293 6314 rompu
1367 6185 1416 6314 le
1489 6185 1661 6314 coup
1747 6185 1809 6314 de
1870 6185 1919 6314 ſa
1981 6185 2276 6314 partie,
2325 6185 2681 6314 pourſuit

1058 6309 1110 6437 de
1162 6309 1500 6437 ſujetter
1539 6309 1812 6437 l’eſpee
1877 6309 2241 6437 d’iceluy,
2267 6309 2618 6437 laquelle
2657 6309 2696 6437 il

564 6431 790 6566 porte
837 6431 909 6566 un
980 6431 1099 6566 peu
1170 6431 1337 6566 plus
1396 6431 1551 6566 vers
1587 6431 1694 6566 ſon
1777 6431 1967 6566 coſté
2038 6431 2359 6566 gauche,
2407 6431 2455 6566 en
2526 6431 2680 6566 avã-

590 6557 741 6690 çant
791 6557 841 6690 le
891 6557 1066 6690 pied
1129 6557 1417 6690 gauche
1480 6557 1755 6690 eſlevé,
1843 6557 1855 6690 &
1918 6557 2169 6690 portãt
2219 6557 2269 6690 le
2331 6557 2557 6690 corps
2607 6557 2657 6690 au

588 6683 864 6811 dedans
912 6683 960 6811 la
1020 6683 1285 6811 pointe
1357 6683 1429 6811 de
1465 6683 1741 6811 l’eſpee
1814 6683 2246 6811 contraire,
2318 6683 2475 6811 dans
2523 6683 2679 6811 l’an-

588 6809 675 6933 gle
762 6809 1035 6933 ouvert
1097 6809 1408 6933 d’icelle,
1457 6809 1495 6933 il
1544 6809 1793 6933 plante
1867 6809 1917 6933 le
1979 6809 2153 6933 pied
2215 6809 2500 6933 avancé
2575 6809 2674 6933 ſur

563 6932 600 7063 la
650 6932 887 7063 lettre
975 6932 987 7063 R
1037 6932 1137 7063 ſur
1187 6932 1237 7063 le
1324 6932 1761 7063 Diametre,
1836 6932 2210 7063 dirigeant
2272 6932 2372 7063 ſon
2459 6932 2672 7063 eſpee

575 7058 883 7188 comme
933 7058 957 7188 il
1019 7058 1093 7188 eſt
1167 7058 1426 7188 deſcrit
1488 7058 1538 7188 en
1624 7058 1809 7188 ceſte
1859 7058 2254 7188 premiere
2315 7058 2587 7188 partie.

618 560 1055 688 aprochant
1116 560 1164 688 le
1249 560 1468 688 corps
1541 560 1698 688 vers
1759 560 1820 688 le
1905 560 2087 688 coſté
2172 560 2463 688 gauche
2548 560 2608 688 de
2669 560 2718 688 ſa

621 684 894 812 partie,
931 684 1168 812 ſoubs
1205 684 1242 812 la
1317 684 1603 812 deffẽce
1677 684 1740 812 de
1789 684 1839 812 ſa
1901 684 2175 812 pointe
2224 684 2598 812 baiſſante
2709 684 2722 812 &

613 815 991 934 tandante
1059 815 1208 934 vers
1253 815 1311 934 le
1379 815 1688 934 dedans,
1791 815 1802 934 &
1848 815 2065 934 apres
2122 815 2328 934 avoir
2373 815 2522 934 pris
2568 815 2705 934 une

622 931 1123 1057 convenable
1193 931 1578 1057 Inſtance,
1660 931 1718 1057 de
1788 931 1986 1057 ſorte
2091 931 2220 1057 que
2290 931 2383 1057 ſon
2488 931 2710 1057 avant

618 1061 776 1182 bras
849 1061 1019 1182 avec
1092 1061 1189 1182 ſon
1274 1061 1505 1182 eſpee,
1554 1061 1724 1182 fai
1797 1061 1943 1182 une
1991 1061 2198 1182 ligne
2283 1061 2563 1182 droie
2636 1061 2696 1182 au

626 1186 845 1309 devãt
906 1186 955 1309 du
1040 1186 1272 1309 viſage
1333 1186 1394 1309 de
1442 1186 1540 1309 ſon
1613 1186 2027 1309 contraire,
2064 1186 2088 1309 il
2137 1186 2393 1309 plante
2442 1186 2490 1309 le
2539 1186 2710 1309 pied

631 1312 859 1437 droi
922 1312 1201 1437 avancé
1251 1312 1352 1437 ſur
1403 1312 1441 1437 la
1504 1312 1707 1437 ligne
1821 1312 1834 1437 N
1935 1312 1998 1437 G,
2049 1312 2365 1437 portant
2416 1312 2467 1437 le
2543 1312 2707 1437 gau-

618 1434 743 1563 che
831 1434 1157 1563 derriere
1219 1434 1395 1563 hors
1470 1434 1520 1563 du
1670 1434 1983 1563 Quadrat
2071 1434 2610 1563 circumſcrit,
2660 1434 2710 1563 ſe

637 1558 940 1685 mettant
1057 1558 1115 1685 en
1208 1558 1522 1685 poſture
1627 1558 1930 1685 comme
2035 1558 2081 1685 ſa
2175 1558 2419 1685 figure
2536 1558 2722 1685 mon-

599 1683 766 1804 ſtre,
802 1683 969 1804 avec
1028 1683 1064 1804 ſa
1123 1683 1398 1804 pointe
1457 1683 1791 1804 tandant
1827 1683 2494 1804 inſenſiblement
2553 1683 2720 1804 vers

595 1805 644 1937 le
705 1805 1047 1937 dedans,
1096 1805 1414 1937 portant
1475 1805 1842 1937 l’eſpaule
1915 1805 2209 1937 gauche
2270 1805 2343 1937 un
2429 1805 2551 1937 peu
2649 1805 2698 1937 en

601 1932 857 2059 avant,
918 1932 966 2059 de
1027 1932 1222 2059 ſorte
1308 1932 1466 2059 qu’il
1527 1932 1869 2059 aproche
1966 1932 2015 2059 du
2125 1932 2332 2059 corps
2405 1932 2710 2059 penché

602 2063 647 2178 en
725 2063 938 2178 avant
1006 2063 1163 2178 vers
1207 2063 1252 2178 ſa
1308 2063 1589 2178 partie.

620 2889 873 3005 Zacharie
931 2889 1092 3005 eſtant
1149 2889 1333 3005 comme
1379 2889 1425 3005 au
1494 2889 1655 3005 Cercle
1770 2889 1793 3005 N.
1851 2889 1874 3005 1.
1943 2889 2127 3005 voyant
2173 2889 2265 3005 que
2311 2889 2357 3005 ſa
2403 2889 2576 3005 partie
2610 2889 2714 3005 l’a-

702 3013 884 3134 proche
952 3013 975 3134 de
1020 3013 1123 3134 trop
1180 3013 1293 3134 pres
1339 3013 1509 3134 remue
1544 3013 1612 3134 ſon
1657 3013 1817 3134 eſpee,
1896 3013 1896 3134 &
1942 3013 2158 3134 cherche
2226 3013 2249 3134 de
2294 3013 2328 3134 le
2374 3013 2715 3134 bleſermais

734 3138 1030 3259 Alexandre
1098 3138 1257 3259 reçoit
1291 3138 1473 3259 l’eſpee
1530 3138 1564 3259 de
1610 3138 1666 3259 ſon
1723 3138 1985 3259 contraire
2030 3138 2201 3259 avant
2246 3138 2405 3259 quelle
2439 3138 2530 3259 ſoit
2564 3138 2610 3259 en
2667 3138 2701 3259 ſa

693 3263 829 3376 force
920 3263 920 3376 &
977 3263 1249 3376 commence
1306 3263 1317 3376 à
1363 3263 1397 3376 la
1431 3263 1692 3376 ſujetter.

1071 3428 1095 3549 A
1168 3428 1505 3549 CHARIE
1602 3428 1831 3549 eſtant
1916 3428 1964 3549 en
2073 3428 2386 3549 poſture
2483 3428 2531 3549 en
2652 3428 2688 3549 la

1074 3552 1394 3648 maniere
1460 3552 1781 3648 deſcrite
1836 3552 1891 3648 au
1980 3552 2697 3648 commencement

1067 3678 1116 3802 du
1203 3678 1549 3802 premier
1648 3678 1957 3802 Cercle,
2081 3678 2365 3802 voyant
2451 3678 2575 3802 que
2649 3678 2686 3802 ſa

1047 3806 1287 3925 partie
1407 3806 1936 3925 pourſuivant
2033 3806 2490 3925 l’operation
2622 3806 2670 3925 du

612 3928 852 4051 Cercle
953 3928 1092 4051 N.2.
1130 3928 1521 4051 l’aproche
1584 3928 1798 4051 trop,
1849 3928 1887 4051 il
1937 3928 2202 4051 remue
2252 3928 2353 4051 ſon
2429 3928 2694 4051 eſpee,

582 4052 816 4176 eſleve
877 4052 927 4176 le
988 4052 1160 4176 pied
1246 4052 1529 4176 droi,
1652 4052 1665 4176 &
1738 4052 2071 4176 cherche
2169 4052 2218 4176 en
2317 4052 2612 4176 entrant
2685 4052 2698 4176 à

566 4175 845 4298 bleſſer
893 4175 929 4298 ſa
990 4175 1269 4298 partie.
1390 4175 1402 4298 A
1463 4175 1923 4298 LEXANDRE
1996 4175 2516 4298 pourſuivant
2589 4175 2710 4298 l’o-

569 4298 915 4422 peration
1005 4298 1056 4422 du
1171 4298 1402 4422 Cercle
1517 4298 1556 4422 N.
1607 4298 1646 4422 2.
1710 4298 1953 4422 plante
2017 4298 2184 4422 auſſi
2235 4298 2376 4422 toſt
2415 4298 2466 4422 le
2530 4298 2697 4422 pied

586 4425 832 4548 droi
884 4425 1001 4548 par
1066 4425 1208 4548 dela
1286 4425 1338 4548 du
1428 4425 1817 4548 Diametre
1882 4425 2154 4548 devant
2206 4425 2244 4548 la
2309 4425 2504 4548 ligne
2568 4425 2711 4548 IN,

576 4550 625 4675 en
699 4550 1095 4675 avançant
1145 4550 1244 4675 ſon
1331 4550 1640 4675 eſpee(la
1702 4550 2011 4675 poine
2085 4550 2147 4675 de
2197 4550 2568 4675 laquelle,
2617 4550 2704 4675 eſt

569 4674 645 4798 un
708 4674 910 4798 petit
960 4674 973 4798 à
1035 4674 1250 4798 l’aide
1338 4674 1388 4798 du
1464 4674 1804 4798 poignet
1879 4674 2156 4798 dreſſée
2245 4674 2282 4798 en
2383 4674 2711 4798 dedans)

581 4801 745 4925 vers
782 4801 833 4925 le
896 4801 1135 4925 viſage
1248 4801 1248 4925 &
1324 4801 1538 4925 eſpee
1613 4801 1676 4925 de
1739 4801 1789 4925 ſa
1865 4801 2154 4925 partie,
2230 4801 2267 4925 il
2330 4801 2368 4925 la
2444 4801 2695 4925 reçoit

568 4924 747 5050 avec
807 4924 843 5050 ſa
903 4924 1214 5050 pointe,
1249 4924 1476 5050 avant
1560 4924 1799 5050 quelle
1871 4924 2002 5050 ſoit
2074 4924 2122 5050 en
2181 4924 2229 5050 ſa
2289 4924 2564 5050 force,
2695 4924 2695 5050 &

569 5047 801 5174 ayant
859 5047 1034 5174 ainſi
1080 5047 1336 5174 rompu
1418 5047 1476 5174 le
1557 5047 1801 5174 coup,
1848 5047 1883 5174 il
1953 5047 2429 5174 commence
2522 5047 2581 5174 de
2650 5047 2685 5174 la

567 5176 930 5299 ſujetter,
990 5176 1038 5299 en
1135 5176 1522 5299 avançant
1594 5176 1643 5299 le
1727 5176 1897 5299 pied
1981 5176 2271 5299 gauche
2344 5176 2561 5299 outre
2646 5176 2694 5299 le

614 5302 989 5419 Diametre
1050 5302 1802 5419 perpendiculaire.

2906 829 3199 951 Alexandre
3263 829 3404 951 ſaiſiſt
3455 829 3621 951 l’eſpee
3672 829 3710 951 de
3774 829 3799 951 ſa
3876 829 4068 951 partie,
4170 829 4170 951 &
4221 829 4285 951 luy
4349 829 4578 951 preſente
4629 829 4668 951 la
4719 829 4872 951 ſienne
4936 829 4987 951 au

2989 959 3245 1069 viſage.

1328 2642 1648 2806 Cercle
1840 2642 2118 2806 N.4.

3349 1143 3857 1261 LEXANDRE
3926 1143 4446 1261 pourſuivant
4527 1143 4573 1261 en
4665 1143 4723 1261 ce
4839 1143 4989 1261 Cer-

3331 1268 3419 1385 cle
3481 1268 3984 1385 l’advantage
4072 1268 4222 1385 qu’il
4285 1268 4297 1385 à
4385 1268 4523 1385 pris
4574 1268 4624 1385 au
4712 1268 4749 1385 4.
4862 1268 4862 1385 &
4925 1268 4988 1385 5.

3360 1389 3597 1508 Cercle
3660 1389 3897 1508 eſleve
3934 1389 3997 1508 le
4047 1389 4221 1508 pied
4284 1389 4620 1508 gauche,
4733 1389 4733 1508 &
4783 1389 4995 1508 l’avã-

3328 1518 3493 1638 çant
3563 1518 3952 1638 enſemble
4010 1518 4187 1638 avec
4246 1518 4304 1638 le
4363 1518 4646 1638 corps,
4716 1518 4752 1638 il
4810 1518 4975 1638 leve

2856 1642 2891 1762 la
3021 1642 3162 1762 main
3291 1642 3573 1762 gauche
3678 1642 3737 1762 au
3866 1642 4125 1762 meſme
4195 1642 4454 1762 temps
4559 1642 4618 1762 au
4736 1642 4971 1762 deſſus

2860 1767 2957 1886 ſon
3043 1767 3287 1886 eſpee,
3336 1767 3348 1886 à
3397 1767 3434 1886 la
3495 1767 3837 1886 hauteur
3898 1767 3971 1886 de
4032 1767 4216 1886 celle
4289 1767 4338 1886 du
4448 1767 4875 1886 Contraire,
4973 1767 4973 1886 &

2874 1891 3103 2012 eſtant
3153 1891 3497 2012 aproché
3560 1891 3598 2012 il
3675 1891 3916 2012 prend
3967 1891 4018 2012 la
4107 1891 4323 2012 garde
4412 1891 4768 2012 d’iceluy;
4819 1891 4984 2012 puis

2859 2019 3215 2136 plantant
3264 2019 3326 2136 le
3387 2019 3547 2136 pied
3608 2019 3842 2136 eſievé
3903 2019 4014 2136 ſur
4051 2019 4100 2136 la
4149 2019 4383 2136 lettre
4481 2019 4530 2136 V,
4579 2019 4604 2136 il
4690 2019 4813 2136 met
4874 2019 4985 2136 en-

2851 2142 3138 2261 ſemble
3209 2142 3257 2261 ſa
3329 2142 3591 2261 pointe
3651 2142 3699 2261 au
3794 2142 4069 2261 devant
4116 2142 4152 2261 la
4224 2142 4403 2261 veuë
4474 2142 4534 2261 de
4594 2142 4630 2261 ſa
4701 2142 4976 2261 partie,

2868 2266 3090 2386 eſtant
3163 2266 3212 2386 en
3274 2266 3311 2386 ſa
3385 2266 3778 2386 puiſſance
3839 2266 3901 2386 de
3950 2266 3999 2386 le
4061 2266 4368 2386 bleſſer;
4417 2266 4712 2386 comme
4761 2266 4860 2386 les
4909 2266 4970 2386 fi-

2875 2392 3086 2509 gures
3157 2392 3733 2509 demonſtrent.

1334 5511 1642 5679 Cercle
1840 5511 2126 5679 N.5.

821 5740 1117 5863 Alexandre
1166 5740 1400 5863 pourſuit
1474 5740 1474 5863 à
1535 5740 1769 5863 ſujetter
1819 5740 1991 5863 l’eſpee
2053 5740 2077 5863 de
2127 5740 2164 5863 ſa
2213 5740 2472 5863 partie.

2880 3339 3133 3454 Zacharie
3179 3339 3363 3454 voyant
3409 3339 3490 3454 que
3547 3339 3582 3454 ſa
3639 3339 3812 3454 partie
3847 3339 4123 3454 l’aproche
4273 3339 4422 3454 eſleve
4468 3339 4503 3454 la
4572 3339 4675 3454 main
4733 3339 4768 3454 en
4814 3339 4963 3454 haut,

2969 3464 2993 3580 il
3053 3464 3207 3580 eſleve
3243 3464 3267 3580 le
3315 3464 3589 3580 pommeau
3648 3464 3684 3580 de
3732 3464 3791 3580 ſon
3839 3464 3970 3580 eſpee
4030 3464 4149 3580 pour
4208 3464 4280 3580 luy
4328 3464 4626 3580 empeſcher
4673 3464 4876 3580 l’uſage
4947 3464 4971 3580 de

2966 3591 3002 3706 la
3037 3591 3226 3706 ſienne:
3285 3591 3391 3706 mais
3485 3591 3791 3706 Alexandre
3827 3591 3933 3706 fait
3968 3591 4015 3706 un
4074 3591 4204 3706 petit
4239 3591 4392 3706 ſaut,
4486 3591 4498 3706 &
4557 3591 4581 3706 ſe
4651 3591 4781 3706 tient
4840 3591 4969 3706 preſt

2966 3717 3079 3831 pour
3124 3717 3533 3831 pourſuivre.

3348 3878 3479 3997 Eſte
3551 3878 3944 3997 operation
4052 3878 4242 3997 vient
4302 3878 4469 3997 auſſi
4541 3878 4600 3997 de
4648 3878 4696 3997 la
4755 3878 4982 3997 pour-

3316 4004 3508 4121 ſuite
3572 4004 3624 4121 du
3739 4004 3983 4121 Cercle
4112 4004 4227 4121 N.4.
4343 4004 4574 4121 eſtant
4638 4004 4766 4121 peu
4869 4004 4985 4121 dif-

3313 4118 3624 4219 ferente
3686 4118 3748 4219 de
3810 4118 3985 4219 celle
4047 4118 4097 4219 du
4208 4118 4457 4219 Cercle
4582 4118 4619 4219 N.
4694 4118 4743 4219 6.
4843 4118 4967 4219 ZA-

3332 4256 3640 4370 CHARIE
3720 4256 4006 4370 voyant
4086 4256 4223 4370 que
4292 4256 4337 4370 ſa
4406 4256 4646 4370 partie
4703 4256 4977 4370 l’apro-

2861 4372 2983 4491 che
3044 4372 3399 4491 (comme
3460 4372 3521 4491 au
3631 4372 3876 4491 Cercle
3986 4372 4022 4491 N.
4108 4372 4181 4491 6.)
4316 4372 4316 4491 &
4377 4372 4597 4491 porte
4658 4372 4707 4491 ſa
4805 4372 4951 4491 main

2854 4497 2901 4617 en
2971 4497 3182 4617 haut,
3217 4497 3252 4617 il
3311 4497 3534 4617 eſleve
3592 4497 3639 4617 le
3698 4497 4108 4617 pommeau
4190 4497 4260 4617 de
4307 4497 4413 4617 ſon
4495 4497 4729 4617 eſpee,
4764 4497 4963 4617 pour

2854 4623 3315 4741 empeſcher
3364 4623 3364 4741 à
3461 4623 3473 4741 A
3533 4623 3703 4741 LEX
3764 4623 3873 4741 AN
3946 4623 4091 4741 DRE
4140 4623 4406 4741 l’uſage
4479 4623 4540 4741 de
4588 4623 4625 4741 la
4685 4623 4976 4741 ſienne:

2854 4750 2901 4864 en
2983 4750 3053 4864 ce
3100 4750 3358 4864 temps
3440 4750 3451 4864 A
3522 4750 3991 4864 LEXANDRE
4049 4750 4213 4864 fai
4283 4750 4354 4864 un
4436 4750 4623 4864 petit
4694 4750 4846 4864 ſaut
4916 4750 4975 4864 a-

2849 4874 2967 4989 vec
3014 4874 3073 4989 le
3120 4874 3297 4989 pied
3356 4874 3591 4989 eſlevé
3650 4874 3803 4989 vers
3851 4874 3909 4989 le
3992 4874 4416 4989 contraire,
4463 4874 4581 4989 par
4675 4874 4840 4989 deça
4899 4874 4958 4989 le

2883 4997 3291 5116 Diametre,
3393 4997 3393 5116 &
3444 4997 3801 5116 ſaiſiſſant
3864 4997 4132 5116 l’eſpee
4222 4997 4540 5116 d’iceluy
4617 4997 4961 5116 pendant

2863 5122 2992 5242 que
3039 5122 3086 5242 le
3145 5122 3321 5242 pied
3368 5122 3673 5242 tombe,
3767 5122 3779 5242 &
3826 5122 3861 5242 la
3920 5122 4190 5242 tenant
4272 5122 4319 5242 en
4401 5122 4589 5242 haut
4672 5122 4848 5242 avec
4907 5122 4918 5242 ſ

2871 5248 3092 5365 main,
3178 5248 3215 5365 il
3301 5248 3669 5365 demeure
3743 5248 4001 5365 planté
4062 5248 4172 5365 ſur
4222 5248 4283 5365 le
4344 5248 4516 5365 pied
4602 5248 4958 5365 gauche,

2860 5371 3088 5488 eſtant
3160 5371 3352 5488 preſt
3448 5371 3628 5488 pour
3712 5371 4012 5488 planter
4096 5371 4144 5488 le
4264 5371 4504 5488 droi
4588 5371 4960 5488 derriere,

2898 5499 2910 5618 &
2947 5499 3191 5618 laiſſer
3252 5499 3483 5618 paſſer
3532 5499 3569 5618 ſa
3630 5499 3898 5618 partie,
3947 5499 4008 5618 ou
4081 5499 4545 5618 pourſuivre
4594 5499 4703 5618 ſon
4789 5499 4960 5618 ope-

2847 5623 3114 5744 ration,
3174 5623 3465 5744 comme
3525 5623 3549 5744 il
3610 5623 3695 5744 eſt
3767 5623 4046 5744 declaré
4106 5623 4155 5744 au
4264 5623 4506 5744 Cercle
4615 5623 4736 5744 N.8.

3325 6305 3453 6436 Ecy
3531 6305 3608 6436 eſt
3672 6305 3711 6436 la
3801 6305 4200 6436 pourſuite
4290 6305 4342 6436 du
4471 6305 4715 6436 Cercle
4793 6305 4947 6436 pre-

3303 6433 3587 6540 cedent
3705 6433 3752 6540 N.
3811 6433 3847 6540 7.
3953 6433 4402 6540 ZACHARIE
4484 6433 4957 6540 demeurant

3305 6555 3352 6680 en
3422 6555 3469 6680 ſa
3516 6555 3879 6680 poſture,
3938 6555 4477 6680 ALEXANDRE
4547 6555 4828 6680 tourne
4887 6555 4946 6680 le

3309 6681 3521 6809 corps
3573 6681 3679 6809 ſur
3719 6681 3772 6809 le
3825 6681 3983 6809 pied
4063 6681 4341 6809 gauche
4407 6681 4632 6809 plãté,
4711 6681 4724 6809 &
4790 6681 4949 6809 por-

2824 6810 2972 6939 tant
3022 6810 3072 6939 le
3146 6810 3382 6939 droi
3444 6810 3667 6939 eſlevé
3717 6810 3791 6939 un
3866 6810 3977 6939 pas
4052 6810 4374 6939 derriere
4424 6810 4474 6939 le
4536 6810 4871 6939 gauche,
4920 6810 4958 6939 il

2807 6933 2857 7066 le
2920 6933 3182 7066 plante
3232 6933 3407 7066 hors
3482 6933 3532 7066 du
3657 6933 4020 7066 Quadrat;
4094 6933 4257 7066 puis
4344 6933 4569 7066 eſleve
4644 6933 4694 7066 le
4782 6933 4944 7066 gau-

2828 7057 2972 7187 che,
3103 7057 3103 7187 &
3181 7057 3299 7187 met
3351 7057 3404 7187 la
3456 7057 3731 7187 pointe
3796 7057 3861 7187 de
3914 7057 4018 7187 ſon
4097 7057 4502 7187 eſpeeſqui
4568 7057 4646 7187 eſt
4712 7057 4960 7187 deſſus

4667 7189 4934 7309 l’eſpee
