5479 7714
3635 1881 3952 2058 Cercle
4178 1881 4450 2058 N.11.

4930 5988 4980 6166 La

3356 2145 3653 2287 Alexandre
3702 2145 3925 2287 execute
3999 2145 4222 2287 derechef
4283 2145 4345 2287 ſon
4407 2145 4543 2287 coup.

3383 2283 3396 2448 E
3509 2283 3748 2448 Cercle
3836 2283 4189 2448 contient
4252 2283 4290 2448 la
4390 2283 4730 2448 maniere,
4806 2283 4995 2448 com-

3383 2441 3556 2574 ment
3695 2441 4250 2574 ALEXANDRE
4331 2441 4505 2574 peut
4609 2441 4979 2574 executer

3355 2567 4026 2692 commodement
4093 2567 4149 2692 le
4250 2567 4429 2692 coup
4518 2567 4988 2692 precedent,

2885 2811 3058 2940 ſpee
3104 2811 3116 2940 à
3196 2811 3727 2940 deux-mains.
3830 2811 4453 2940 ALEXANDRE
4545 2811 4718 2940 donc
4787 2811 4983 2940 pour

2897 2938 3268 3058 executer
3315 2938 3349 3058 la
3431 2938 3918 3058 precedente
3999 2938 4440 3058 operation,
4474 2938 4637 3058 leve
4695 2938 4741 3058 le
4822 2938 4985 3058 pied

2913 3060 3182 3186 droi,
3229 3060 3509 3186 avance
3579 3060 3626 3186 du
3719 3060 3929 3186 corps
3988 3060 4350 3186 (portant
4420 3060 4466 3186 en
4560 3060 4840 3186 dedans
4887 3060 4992 3186 l’e-

2899 3182 3142 3306 ſpaule
3207 3182 3540 3306 gauche)
3643 3182 3656 3306 &
3707 3182 3964 3306 plante
4028 3182 4079 3306 le
4169 3182 4336 3306 pied
4413 3182 4631 3306 eſlevé
4708 3182 4708 3306 à
4797 3182 4990 3306 coſté

2912 3306 3192 3430 gauche
3259 3306 3315 3430 de
3371 3306 3472 3430 ſon
3550 3306 4009 3430 contraire,
4099 3306 4524 3430 executant
4592 3306 4681 3430 ſon
4804 3306 4983 3430 coup

2908 3428 3201 3546 comme
3248 3428 3307 3546 le
3354 3428 3648 3546 figures
3730 3428 4164 3546 monſtrent.

3336 2691 3490 2814 ſans
3584 2691 3937 2814 encourir
4020 2691 4243 2814 aucun
4373 2691 4632 2814 danger
4738 2691 4797 2814 de
4879 2691 4985 2814 l’e-

2892 574 3192 700 arriere,
3230 574 3342 700 afin
3430 574 3580 700 qu’il
3630 574 3867 700 puiſſe
3930 574 4205 700 d’icelle
4280 574 4555 700 donner
4605 574 4667 700 un
4730 574 4992 700 peſant

2910 700 3089 821 coup
3149 700 3149 821 à
3208 700 3256 821 ſa
3316 700 3590 821 partie,
3638 700 3686 821 ou
3757 700 3817 821 le
3865 700 4044 821 faire
4103 700 4438 821 retirer:
4545 700 4700 821 mais
4819 700 4998 821 ALE-

2916 822 3255 945 XANDRE
3345 822 3673 945 prenant
3741 822 3797 945 le
3877 822 4125 945 temps
4216 822 4340 945 que
4408 822 4498 945 ſon
4600 822 4984 945 contraire

2896 939 3088 1065 laiſſe
3160 939 3425 1065 baiſſer
3473 939 3509 1065 ſa
3569 939 3834 1065 pointe
3918 939 3966 1065 en
4051 939 4363 1065 arriere,
4411 939 4640 1065 eſleve
4712 939 4760 1065 le
4821 939 4989 1065 pied

2916 1058 3204 1191 droi,
3329 1058 3329 1191 &
3404 1058 3841 1191 aprochant
3928 1058 3991 1191 de
4053 1058 4153 1191 ſon
4265 1058 4478 1191 corps
4540 1058 4578 1191 il
4653 1058 4878 1191 bleſſe
4940 1058 4977 1191 ſa

2901 1181 3141 1317 partie
3201 1181 3261 1317 au
3345 1181 3597 1317 viſage,
3657 1181 4005 1317 plantant
4065 1181 4101 1317 en
4174 1181 4354 1317 ſuite
4402 1181 4462 1317 le
4522 1181 4678 1317 pied
4762 1181 4990 1317 eſlevé

2912 1313 3205 1436 environ
3290 1313 3339 1436 le
3425 1313 3632 1436 milieu
3742 1313 3803 1436 de
3877 1313 3913 1436 la
3999 1313 4194 1436 ligne
4292 1313 4304 1436 S
4426 1313 4487 1436 N,
4561 1313 4878 1436 portant
4939 1313 4988 1436 le

2918 1432 3202 1558 gauche
3248 1432 3259 1558 à
3316 1432 3350 1558 la
3418 1432 3691 1558 cheute
3782 1432 3839 1558 du
3918 1432 4134 1558 corps
4225 1432 4271 1558 en
4384 1432 4987 1558 circonference

2925 1551 3244 1682 derriere
3293 1551 3342 1682 le
3416 1551 3662 1682 planté
3735 1551 3907 1682 hors
3981 1551 4030 1682 du
4165 1551 4522 1682 Quadrat;
4583 1551 4878 1682 comme
4952 1551 4989 1682 il

2902 1675 2950 1797 ſe
3011 1675 3170 1797 void
3231 1675 3353 1797 aux
3414 1675 3731 1797 figures.

1380 1025 1681 1189 Cercle
1896 1025 2154 1189 N.9.

988 1272 1274 1404 Alexandre
1339 1272 1471 1404 perce
1515 1272 1559 1404 ſa
1603 1272 1767 1404 partie
1822 1272 1855 1404 au
1921 1272 2130 1404 travers
2185 1272 2217 1404 du
2283 1272 2448 1404 corps.

1152 1451 1152 1591 E
1281 1451 1516 1591 Cercle
1610 1451 1961 1591 contient
2020 1451 2055 1591 la
2172 1451 2489 1591 maniere
2571 1451 2747 1591 pour

1121 1588 1456 1714 pouvoir
1509 1588 1876 1714 executer
1941 1588 2609 1714 commodement
2653 1588 2750 1714 les

1138 1710 1321 1832 deux
1434 1710 1890 1832 operations
1970 1710 2540 1832 precedentes.
2688 1710 2756 1832 A-

1121 1830 1933 1954 LEXANDREtenant
2012 1830 2069 1954 de
2114 1830 2147 1954 la
2238 1830 2384 1954 main
2463 1830 2745 1954 gauche

646 1956 916 2077 l’eſpee
989 1956 1051 2077 de
1112 1956 1149 2077 ſa
1210 1956 1480 2077 partie,
1553 1956 1762 2077 apres
1823 1956 2031 2077 avoir
2093 1956 2301 2077 porté
2375 1956 2412 2077 ſa
2485 1956 2743 2077 pointe

656 2079 828 2203 avec
901 2079 1110 2203 icelle
1184 2079 1381 2203 eſpee
1430 2079 1750 2203 juſques
1799 2079 1860 2203 au
1946 2079 2217 2203 devant
2266 2079 2303 2203 la
2364 2079 2745 2203 poirine

680 2197 1016 2325 diceluy,
1054 2197 1080 2325 il
1145 2197 1364 2325 eſleve
1416 2197 1455 2325 le
1519 2197 1674 2325 pied
1739 2197 2061 2325 gauche,
2165 2197 2178 2325 &
2229 2197 2655 2325 l’avançant
2720 2197 2759 2325 il

663 2323 871 2447 porte
920 2323 1190 2447 l’eſpée
1263 2323 1325 2447 de
1374 2323 1423 2447 ſa
1472 2323 1717 2447 partie
1766 2323 1827 2447 un
1900 2323 2023 2447 peu
2084 2323 2243 2447 plus
2317 2323 2354 2447 en
2452 2323 2758 2447 dedans,

710 2446 723 2570 &
771 2446 989 2570 perce
1037 2446 1122 2570 (en
1206 2446 1448 2570 entrãt
1509 2446 1557 2570 du
1630 2446 1799 2570 pied
1860 2446 2319 2570 eſlevéavec
2380 2446 2416 2570 ſa
2476 2446 2743 2570 pointe

658 2568 1071 2692 preſentée
1128 2568 1185 2692 au
1277 2568 1564 2692 travers
1632 2568 1678 2692 du
1758 2568 1942 2692 coſté
2033 2568 2091 2692 de
2137 2568 2182 2692 ſa
2240 2568 2515 2692 partie;
2561 2568 2755 2692 com-

682 2699 756 2816 me
817 2699 915 2816 les
964 2699 1247 2816 figures
1309 2699 1800 2816 enſeignent.

1329 3276 1657 3487 Cercle
1876 3276 2182 3487 N.10.

681 3541 923 3663 Zacharie
969 3541 1177 3663 s’eſtant
1223 3541 1443 3663 preparé
1489 3541 1616 3663 pour
1662 3541 1835 3663 donner
1881 3541 1916 3663 un
1974 3541 2147 3663 peſant
2193 3541 2297 3663 coup
2366 3541 2736 3663 d’eſtramaçon

775 3668 775 3786 à
842 3668 886 3786 ſa
931 3668 1132 3786 partie,
1166 3668 1199 3786 ou
1255 3668 1277 3786 le
1322 3668 1456 3786 faire
1490 3668 1702 3786 retirer,
1780 3668 2071 3786 Alexandre
2115 3668 2160 3786 au
2216 3668 2383 3786 temps
2417 3668 2506 3786 que
2551 3668 2584 3786 ſa
2629 3668 2752 3786 par-

772 3787 823 3922 tie
875 3787 1004 3922 laiſſe
1055 3787 1236 3922 baiſſer
1274 3787 1339 3922 ſon
1377 3787 1506 3922 eſpee
1558 3787 1596 3922 en
1648 3787 1841 3922 arriere
1892 3787 1918 3922 le
1957 3787 2098 3922 bleſſe
2150 3787 2189 3922 au
2253 3787 2511 3922 viſage.

1146 3949 1146 4071 E
1258 3949 1507 4071 Cercle
1581 3949 1818 4071 prend
1880 3949 1917 4071 ſa
1992 3949 2253 4071 ſource
2315 3949 2377 4071 de
2427 3949 2750 4071 l’opera-

1107 4073 1239 4181 tion
1371 4073 1767 4181 contenue
1827 4073 1887 4181 au
2019 4073 2247 4181 Cercle
2367 4073 2403 4181 N.
2463 4073 2463 4181 3
2642 4073 2642 4181 Z
2702 4073 2750 4181 A-

1128 4198 1436 4318 CHARIE
1516 4198 1801 4318 vOyant
1881 4198 2577 4318 qu’ALEXANDRE
2646 4198 2748 4318 l’a-

1110 4317 1397 4440 proche
1459 4317 1784 4440 juſques
1859 4317 1871 4440 à
1934 4317 2346 4440 l’Inſtance
2458 4317 2758 4440 deſcrite

653 4439 910 4562 audi
1000 4439 1257 4562 Cercle,
1283 4439 1321 4562 il
1373 4439 1566 4562 laiſſe
1617 4439 1681 4562 un
1759 4439 1874 4562 peu
1951 4439 2209 4562 baiſſer
2260 4439 2299 4562 ſa
2363 4439 2633 4562 pointe
2684 4439 2736 4562 en

650 578 921 704 l’eſpee
980 578 991 704 à
1062 578 1239 704 deux
1321 578 1533 704 mains
1591 578 1650 704 de
1697 578 1803 704 ſon
1886 578 2262 704 contraire
2309 578 2391 704 )au
2485 578 2744 704 devant

673 681 723 823 du
812 681 988 823 coſté
1064 681 1127 823 de
1177 681 1215 823 ſa
1278 681 1543 823 partie;
1606 681 1897 823 comme
1947 681 1985 823 il
2023 681 2073 823 ſe
2149 681 2325 823 peut
2389 681 2540 823 voir
2603 681 2616 823 a

660 831 980 948 figures.
