5479 7714
1523 579 1562 802 A
1679 579 2149 802 curioſité
2228 579 2404 802 que
2482 579 2756 802 nous
2815 579 3148 802 aons
3207 579 3677 802 aportée,
3755 579 3755 802 a
3872 579 4440 802 diſtinguer
4499 579 4616 802 les
4695 579 4949 802 prin-

1450 784 1640 943 cipes
1695 784 1885 943 pour
1953 784 2320 943 attaquer
2388 784 2456 943 un
2538 784 2973 943 adverſaire
3054 784 3177 943 qui
3231 784 3285 943 ſe
3353 784 3489 943 ſert
3557 784 3625 943 de
3666 784 3938 943 l’eſpee
4006 784 4006 943 à
4087 784 4264 943 deux
4359 784 4618 943 mains,
4658 784 4930 943 ſervira

1444 933 2037 1081 grandement,
2092 933 2258 1081 tant
2313 933 2506 1081 pour
2561 933 2934 1081 executer
3002 933 3058 1081 ce
3127 933 3237 1081 qui
3292 933 3375 1081 eſt
3444 933 3788 1081 propoſé
3844 933 3913 1081 au
4009 933 4326 1081 Tableau
4409 933 4740 1081 preſent,
4795 933 4933 1081 que

1634 1072 1727 1360 W
1821 1072 4109 1360 WgWad'
4202 1072 4576 1360 iWſ'W'
4669 1072 5043 1360 q'''.

1428 1353 1610 1501 trer,
1666 1353 1974 1501 divertir
2072 1353 2086 1501 &
2156 1353 2520 1501 dompter
2562 1353 2604 1501 la
2674 1353 2884 1501 force
2954 1353 3164 1501 d’une
3220 1353 3262 1501 ſi
3332 1353 3556 1501 groſſe
3668 1353 3668 1501 &
3752 1353 4704 1501 eſpouvantablelame,
4774 1353 4928 1501 ſans

562 1495 838 1649 danger
949 1495 949 1649 &
1046 1495 1308 1649 meſme
1363 1495 1515 1649 ſans
1570 1495 2012 1649 beaucoup
2109 1495 2164 1649 de
2220 1495 2441 1649 peine
2496 1495 2786 1649 (choſe
2855 1495 2966 1649 qui
3021 1495 3408 1649 ſemblera
3477 1495 3477 1649 à
3573 1495 3753 1649 ceux
3836 1495 3946 1649 qui
4001 1495 4222 1649 n’ont
4292 1495 4568 1649 encore
4651 1495 4927 1649 gouſté

541 1632 792 1781 noſtre
858 1632 1201 1781 exercice
1280 1632 1333 1781 du
1412 1632 1584 1781 tout
1637 1632 2152 1781 impoſſible)
2191 1632 2601 1781 toutefois
2640 1632 2839 1781 nous
2905 1632 3367 1781 exſtimons,
3433 1632 3552 1781 que
3618 1632 3803 1781 ceux
3869 1632 3988 1781 qui
4027 1632 4080 1781 ſe
4133 1632 4397 1781 ſeront
4463 1632 4767 1781 exerces
4833 1632 4938 1781 ze-

531 1773 640 1919 lon
708 1773 979 1919 noſtre
1060 1773 1494 1919 methode,
1535 1773 1575 1919 le
1643 1773 2036 1919 jugeront
2091 1773 2104 1919 à
2158 1773 2430 1919 noſtre
2484 1773 2972 1919 advantage,
3040 1773 3202 1919 ſans
3270 1773 3691 1919 s’amuſerà
3731 1773 4219 1919 l’aparance.
