5479 7714
1648 2041 1911 2272 Ncore
2043 2041 2212 2272 que
2287 2041 2662 2272 l’ordre
2756 2041 3151 2272 ſemble
3245 2041 3245 2272 à
3357 2041 3752 2272 preſent
3846 2041 4353 2272 requerir,
4466 2041 4635 2272 que
4747 2041 5010 2272 nous

1508 2247 1945 2397 achevions
1998 2247 2170 2397 tout
2236 2247 2303 2397 de
2342 2247 2568 2397 ſuite,
2647 2247 2700 2397 ce
2766 2247 2899 2397 que
2952 2247 3151 2397 nous
3190 2247 3429 2397 avons
3482 2247 3826 2397 propoſé
3919 2247 3972 2397 de
4052 2247 4184 2397 dire
4250 2247 4356 2397 ſur
4409 2247 4449 2397 la
4542 2247 4833 2397 matiere
4913 2247 4979 2397 de

1491 2395 1540 2527 la
1614 2395 1995 2527 ſujetion,
2069 2395 2660 2527 neantmoins,
2709 2395 3017 2527 ſuivant
3079 2395 3128 2527 la
3239 2395 3608 2527 methode
3694 2395 3756 2527 de
3830 2395 3928 2527 cet
4002 2395 4396 2527 exercice,
4482 2395 4667 2527 nous
4741 2395 4987 2527 avons

1508 2531 1723 2670 voulu
1812 2531 2330 2670 entremeſler
2419 2531 2747 2670 quelque
2811 2531 3341 2670 inſtruion,
3405 2531 3544 2670 non
3632 2531 4087 2670 ſeulement
4151 2531 4340 2670 pour
4416 2531 4732 2670 ſujeter,
4833 2531 4985 2670 mais

1504 2668 1677 2811 auſſi
1744 2668 1943 2811 pour
2010 2668 2276 2811 eſviter
2342 2668 2435 2811 les
2515 2668 3060 2811 eſtramaçons
3153 2668 3207 2811 de
3273 2668 3539 2811 l’eſpee
3606 2668 3619 2811 à
3712 2668 3885 2811 deux
3991 2668 4231 2811 mains,
4324 2668 4576 2811 quand
4616 2668 4975 2811 l’Adver-

1503 2807 1722 2949 ſaire,
1800 2807 2097 2949 n’oſant
2174 2807 2548 2949 attendre
2600 2807 2651 2949 la
2729 2807 3167 2949 troiſieſme
3245 2807 3593 2949 aproche
3696 2807 4096 2949 contenue
4187 2807 4238 2949 au
4329 2807 4780 2949 precedent
4871 2807 4987 2949 Ta-

638 2947 894 3088 bleau,
1002 2947 1244 3088 donne
1338 2947 1392 3088 de
1446 2947 1608 3088 plus
1662 2947 1796 3088 loin
1864 2947 1972 3088 ſur
2039 2947 2281 3088 nous;
2349 2947 2726 3088 (comme
2793 2947 2820 3088 il
2888 2947 2982 3088 eſt
3049 2947 3332 3088 declaré
3400 2947 3467 3088 au
3602 2947 3844 3088 Cercle
3912 2947 3992 3088 2.)
4060 2947 4423 3088 eſperant
4504 2947 4572 3088 de
4639 2947 4828 3088 nous
4895 2947 4989 3088 at-

639 3085 946 3225 teindre
1026 3085 1079 3225 en
1173 3085 1306 3225 une
1373 3085 1760 3225 aproche,
1827 3085 1894 3225 ou
1947 3085 1987 3225 il
2041 3085 2214 3225 n’eſt
2268 3085 2388 3225 pas
2441 3085 2495 3225 en
2561 3085 2989 3225 l’Inſtance
3082 3085 3229 3225 d’ou
3296 3085 3402 3225 ſon
3483 3085 3696 3225 eſpee
3763 3085 3990 3225 puiſſe
4070 3085 4244 3225 eſtre
4297 3085 4684 3225 ſujettée,
4751 3085 4978 3225 avant

658 3222 929 3364 qu’elle
983 3222 1106 3364 ſoit
1173 3222 1214 3364 en
1309 3222 1350 3364 ſa
1404 3222 1649 3364 force.
1812 3222 1852 3364 Or
1934 3222 2070 3364 ceſt
2137 3222 2192 3364 ce
2260 3222 2382 3364 que
2450 3222 2504 3364 ce
2599 3222 2911 3364 Tableau
2993 3222 3169 3364 vous
3224 3222 3631 3364 preſente:
3712 3222 3807 3364 car
3862 3222 3916 3364 en
3984 3222 4025 3364 la
4092 3222 4527 3364 principale
4581 3222 4812 3364 partie
4894 3222 4989 3364 d’i-

650 3360 867 3502 celuy
921 3360 962 3502 il
1016 3360 1192 3502 vous
1246 3360 1382 3502 ſera
1490 3360 1856 3502 monſtré,
1923 3360 2343 3502 comment
2411 3360 2465 3502 on
2560 3360 2777 3502 doibt
2831 3360 3007 3502 avec
3061 3360 3318 3502 l’eſpee
3400 3360 3657 3502 ſimple
3738 3360 4104 3502 attaquer
4212 3360 4212 3502 &
4266 3360 4591 3502 ſujetter
4632 3360 4903 3502 l’eſpee
4957 3360 4971 3502 à

651 3495 833 3638 deux
937 3495 1184 3638 mains,
1249 3495 1522 3638 quand
1574 3495 2107 3638 l’Adverſaire
2172 3495 2224 3638 ſe
2276 3495 2640 3638 preſente
2692 3495 3121 3638 tellement
3199 3495 3251 3638 en
3342 3495 3537 3638 ligne
3615 3495 3901 3638 droie
3992 3495 4265 3638 devant
4317 3495 4525 3638 vous,
4603 3495 4720 3638 que
4798 3495 4981 3638 vous

642 3637 941 3780 pouvez
993 3637 1435 3780 l’attaquer
1538 3637 1538 3780 &
1590 3637 1915 3780 ſujetter
1993 3637 2045 3780 en
2123 3637 2175 3780 la
2227 3637 2616 3780 premiere
2681 3637 3084 3780 Inſtance:
3188 3637 3343 3780 puis
3408 3637 3681 3780 appres
3746 3637 4162 3780 comment
4226 3637 4291 3780 on
4369 3637 4421 3780 ſe
4512 3637 4720 3780 doibt
4798 3637 4980 3780 gou-

645 3769 936 3918 verner,
1005 3769 1532 3918 pourſuivant
1601 3769 1782 3918 ceſte
1851 3769 2087 3918 groſſe
2184 3769 2198 3918 &
2239 3769 2641 3918 puiſſante
2683 3769 2919 3918 lame,
2960 3769 3127 3918 ſans
3196 3769 3321 3918 que
3362 3769 3473 3918 ſon
3543 3769 3764 3918 poids
3820 3769 4056 3918 puiſſe
4111 3769 4291 3918 vous
4347 3769 4818 3918 empeſcher
4915 3769 4971 3918 de

644 3912 980 4056 prendre
1047 3912 1087 4056 le
1181 3912 1449 4056 meſme
1517 3912 2000 4056 advantage,
2080 3912 2201 4056 que
2268 3912 2443 4056 vous
2497 3912 2671 4056 avez
2738 3912 2778 4056 eu
2859 3912 2966 4056 ſur
3020 3912 3289 4056 l’eſpee
3356 3912 3664 4056 ſimple,
3718 3912 4175 4056 travaillant
4215 3912 4403 4056 ſelon
4483 3912 4591 4056 les
4631 3912 4980 4056 inſtruc-

642 4050 844 4194 tions
938 4050 991 4194 du
1072 4050 1421 4194 premier
1461 4050 1676 4194 livre,
1730 4050 2388 4194 accommodées
2455 4050 2495 4194 en
2589 4050 2643 4194 ce
2724 4050 3100 4194 Tableau,
3140 4050 3207 4194 au
3288 4050 3731 4194 precedent
3852 4050 3852 4194 &
3906 4050 4443 4194 ſubſequent,
4510 4050 4685 4194 ſelon
4752 4050 4805 4194 le
4873 4050 4980 4194 ſu-

622 4188 771 4334 je
840 4188 1207 4334 preſenté
1289 4188 1330 4334 en
1412 4188 1670 4334 iceux.

1361 4440 1665 4626 Cercle
1904 4440 2122 4626 N.1.

3351 5617 3364 5742 E
3486 5617 3720 5742 Cercle
3818 5617 4174 5742 contient
4247 5617 4284 5742 la
4370 5617 4775 5742 pourſuite
4886 5617 4935 5742 du

3322 5742 3801 5869 precedent.
3941 5742 4373 5869 ZACHARIE
4444 5742 4724 5869 voyant
4817 5742 4946 5869 que

3323 5864 3359 5994 ſa
3419 5864 3659 5994 partie
3719 5864 3803 5994 eſt
3875 5864 4199 5994 parvenu
4283 5864 4283 5994 à
4355 5864 4499 5994 une
4559 5864 4943 5994 Inſtance,

3341 5984 3468 6119 d’ou
3537 5984 3572 6119 il
3618 5984 3676 6119 le
3734 5984 4091 6119 pourroit
4138 5984 4507 6119 toucher,
4565 5984 4841 6119 avance
4888 5984 4945 6119 le

2877 6111 3092 6240 corps
3218 6111 3218 6240 &
3293 6111 3344 6240 le
3407 6111 3571 6240 pied
3659 6111 3937 6240 droi,
4075 6111 4075 6240 &
4164 6111 4479 6240 dreſſant
4555 6111 4945 6240 enſemble

2863 6235 2961 6366 ſon
3059 6235 3525 6366 eſtramaçon
3623 6235 3770 6366 vers
3831 6235 3978 6366 luy,
4040 6235 4077 6366 il
4138 6235 4395 6366 plante
4457 6235 4506 6366 le
4555 6235 4726 6366 pied
4788 6235 4947 6366 eſle-

2874 6359 2935 6490 vé
2997 6359 3107 6490 par
3168 6359 3303 6490 delà
3352 6359 3414 6490 le
3499 6359 3867 6490 Diametre
3941 6359 4100 6490 pres
4149 6359 4186 6490 la
4235 6359 4468 6490 lettre
4566 6359 4627 6490 R.
4762 6359 4946 6490 ALE-

2876 6482 3226 6616 XANDRE
3282 6482 3609 6616 prenant
3677 6482 3891 6616 garde
3948 6482 4004 6616 au
4094 6482 4805 6616 commencement
4861 6482 4917 6616 du

2890 6608 3387 6743 mouvement
3456 6608 3514 6743 de
3572 6608 3606 6743 ſa
3676 6608 3942 6743 partie,
3988 6608 4207 6743 retire
4265 6608 4323 6743 un
4404 6608 4519 6743 peu
4600 6608 4646 6743 le
4727 6608 4935 6743 corps

2854 6730 3052 6872 pour
3101 6730 3397 6872 rompre
3447 6730 3496 6872 la
3546 6730 3842 6872 proche
3904 6730 4299 6872 Inſtance;
4422 6730 4422 6872 &
4521 6730 4805 6872 menant
4866 6730 4928 6872 au

2877 6858 3129 6989 meſme
3201 6858 3452 6989 temps
3524 6858 3620 6989 ſon
3716 6858 3919 6989 eſpee
4003 6858 4051 6989 en
4159 6858 4745 6989 circonference
4817 6858 4937 6989 par

4578 6981 4937 7072 deſſoubs

2880 4455 3113 4571 partie
3194 4455 3624 4571 travaillera
3717 4455 3717 4571 à
3810 4455 4310 4571 l’encontre;
4426 4455 4717 4571 comme
4798 4455 4833 4571 il
4914 4455 4961 4571 ſe

2874 4582 3051 4697 peut
3122 4582 3263 4697 voir
3310 4582 3439 4697 aux
3498 4582 3816 4697 figures.

3605 4796 3912 4968 Cercle
4131 4796 4416 4968 N.2.

2906 5055 3155 5171 Lacharie
3191 5055 3381 5171 voyant
3416 5055 3452 5171 ſa
3499 5055 3677 5171 partie
3725 5055 3749 5171 ſi
3784 5055 3963 5171 proche
4010 5055 4129 5171 qu’il
4164 5055 4188 5171 le
4236 5055 4473 5171 pourroit
4509 5055 4758 5171 toucher,
4818 5055 4960 5171 dreſſe

2980 5180 3021 5292 un
3074 5180 3188 5292 coup
3251 5180 3627 5292 d’eſtramaçon
3700 5180 3804 5292 vers
3846 5180 3950 5292 luy:
4034 5180 4138 5292 mais
4221 5180 4514 5292 Alexandre
4555 5180 4701 5292 retire
4754 5180 4774 5292 le
4816 5180 4962 5292 corps

2987 5304 3106 5420 pour
3149 5304 3344 5420 rompre
3387 5304 3430 5420 la
3473 5304 3646 5420 proche
3700 5304 3948 5420 Inſtance,
4056 5304 4056 5420 &
4121 5304 4316 5420 menant
4348 5304 4413 5420 ſon
4478 5304 4607 5420 eſpee
4661 5304 4694 5420 en
4758 5304 4953 5420 circon-

2980 5428 3185 5543 ference
3234 5428 3463 5543 deſſoubs
3500 5428 3608 5543 celle
3669 5428 3693 5543 de
3741 5428 3778 5543 ſa
3826 5428 4031 5543 partie,
4080 5428 4237 5543 eſvite
4285 5428 4309 5543 le
4345 5428 4490 5543 coup.

655 4700 902 4819 Zacharie
949 4700 1162 4819 s’eſtant
1221 4700 1291 4819 mis
1350 4700 1386 4819 en
1444 4700 1645 4819 poſture
1692 4700 1810 4819 avec
1869 4700 1892 4819 le
1951 4700 2069 4819 coſté
2140 4700 2340 4819 gauche
2399 4700 2635 4819 preſenté
2682 4700 2717 4819 en

750 4826 941 4943 avant,
1005 4826 1037 4943 la
1090 4826 1196 4943 main
1260 4826 1451 4943 gauche
1494 4826 1600 4943 pres
1664 4826 1696 4943 du
1738 4826 2004 4943 pommeau
2068 4826 2099 4943 de
2153 4826 2376 4943 l’eſpee,
2450 4826 2482 4943 la
2546 4826 2716 4943 droicte

747 4947 1037 5066 (touchant
1084 4947 1118 5066 la
1165 4947 1374 5066 branche
1432 4947 1676 5066 d’icelle)
1711 4947 1944 5066 eſlevéeà
2002 4947 2037 5066 la
2083 4947 2315 5066 hauteur
2362 4947 2397 5066 de
2443 4947 2478 5066 la
2513 4947 2722 5066 teſte.

778 5070 1072 5189 Alexandre
1119 5070 1272 5189 eſleve
1307 5070 1554 5189 enſemble
1589 5070 1624 5189 le
1683 5070 1789 5189 pied
1883 5070 1883 5189 &
1954 5070 1977 5189 le
2024 5070 2130 5189 bras
2189 5070 2330 5189 droict
2377 5070 2483 5189 avec
2542 5070 2718 5189 l’eſpee

733 5192 970 5313 enangle
1012 5192 1177 5313 obtus,
1218 5192 1280 5313 les
1321 5192 1538 5313 portant
1579 5192 1868 5313 lentement
1910 5192 1941 5313 en
1992 5192 2178 5313 avant.

1110 5364 1194 5507 AC
1279 5364 1520 5507 HARIE
1592 5364 1893 5507 s’eſtant
1989 5364 2086 5507 mis
2146 5364 2194 5507 en
2267 5364 2580 5507 poſture
2640 5364 2700 5507 du

1085 5506 1254 5628 pied
1319 5506 1554 5628 droi
1606 5506 1697 5628 ſur
1763 5506 1802 5628 la
1867 5506 2088 5628 lettre
2206 5506 2258 5628 X,
2310 5506 2362 5628 le
2427 5506 2714 5628 gauche

1096 5632 1363 5754 devant
1414 5632 1465 5754 le
1542 5632 1758 5754 coing
1835 5632 1886 5754 du
2039 5632 2344 5754 Quadrat
2421 5632 2472 5754 du
2586 5632 2726 5754 Cer-

1089 5756 1235 5878 cle,
1321 5756 1370 5878 le
1467 5756 1651 5878 coſté
1724 5756 2017 5878 gauche
2090 5756 2445 5878 preſenté
2530 5756 2579 5878 en
2677 5756 2725 5878 a-

630 5875 843 5999 vant,
914 5875 950 5999 la
1032 5875 1174 5999 main
1257 5875 1553 5999 gauche
1612 5875 1766 5999 pres
1848 5875 1908 5999 du
1978 5875 2381 5999 pommeau
2475 5875 2534 5999 de
2582 5875 2712 5999 l’eſ-

620 6000 803 6117 pee,
865 6000 914 6117 la
999 6000 1281 6117 droie
1366 6000 1807 6117 (touchant
1856 6000 1905 6117 la
1979 6000 2321 6117 branche
2407 6000 2713 6117 d’icelle)

632 6121 911 6230 eſlevée
960 6121 972 6230 à
1021 6121 1057 6230 la
1118 6121 1457 6230 hauteur
1518 6121 1579 6230 de
1627 6121 1676 6230 ſa
1724 6121 1919 6230 teſte
1967 6121 1967 6230 à
2028 6121 2125 6230 ſon
2198 6121 2392 6230 coſté
2465 6121 2719 6230 droi;

615 6246 650 6370 il
709 6246 979 6370 attend
1049 6246 1226 6370 ainſi
1284 6246 1331 6370 ſa
1413 6246 1707 6370 partie.
1848 6246 2434 6370 ALEXANDRE
2505 6246 2704 6370 vient

617 6370 1053 6493 travaillerà
1100 6370 1572 6493 l’encontre,
1690 6370 1690 6493 &
1738 6370 1950 6493 apres
2009 6370 2210 6493 avoir
2292 6370 2387 6493 mis
2434 6370 2481 6493 le
2540 6370 2705 6493 pied

633 6491 928 6617 gauche
992 6491 992 6617 à
1069 6491 1107 6617 la
1159 6491 1389 6617 lettre
1492 6491 1556 6617 C,
1633 6491 1671 6617 en
1774 6491 1825 6617 ſe
1915 6491 2222 6617 dreſſant
2273 6491 2376 6617 ſur
2427 6491 2466 6617 le
2542 6491 2722 6617 pied

620 6616 935 6737 planté,
1023 6616 1048 6737 il
1137 6616 1376 6737 eſleve
1465 6616 1856 6737 enſemble
1919 6616 1969 6737 le
2045 6616 2209 6737 pied
2348 6616 2360 6737 &
2423 6616 2474 6737 le
2537 6616 2701 6737 bras

639 6733 867 6862 droi
927 6733 1107 6862 avec
1143 6733 1419 6862 l’eſpee
1479 6733 1527 6862 en
1611 6733 1828 6862 angle
1900 6733 2164 6862 obtus,
2224 6733 2320 6862 les
2392 6733 2704 6862 portant

618 6858 1065 6990 lentement
1139 6858 1189 6990 en
1276 6858 1549 6990 avant;
1648 6858 1835 6990 quoy
1909 6858 2070 6990 fai
2133 6858 2170 6990 il
2232 6858 2505 6990 attend
2567 6858 2604 6990 ſi
2667 6858 2704 6990 ſa

1049 1491 2569 1659 DECLARATION
2822 1491 3075 1659 DES
3309 1491 4653 1659 OPERATIONS

1296 1705 1394 1805 DV
1576 1705 2180 1805 TABLEAV
2376 1705 2896 1805 DIXIESME
3078 1705 3190 1805 DV
3331 1705 3850 1805 SECOND
4018 1705 4397 1805 LIVRE,

1496 1819 1562 1923 DE
1671 1819 1988 1923 L’ESPEE
2098 1819 2360 1923 SEVLE
2480 1819 2852 1923 CONTRE
2973 1819 3257 1923 L’ESPEE
3377 1819 3388 1923 A
3519 1819 3738 1923 DEVX
3891 1819 4154 1923 MAINS.
