5479 7714
2842 1310 3131 1430 Alexandre
3177 1310 3419 1430 s’avance
3477 1310 3593 1430 pour
3628 1310 3859 1430 ſujetter
3905 1310 4090 1430 l’eſpee
4159 1310 4194 1430 de
4252 1310 4286 1430 ſa
4344 1310 4564 1430 partie:
4633 1310 4737 1430 mais
4899 1310 4945 1430 a-

2924 1430 3096 1554 charie
3145 1430 3342 1554 s’eſſaye
3404 1430 3440 1554 de
3502 1430 3735 1554 regager
3772 1430 3809 1554 la
3858 1430 4178 1554 ſuperiorité
4215 1430 4436 1554 perdue;
4485 1430 4559 1554 qui
4608 1430 4731 1554 faict
4768 1430 4953 1554 qu’A-

2916 1563 3181 1682 lexandre
3250 1563 3526 1682 graduant
3584 1563 3768 1682 l’eſpee
3848 1563 3883 1682 de
3940 1563 4010 1682 ſon
4102 1563 4424 1682 Contraire,
4481 1563 4551 1682 luy
4608 1563 4838 1682 preſente
4884 1563 4930 1682 ſa

2916 1686 3086 1803 pointe
3143 1686 3178 1803 au
3234 1686 3416 1803 viſage
3473 1686 3599 1803 pour
3644 1686 3678 1803 le
3724 1686 3929 1803 bleſſer,
3985 1686 4031 1803 ou
4077 1686 4429 1803 contraindre
4475 1686 4486 1803 à
4532 1686 4714 1803 parer.
4850 1686 4941 1803 Za-

2918 1810 3101 1930 charie
3150 1810 3394 1930 hauſſant
3443 1810 3479 1930 ſa
3540 1810 3711 1930 pointe
3760 1810 3796 1930 la
3857 1810 3967 1930 mene
4028 1810 4028 1930 à
4089 1810 4150 1930 ſon
4223 1810 4345 1930 coſté
4406 1810 4637 1930 gauche,
4759 1810 4759 1930 &
4808 1810 4930 1930 pare

2915 1936 3029 2053 celle
3086 1936 3120 2053 de
3166 1936 3211 2053 ſa
3257 1936 3520 2053 partie.

1287 924 1599 1088 Cercle
1821 924 2066 1088 N.3.

567 1161 821 1283 Zacharie
867 1161 1098 1283 pourſuit
1145 1161 1202 1283 ſon
1249 1161 1607 1283 eſtramaçon,
1711 1161 1711 1283 &
1803 1161 2092 1283 Alexandre
2138 1161 2230 1283 par
2288 1161 2323 1283 la
2381 1161 2658 1283 continua-

660 1285 750 1409 tion
814 1285 840 1409 de
878 1285 917 1409 ſa
968 1285 1354 1409 circonference
1393 1285 1573 1409 hauſſe
1611 1285 1676 1409 ſon
1727 1285 1894 1409 eſpee,
2036 1285 2177 1409 bleſſe
2229 1285 2267 1409 ſa
2332 1285 2512 1409 partie
2563 1285 2563 1409 à
2627 1285 2666 1409 la

665 1412 859 1534 gorge;
916 1412 1018 1534 puis
1075 1412 1360 1534 augmente
1394 1412 1462 1534 ſon
1508 1412 1644 1534 coup.

1027 1607 1027 1728 E
1165 1607 1404 1728 Cercle
1504 1607 1868 1728 contient
1943 1607 1981 1728 la
2081 1607 2496 1728 pourſuite
2646 1607 2646 1728 &

990 1733 1470 1860 l’execution
1573 1733 1687 1860 des
1755 1733 2213 1860 operations
2281 1733 2396 1860 des
2453 1733 2647 1860 deux

1031 1856 1322 1978 Cercles
1371 1856 1869 1978 precedens;
1991 1856 2440 1978 cependant
2513 1856 2647 1978 que

1038 1984 1502 2103 ZACHARIE
1550 1984 1904 2103 pourſuit
1953 1984 2501 2103 l’eſtramaçon
2587 1984 2648 2103 cy

547 2101 784 2211 deſſus
856 2101 1365 2211 mentionné,
1495 2101 2029 2211 ALEXANDRE
2100 2101 2455 2211 hauſſant
2526 2101 2633 2211 ſon

532 2233 742 2353 eſpee
811 2233 963 2353 (par
1032 2233 1079 2353 la
1160 2233 1707 2353 continuation
1800 2233 1858 2353 du
1951 2233 2498 2353 mouvement,
2532 2233 2649 2353 par

517 2356 792 2482 lequel
827 2356 863 2482 il
923 2356 923 2482 à
1006 2356 1209 2482 mene
1257 2356 1364 2482 ſon
1448 2356 1651 2482 eſpee
1722 2356 1770 2482 en
1865 2356 2474 2482 circonference
2534 2356 2653 2482 par

522 2479 572 2604 le
661 2479 1028 2604 deſſoubs
1117 2479 1180 2604 de
1269 2479 1434 2604 celle
1510 2479 1573 2604 de
1636 2479 1674 2604 ſa
1750 2479 2054 2604 partie)
2130 2479 2295 2604 leve
2358 2479 2409 2604 le
2485 2479 2650 2604 pied

529 2609 856 2732 gauche,
940 2609 989 2732 en
1086 2609 1473 2732 avançant
1557 2609 1932 2732 derechef
1993 2609 2041 2732 le
2126 2609 2344 2732 corps
2428 2609 2658 2732 (qu’il

521 2734 733 2856 avoit
780 2734 839 2856 au
922 2734 1288 2856 paravant
1347 2734 1607 2856 retiré)
1701 2734 1713 2856 &
1772 2734 1996 2856 bleſſe
2067 2734 2197 2856 d’un
2268 2734 2433 2856 bras
2516 2734 2646 2856 mo-

548 2858 953 2979 derement
1015 2858 1310 2979 eſtandu
1383 2858 1420 2979 ſa
1482 2858 1715 2979 partie
1777 2858 1777 2979 à
1838 2858 1875 2979 la
1949 2858 2231 2979 gorge;
2293 2858 2453 2979 puis
2502 2858 2662 2979 (de-

528 2983 700 3107 vant
780 2983 906 3107 que
986 2983 1032 3107 le
1158 2983 1673 3107 mouvement
1753 2983 1810 3107 de
1879 2983 2417 3107 l’eſtramaçon
2508 2983 2646 3107 ſoit

520 3111 698 3231 fini)
761 3111 1116 3231 plantant
1180 3111 1230 3231 le
1281 3111 1459 3231 pied
1522 3111 1751 3231 eſlevé
1814 3111 1928 3231 par
2004 3111 2169 3231 deça
2233 3111 2284 3231 le
2385 3111 2664 3231 Diame-

533 3236 628 3359 tre
688 3236 855 3359 pres
914 3236 974 3359 de
1022 3236 1069 3359 la
1117 3236 1355 3359 lettre
1427 3236 1463 3359 L,
1534 3236 1796 3359 tenant
1844 3236 1892 3359 le
1963 3236 2189 3359 genou
2261 3236 2523 3359 roide,
2642 3236 2642 3359 &

532 3358 935 3481 penchant
984 3358 1033 3481 le
1106 3358 1314 3481 corps
1387 3358 1620 3481 deſſus
1669 3358 1852 3481 avec
1913 3358 1962 3481 le
2023 3358 2219 3481 coſté
2304 3358 2536 3481 droi
2610 3358 2659 3481 a-

530 3485 795 3608 vancé,
864 3485 887 3608 il
945 3485 1302 3608 pourſuit
1417 3485 1417 3608 &
1475 3485 1809 3608 execute
1867 3485 1959 3608 ſon
2051 3485 2236 3608 coup
2316 3485 2363 3608 en
2455 3485 2651 3608 com-

549 3609 835 3736 mencé;
897 3609 1196 3736 comme
1245 3609 1282 3736 il
1332 3609 1606 3736 appert
1655 3609 1804 3736 aux
1842 3609 2177 3736 figures.

557 4435 805 4563 Zacharie
853 4435 1066 4563 s’eſtant
1125 4435 1196 4563 mis
1231 4435 1267 4563 en
1326 4435 1527 4563 poſture
1586 4435 1610 4563 le
1657 4435 1799 4563 corps
1846 4435 2355 4563 perpendiculaire,
2402 4435 2426 4563 il
2461 4435 2662 4563 preſen-

638 4563 683 4685 te
716 4563 783 4685 ſon
827 4563 961 4685 eſpee
1028 4563 1184 4685 (avec
1217 4563 1284 4685 les
1339 4563 1462 4685 deux
1506 4563 1618 4685 bras
1662 4563 1940 4685 eſtandus)
1996 4563 2029 4685 la
2085 4563 2252 4685 pointe
2308 4563 2653 4685 adcendente.

690 4685 979 4812 Alexandre
1034 4685 1223 4812 tenant
1267 4685 1300 4812 le
1345 4685 1444 4812 bras
1544 4685 1555 4812 &
1611 4685 1744 4812 eſpee
1810 4685 2154 4812 moderement
2221 4685 2487 4812 eſtandus,
2542 4685 2664 4812 fait

641 4818 728 4941 une
772 4818 1165 4941 circonference
1220 4818 1252 4941 de
1296 4818 1329 4941 ſa
1373 4818 1558 4941 lame;
1624 4818 1722 4941 puis
1776 4818 2017 4941 accouple
2060 4818 2082 4941 le
2148 4818 2290 4941 milieu
2377 4818 2563 4941 d’icelle
2617 4818 2661 4941 au

647 4943 792 5063 foible
853 4943 889 5063 de
938 4943 1047 5063 celle
1107 4943 1132 5063 de
1180 4943 1216 5063 ſa
1265 4943 1531 5063 partie.

1018 5131 1438 5259 ACHARIE
1510 5131 1809 5259 s’eſtant
1905 5131 2001 5259 mis
2085 5131 2133 5259 en
2229 5131 2541 5259 poſture
2601 5131 2661 5259 le

1001 5259 1171 5383 pied
1262 5259 1485 5383 droi
1563 5259 1812 5383 planté
1877 5259 1982 5383 ſur
2047 5259 2086 5383 la
2152 5259 2387 5383 lettre
2505 5259 2544 5383 X,
2609 5259 2662 5383 le

1010 5383 1302 5510 gauche
1353 5383 1518 5510 pres
1594 5383 1657 5510 du
1759 5383 1898 5510 coin
2000 5383 2051 5510 du
2191 5383 2546 5510 Quadrat;
2610 5383 2660 5510 le

1009 5509 1230 5639 corps
1291 5509 2261 5639 perpendiculairement
2334 5509 2555 5639 erigé,
2616 5509 2666 5639 a-

545 5632 669 5763 vec
731 5632 830 5763 les
892 5632 1066 5763 bras
1153 5632 1550 5763 eſtandus,
1612 5632 1649 5763 il
1698 5632 2058 5763 preſente
2108 5632 2207 5763 ſon
2306 5632 2517 5763 eſpee
2579 5632 2653 5763 (la

535 5760 806 5891 pointe
892 5760 1175 5891 d’icelle
1237 5760 1791 5891 adcendente,
1889 5760 1889 5891 &
1951 5760 2443 5891 reſpondant
2530 5760 2677 5891 deſ-

532 5888 642 6016 ſus
691 5888 740 6016 le
837 5888 1252 6016 Diametre)
1325 5888 1325 6016 à
1399 5888 1435 6016 ſa
1521 5888 1789 6016 partie,
1874 5888 2301 6016 attendant
2374 5888 2435 6016 ce
2509 5888 2679 6016 qu’il

544 6015 831 6114 voudra
911 6015 1117 6114 faire.
1220 6015 1357 6114 ALE
1449 6015 1850 6114 XANDRE
1919 6015 2182 6114 tenant
2251 6015 2297 6114 le
2377 6015 2537 6114 bras
2652 6015 2663 6114 &

536 6134 808 6266 l’eſpee
926 6134 1481 6266 moderement
1564 6134 1931 6266 eſtandus
2013 6134 2167 6266 vers
2250 6134 2356 6266 ſon
2475 6134 2664 6266 coſté

555 6260 907 6393 gauche,
970 6260 1021 6393 le
1084 6260 1260 6393 pied
1348 6260 1574 6393 droi
1637 6260 2128 6393 reſpondant
2191 6260 2254 6393 au
2355 6260 2493 6393 coin
2594 6260 2644 6393 du

601 6389 962 6521 Quadrat,
1024 6389 1285 6521 plante
1348 6389 1447 6521 (en
1522 6389 1845 6521 baiſſant
1957 6389 1957 6521 &
2044 6389 2330 6521 menant
2404 6389 2504 6521 ſon
2603 6389 2678 6521 eſ-

557 6512 690 6642 pee
763 6512 811 6642 en
908 6512 1513 6642 circonference
1573 6512 1694 6642 par
1791 6512 2142 6642 deſſoubs
2226 6512 2396 6642 celle
2480 6512 2541 6642 de
2613 6512 2650 6642 ſa

561 6638 857 6770 partie)
948 6638 999 6770 le
1077 6638 1373 6770 gauche
1450 6638 1682 6770 eſlevé
1747 6638 1850 6770 ſur
1914 6638 1953 6770 la
2018 6638 2250 6770 lettre
2353 6638 2404 6770 C;
2508 6638 2675 6770 puis

574 6761 889 6894 dreſſant
940 6761 990 6894 le
1066 6761 1280 6894 corps
1331 6761 1432 6894 ſur
1482 6761 1533 6894 le
1596 6761 1886 6894 gauche
1936 6761 2227 6894 planté,
2290 6761 2327 6894 il
2391 6761 2681 6894 accou-

563 6892 663 7022 ple
725 6892 1088 7022 le-milieu
1175 6892 1238 7022 de
1313 6892 1413 7022 ſon
1513 6892 1713 7022 eſpee
1813 6892 2126 7022 (tenant
2176 6892 2213 7022 ſa
2301 6892 2513 7022 garde
2601 6892 2651 7022 en

578 7016 854 7145 dehors
904 7016 1054 7145 vers
1117 7016 1217 7145 ſon
1292 7016 1493 7145 coſté
1555 7016 1818 7145 droi,
1943 7016 1943 7145 &
1994 7016 2031 7145 la
2094 7016 2369 7145 pointe
2444 7016 2495 7145 en
2570 7016 2682 7145 de-

2832 509 2995 634 dans
3046 509 3058 634 à
3133 509 3460 634 gauche,
3510 509 3711 634 pour
3787 509 3963 634 eſtre
4025 509 4314 634 aſſeuré
4377 509 4440 634 de
4490 509 4540 634 la
4591 509 4942 634 ſuperio-

2817 634 2996 760 rité)
3060 634 3111 760 au
3201 634 3444 760 foible
3508 634 3572 760 de
3636 634 3816 760 celle
3892 634 3944 760 de
4008 634 4046 760 ſa
4110 634 4379 760 partie,
4469 634 4802 760 eſſayant
4853 634 4943 760 s’il

2812 755 2850 886 la
2913 755 3190 886 pourra
3265 755 3656 886 ſujetter;
3769 755 4071 886 comme
4134 755 4172 886 il
4247 755 4335 886 eſt
4411 755 4763 886 preſenté
4826 755 4939 886 par

2812 887 2903 1009 les
2956 887 3283 1009 figures.

3542 1080 3860 1238 Cercle
4087 1080 4359 1238 N.5.

3317 5887 3317 6006 E
3444 5887 3686 6006 Cercle
3787 5887 4143 6006 contient
4245 5887 4296 6006 la
4385 5887 4792 6006 pourſuite
4944 5887 4944 6006 &

3276 6013 3752 6129 l’execution
3844 6013 3960 6129 des
4030 6013 4215 6129 deux
4273 6013 4760 6129 precedens.
4888 6013 4957 6129 A-

3294 6136 3754 6261 LEXANDRE
3837 6136 4120 6261 voyant
4179 6136 4450 6261 l’eſpee
4533 6136 4603 6261 de
4674 6136 4710 6261 ſa
4792 6136 4945 6261 par-

3282 6262 3366 6366 tie
3438 6262 3546 6366 ſur
3606 6262 3654 6366 le
3726 6262 3870 6366 fort
3955 6262 4015 6366 de
4087 6262 4123 6366 la
4207 6262 4519 6366 ſienne,
4592 6262 4832 6366 eſleve
4892 6262 4940 6366 le

2815 6387 2987 6512 pied
3049 6387 3381 6512 gauche,
3479 6387 3491 6512 &
3528 6387 3971 6512 l’avançant
4045 6387 4439 6512 enſemble
4488 6387 4672 6512 avec
4721 6387 4771 6512 le
4844 6387 4955 6512 co-

2815 6513 2930 6639 ſté,
2994 6513 3020 6639 il
3071 6513 3289 6639 porte
3366 6513 3840 6639 egallement
3891 6513 3930 6639 ſa
4007 6513 4225 6639 garde
4289 6513 4340 6639 en
4430 6513 4712 6639 dehors
4763 6513 4776 6639 à
4827 6513 4929 6639 ſon

2823 6639 3015 6763 coſté
3099 6639 3387 6763 droi,
3483 6639 3663 6763 avec
3723 6639 3759 6763 la
3830 6639 4106 6763 pointe
4190 6639 4226 6763 en
4334 6639 4622 6763 dedans
4694 6639 4850 6763 vers
4886 6639 4933 6763 la

2821 6766 3009 6890 veuë
3092 6766 3150 6890 de
3221 6766 3268 6890 ſa
3350 6766 3633 6890 partie.
3774 6766 4221 6890 ZACHARIE
4303 6766 4821 6890 remarquant
4892 6766 4950 6890 le

2827 6891 3109 7017 danger
3160 6891 3454 7017 auquel
3505 6891 3543 7017 il
3607 6891 3722 7017 eſt,
3786 6891 3799 7017 à
3876 6891 4080 7017 cauſe
4144 6891 4208 7017 de
4247 6891 4298 7017 la
4362 6891 4630 7017 pointe
4707 6891 4771 7017 de
4822 6891 4924 7017 ſon

2858 7018 3244 7145 Contraire
3295 7018 3334 7145 ſi
3385 7018 3669 7145 proche
3759 7018 3823 7145 de
3875 7018 3913 7145 ſa
3978 7018 4210 7145 veuë,
4326 7018 4326 7145 &
4403 7018 4557 7145 qu’il
4622 7018 4763 7145 ſera
4828 7018 4944 7145 ne-

4610 7148 4957 7239 ceſſaire-

3296 2132 3816 2250 LEXANDRE
3875 2132 4407 2250 pourſuivant
4443 2132 4904 2250 l’operation

3272 2256 3904 2373 encommencée
3985 2256 4161 2373 leve
4231 2256 4290 2373 le
4383 2256 4547 2373 pied
4641 2256 4921 2373 droi,

3258 2379 3699 2495 l’avançant
3790 2379 4186 2495 enſemble
4265 2379 4446 2495 avec
4514 2379 4570 2495 le
4650 2379 4921 2495 corps,

3260 2505 3452 2628 pour
3500 2505 3836 2628 ſujetter
3872 2505 4147 2628 l’eſpee
4219 2505 4279 2628 de
4327 2505 4363 2628 ſa
4435 2505 4711 2628 partie:
4771 2505 4927 2628 mais

2841 2631 3284 2750 ZACHARIE
3366 2631 3890 2750 remarquant
3971 2631 4484 2750 l’advantage
4589 2631 4717 2750 que
4810 2631 4903 2750 ſon

2834 2755 3226 2872 Contraire
3299 2755 3299 2872 à
3385 2755 3667 2872 gagnée
3741 2755 3851 2872 ſur
3913 2755 4011 2872 ſon
4096 2755 4342 2872 eſpee,
4403 2755 4403 2872 à
4477 2755 4685 2872 cauſe
4759 2755 4820 2872 de
4881 2755 4918 2872 la

2794 2882 3307 2996 ſuperiorité,
3375 2882 3855 2996 commence
3934 2882 3980 2996 en
4071 2882 4402 2996 baiſſant
4459 2882 4927 2996 lentement

2797 3003 2833 3122 ſa
2943 3003 3163 3122 garde
3225 3003 3237 3122 à
3310 3003 3616 3122 hauſſer
3689 3003 3738 3122 ſa
3824 3003 4093 3122 pointe
4240 3003 4252 3122 &
4350 3003 4594 3122 (pour
4692 3003 4937 3122 mieux

2801 3131 3186 3246 regagner
3234 3131 3282 3246 la
3355 3131 3836 3246 ſuperiorité
3884 3131 4246 3246 perdue)
4330 3131 4342 3246 à
4450 3131 4679 3246 mener
4751 3131 4932 3246 avec

2787 3255 2892 3371 ſon
2973 3255 3230 3371 eſpee,
3276 3255 3451 3371 celle
3521 3255 3591 3371 de
3637 3255 3742 3371 ſon
3847 3255 4243 3371 Contraire
4313 3255 4359 3371 en
4441 3255 4720 3371 dehors
4779 3255 4942 3371 vers

2788 3380 2848 3499 le
2907 3380 3098 3499 coſté
3181 3380 3514 3499 gauche.
3633 3380 4229 3499 ALEXANDRE
4300 3380 4634 3499 prenant
4717 3380 4931 3499 garde

2796 3503 2851 3621 au
2961 3503 3478 3621 mouvement
3566 3503 3632 3621 de
3698 3503 3742 3621 ſa
3819 3503 4083 3621 partie,
4161 3503 4458 3621 avance
4513 3503 4568 3621 au
4678 3503 4931 3621 meſme

2804 3629 3058 3750 temps
3109 3629 3159 3750 le
3223 3629 3426 3750 coſté
3553 3629 3553 3750 &
3604 3629 3654 3750 le
3705 3629 3870 3750 pied
3946 3629 4238 3750 droi,
4353 3629 4365 3750 &
4429 3629 4467 3750 en
4556 3629 4937 3750 graduant

2792 3757 3073 3874 l’eſpee
3147 3757 3208 3874 de
3257 3757 3355 3874 ſon
3465 3757 3894 3874 Contraire,
3931 3757 3968 3874 il
4041 3757 4237 3874 mene
4286 3757 4335 3874 ſa
4396 3757 4715 3874 poine
4776 3757 4936 3874 vers

2805 3879 2856 4003 le
2919 3879 3147 4003 viſage
3236 3879 3566 4003 d’iceluy
3617 3879 3807 4003 pour
3845 3879 3921 4003 l’y
3984 3879 4289 4003 bleſſer,
4365 3879 4416 4003 ou
4479 3879 4530 4003 le
4606 3879 4936 4003 cõtrain-

2817 4008 2929 4127 dre
2979 4008 2979 4127 à
3042 4008 3279 4127 parer;
3317 4008 3479 4127 puis
3529 4008 3892 4127 plantant
3929 4008 3992 4127 le
4042 4008 4217 4127 pied
4279 4008 4517 4127 droi
4567 4008 4667 4127 ſur
4717 4008 4754 4127 la
4817 4008 4954 4127 let-

2803 4133 2901 4249 tre
3011 4133 3047 4249 H,
3096 4133 3133 4249 il
3181 4133 3376 4249 laiſſe
3425 4133 3669 4249 ſuivre
3718 4133 3766 4249 le
3827 4133 4120 4249 gauche
4193 4133 4242 4249 en
4327 4133 4936 4249 circonference

2816 4257 3021 4375 entre
3082 4257 3179 4375 les
3227 4257 3505 4375 lettres
3589 4257 3710 4375 FE.
3831 4257 3831 4375 Z
3892 4257 4278 4375 ACHARIE
4339 4257 4689 4375 hauſſant
4750 4257 4943 4375 pour

2802 4382 2852 4500 ſe
2926 4382 3335 4500 deffendre
3384 4382 3434 4500 ſa
3496 4382 3793 4500 pointe,
3817 4382 3855 4500 il
3892 4382 3941 4500 la
4028 4382 4226 4500 mene
4275 4382 4288 4500 à
4337 4382 4436 4500 ſon
4523 4382 4721 4500 coſté
4783 4382 4956 4500 gau-

2814 4509 2968 4627 che,
3050 4509 3121 4627 de
3180 4509 3369 4627 ſorte
3451 4509 3723 4627 qu’elle
3793 4509 4135 4627 reſpond
4218 4509 4430 4627 entre
4489 4509 4584 4627 les
4654 4509 4938 4627 lettres

2843 4636 2843 4754 L
2969 4636 3019 4754 M,
3133 4636 3146 4754 &
3196 4636 3373 4754 pare
3423 4636 3537 4754 par
3600 4636 3663 4754 ce
3752 4636 3992 4754 moyen
4080 4636 4358 4754 l’eſpee
4434 4636 4497 4754 de
4560 4636 4598 4754 ſa
4661 4636 4939 4754 partie;

2815 4764 3115 4882 comme
3196 4764 3242 4882 on
3323 4764 3507 4882 peut
3565 4764 3715 4882 voir
3761 4764 3900 4882 aux
3946 4764 4281 4882 figures.

3519 4968 3845 5133 Cercle
4280 4968 4345 5133 6.

2842 5198 3135 5318 Alexandre
3182 5198 3382 5318 voyant
3418 5198 3606 5318 l’eſpee
3664 5198 3700 5318 de
3735 5198 3782 5318 ſa
3829 5198 3994 5318 partie
4041 5198 4111 5318 ſur
4158 5198 4182 5318 le
4229 5198 4323 5318 fort
4382 5198 4417 5318 de
4464 5198 4499 5318 la
4558 5198 4746 5318 ſienne,
4805 5198 4946 5318 porte

2921 5325 2954 5441 ſa
2998 5325 3175 5441 pointe
3220 5325 3330 5441 vers
3375 5325 3419 5441 ſa
3474 5325 3629 5441 veuë.
3751 5325 3994 5441 Zacharie
4038 5325 4072 5441 ſe
4127 5325 4304 5441 voyant
4348 5325 4392 5441 en
4448 5325 4481 5441 ce
4558 5325 4769 5441 danger,
4835 5325 4946 5441 con-

2925 5450 3063 5564 tinue
3105 5450 3169 5564 ſon
3244 5450 3563 5564 mouvement
3605 5450 3988 5564 encommencé.
4084 5450 4382 5564 Alexandre
4435 5450 4594 5564 ſaiſiſt
4658 5450 4690 5564 de
4733 5450 4765 5564 la
4828 5450 4945 5564 main

2939 5578 3137 5696 gauche
3187 5578 3212 5696 la
3286 5578 3435 5696 garde
3484 5578 3521 5696 de
3559 5578 3596 5696 ſa
3645 5578 3844 5696 partie,
3943 5578 3943 5696 &
3993 5578 4067 5696 luy
4104 5578 4340 5696 preſente
4402 5578 4637 5696 derechef
4699 5578 4736 5696 ſa
4786 5578 4959 5696 pointe

2938 5710 2938 5792 à
2993 5710 3025 5792 la
3069 5710 3211 5792 veuë.

563 511 922 636 deſſoubs
986 511 1165 636 celle
1242 511 1293 636 de
1357 511 1396 636 ſa
1460 511 1729 636 partie,
1767 511 1806 636 il
1857 511 2088 636 eſvite
2126 511 2177 636 le
2254 511 2433 636 coup
2510 511 2677 636 qu’il

538 638 658 764 luy
743 638 1044 764 penſoit
1116 638 1442 764 porter;
1550 638 1851 764 comme
1912 638 2020 764 les
2092 638 2382 764 figures
2478 638 2671 764 mon-

535 768 809 858 ſtrent.

1284 4209 1581 4374 Cercle
1878 4209 2026 4374 .4.
