5479 7714
2848 2123 3087 2242 Zacharie
3134 2123 3158 2242 ſe
3206 2123 3468 2242 trouvant
3504 2123 3540 2242 en
3599 2123 3790 2242 danger
3838 2123 3838 2242 à
3886 2123 4029 2242 cauſe
4077 2123 4112 2242 de
4160 2123 4220 2242 ſon
4268 2123 4399 2242 eſpee
4458 2123 4697 2242 ſujettée,
4733 2123 4900 2242 hauſſe

2928 2252 2962 2363 ſa
3040 2252 3184 2363 garde
3240 2252 3351 2363 avec
3407 2252 3618 2363 quelque
3674 2252 3808 2363 force
3852 2252 4041 2363 comme
4097 2252 4308 2363 voulant
4364 2252 4653 2363 reſujetter
4720 2252 4898 2363 l’eſpee

2949 2374 2971 2487 de
3015 2374 3059 2487 ſa
3092 2374 3313 2487 partie:
3390 2374 3490 2487 mais
3589 2374 3876 2487 Alexandre
3920 2374 4042 2487 pour
4075 2374 4274 2487 retenir
4329 2374 4362 2487 ſa
4417 2374 4738 2487 ſuperiorité
4782 2374 4903 2487 faict

2933 2495 3082 2610 effort
3128 2495 3140 2610 à
3186 2495 3496 2610 l’encontre,
3542 2495 3623 2610 qui
3657 2495 3783 2610 fait
3829 2495 3910 2610 que
3990 2495 4232 2610 Zacharie
4278 2495 4347 2610 luy
4404 2495 4530 2610 donne
4588 2495 4691 2610 d’un
4737 2495 4898 2610 eſtra-

2955 2619 3103 2728 maçon
3148 2619 3228 2728 ſur
3262 2619 3296 2728 la
3341 2619 3546 2728 teſte.

3295 2784 3307 2917 E
3406 2784 3654 2917 Cercle
3703 2784 3827 2917 ſert
3876 2784 4322 2917 ſeulement
4384 2784 4569 2917 pour
4631 2784 4680 2917 ſe
4767 2784 4903 2917 gar-

3288 2919 3382 3036 der
3452 2919 3652 3036 d’une
3699 2919 3957 3036 faute,
4016 2919 4357 3036 laquelle
4416 2919 4474 3036 on
4545 2919 4897 3036 pourroit

3263 3045 3639 3131 aiſement
3695 3045 3739 3131 en
3817 3045 4094 3131 ſembla
4138 3045 4249 3131 ble
4304 3045 4636 3131 occaſion
4725 3045 4913 3131 com-

3300 3167 3548 3264 mettre
3616 3167 3638 3264 ſi
3717 3167 3763 3264 on
3842 3167 3977 3264 n’en
4056 3167 4271 3264 eſtoit
4338 3167 4688 3264 adverti,
4801 3167 4903 3264 ZA-

2835 3288 3135 3406 CHARIE
3193 3288 3251 3406 ſe
3320 3288 3690 3406 trouvant
3770 3288 4024 3406 doncq
4094 3288 4140 3406 en
4232 3288 4498 3406 danger
4555 3288 4671 3406 par
4705 3288 4763 3406 le
4809 3288 4902 3406 ſu-

2804 3412 3244 3533 jettement
3325 3412 3383 3533 de
3453 3412 3499 3533 ſa
3568 3412 3858 3533 partie,
3927 3412 4356 3533 augmente
4425 3412 4471 3533 en
4564 3412 4911 3533 hauſſant

2812 3535 2859 3652 ſa
2941 3535 3153 3652 garde
3223 3535 3399 3652 avec
3470 3535 3810 3652 quelque
3857 3535 4057 3652 force
4104 3535 4163 3652 le
4221 3535 4668 3652 ſentiment,
4726 3535 4914 3652 com-

2841 3658 2924 3774 me
2984 3658 3067 3774 s’il
3138 3658 3436 3774 vouloit
3483 3658 3685 3774 lever
3816 3658 3816 3774 &
3876 3658 4304 3774 reſujetter
4363 3658 4625 3774 l’eſpee
4720 3658 4780 3774 de
4851 3658 4899 3774 ſa

2812 3781 3109 3899 partie:
3208 3781 3350 3899 mais
3449 3781 3987 3899 ALEXANDRE
4053 3781 4130 3899 ne
4207 3781 4514 3899 voulant
4569 3781 4690 3899 pas
4745 3781 4899 3899 per-

2831 3899 2942 4020 dre
3004 3899 3041 4020 la
3115 3899 3574 4020 ſuperiorité
3660 3899 4019 4020 gaignée,
4081 3899 4242 4020 fai
4316 3899 4539 4020 effort
4601 3899 4774 4020 avec
4849 3899 4898 4020 le

2818 4027 2988 4143 bras
3061 4027 3352 4143 eſtandu
3425 4027 3691 4143 contre
3728 4027 3995 4143 l’eſpee
4080 4027 4140 4143 de
4189 4027 4225 4143 ſa
4286 4027 4553 4143 partie,
4601 4027 4795 4143 pour
4844 4027 4892 4143 la

2816 4150 3001 4251 tenir
3105 4150 3451 4251 deſſoubs
3520 4150 3555 4251 la
3647 4150 3936 4251 ſienne.
4074 4150 4074 4251 Z
4132 4150 4525 4251 ACHARIE
4605 4150 4905 4251 tresbu-

2830 4272 3048 4393 chant
3085 4272 3121 4393 la
3206 4272 3448 4393 deſſus
3509 4272 3557 4393 du
3654 4272 3896 4393 corps,
3945 4272 4320 4393 avançant
4369 4272 4417 4393 le
4490 4272 4672 4393 coſté
4744 4272 4902 4393 gau-

2832 4394 2956 4517 che
3079 4394 3079 4517 &
3140 4394 3485 4517 hauſſant
3559 4394 3596 4517 ſa
3670 4394 3916 4517 garde,
3978 4394 4015 4517 il
4089 4394 4286 4517 mene
4347 4394 4446 4517 ſon
4544 4394 4754 4517 eſpée
4840 4394 4877 4517 en

2830 4517 3418 4637 circonference
3491 4517 3551 4637 de
3623 4517 3983 4637 deſſoubs
4043 4517 4212 4637 celle
4284 4517 4344 4637 de
4392 4517 4428 4637 ſa
4488 4517 4728 4637 partie
4788 4517 4897 4637 par

2842 4642 3071 4757 deſſus
3119 4642 3156 4757 ſa
3216 4642 3445 4757 teſte;
3542 4642 3554 4757 &
3626 4642 3952 4757 donnant
4012 4642 4073 4757 un
4157 4642 4628 4757 eſtramaçon
4700 4642 4797 4757 ſur
4857 4642 4905 4757 la

2819 4765 3006 4884 teſte
3068 4765 3131 4884 de
3181 4765 3280 4884 ſon
3393 4765 3804 4884 Contraire,
3879 4765 3916 4884 Il
3966 4765 4216 4884 plante
4278 4765 4328 4884 le
4390 4765 4553 4884 pied
4615 4765 4902 4884 gauche

2819 4889 2983 5009 pres
3033 4889 3071 5009 la
3121 4889 3348 5009 lettre
3449 4889 3499 5009 Q;
3587 4889 3877 5009 comme
3927 4889 3965 5009 il
4002 4889 4279 5009 appert
4330 4889 4468 5009 aux
4518 4889 4833 5009 figures.

3521 5456 3840 5612 Cercle
4052 5456 4329 5612 N.10.

2829 5667 3006 5795 Comme
3094 5667 3337 5795 Cacharie
3381 5667 3492 5795 veut
3558 5667 3724 5795 donner
3757 5667 3823 5795 ſon
3867 5667 3978 5795 coup
4066 5667 4486 5795 d’eſtramaçon,
4607 5667 4895 5795 Alexandre

2921 5796 3070 5915 joint
3116 5796 3139 5915 le
3185 5796 3334 5915 corps
3369 5796 3415 5915 au
3483 5796 3587 5915 bras
3621 5796 3747 5915 pour
3782 5796 3805 5915 le
3851 5796 4172 5915 ſoubstenir,
4286 5796 4286 5915 &
4344 5796 4459 5915 ainſi
4493 5796 4573 5915 que
4654 5796 4895 5915 Zacharie

2923 5922 3156 6048 continue
3198 5922 3261 6048 ſon
3335 5922 3483 6048 coup,
3621 5922 3906 6048 Alexandre
3970 5922 4076 6048 mene
4139 5922 4203 6048 ſon
4245 5922 4382 6048 eſpee
4425 5922 4456 6048 en
4509 5922 4890 6048 circonference

2936 6041 3023 6162 par
3072 6041 3296 6162 deſſoubs
3345 6041 3457 6162 celle
3507 6041 3544 6162 de
3581 6041 3619 6162 ſa
3668 6041 3916 6162 partie,
4028 6041 4028 6162 &
4078 6041 4140 6162 luy
4190 6041 4438 6162 preſente.
4475 6041 4512 6162 ſa
4574 6041 4748 6162 pointe
4810 6041 4823 6162 à
4860 6041 4897 6162 la

2927 6168 3206 6307 poitrine,
3262 6168 3363 6307 puis
3397 6168 3430 6307 le
3475 6168 3609 6307 perce
3654 6168 3654 6307 à
3699 6168 3923 6307 travers
3967 6168 3990 6307 le
4034 6168 4202 6307 corps.

3529 1878 3837 2041 Cercle
4035 1878 4299 2041 N.9.

2835 405 3208 545 contraire
3281 405 3462 545 pour
3522 405 3558 545 la
3618 405 3968 545 ſujetter,
4076 405 4076 545 &
4149 405 4414 545 appres
4462 405 4667 545 avoir
4739 405 4908 545 fai

2814 537 2916 665 ies
2985 537 3281 665 aions
3349 537 3793 665 contenues
3872 537 4123 665 audi
4225 537 4464 665 Cercle
4544 537 4589 665 4.
4646 537 4692 665 il
4748 537 4908 665 leve

2830 661 3132 792 comme
3199 661 3255 792 au
3356 661 4072 792 commencement
4150 661 4206 792 du
4318 661 4553 792 Cercle
4665 661 4698 792 N.
4754 661 4788 792 5.
4855 661 4900 792 le

2824 786 2986 911 pied
3060 786 3322 911 droi,
3421 786 3434 911 &
3496 786 3546 911 en
3596 786 4031 911 l’avançant
4094 786 4131 911 il
4193 786 4467 911 ſujette
4504 786 4766 911 l’eſpee
4828 786 4903 911 de

2823 911 2872 1037 ſa
2945 911 3224 1037 partie,
3285 911 3637 1037 plantant
3698 911 3747 1037 le
3820 911 3990 1037 pied
4063 911 4281 1037 eſlevé
4342 911 4354 1037 à
4427 911 4476 1037 la
4524 911 4755 1037 lettre
4853 911 4913 1037 L;

2819 1034 2975 1163 puis
3034 1034 3070 1163 il
3118 1034 3393 1163 tourne
3441 1034 3501 1163 le
3560 1034 3751 1163 coſté
3811 1034 4098 1163 gauche
4146 1034 4242 1163 (en
4313 1034 4612 1163 laiſſant
4660 1034 4899 1163 ſuivre

2803 1158 2863 1274 le
2911 1158 3091 1274 pied
3151 1158 3439 1274 gauche
3498 1158 3702 1274 entre
3750 1158 3858 1274 les
3906 1158 4181 1274 lettres
4265 1158 4277 1274 D
4385 1158 4409 1274 G,
4457 1158 4565 1274 )un
4625 1158 4745 1274 peu
4841 1158 4876 1274 en

2813 1286 3079 1406 avant.
3218 1286 3680 1406 ZACHARIE
3738 1286 4085 1406 (laiſſant
4142 1286 4235 1406 les
4316 1286 4570 1406 eſpees
4639 1286 4917 1406 accou-

2815 1405 3015 1526 plées
3086 1405 3134 1526 ou
3240 1405 3807 1526 ALEXANDRE
3855 1405 3949 1526 les
3996 1405 3996 1526 à
4067 1405 4410 1526 portées)
4457 1405 4705 1526 hauſſe
4764 1405 4906 1526 ſeu-

2803 1526 3102 1655 lement
3150 1526 3341 1655 pour
3388 1526 3436 1655 ſa
3508 1526 3854 1655 deffence
3914 1526 3973 1655 un
4045 1526 4236 1655 petit
4284 1526 4320 1655 ſa
4403 1526 4654 1655 garde;
4714 1526 4917 1655 com-

2836 1654 2917 1779 me
2987 1654 3033 1779 on
3114 1654 3299 1779 peut
3357 1654 3507 1779 voir
3554 1654 3693 1779 aux
3750 1654 4063 1779 figures.

601 418 1140 539 ceſſairement
1188 418 1403 539 bleſſé
1463 418 1547 539 s’il
1594 418 1666 539 ne
1726 418 1893 539 pare
1941 418 2217 539 point,
2288 418 2659 539 continue

574 546 672 667 ſon
780 546 1276 667 mouvement
1341 546 1827 667 auparavant
1902 546 2507 667 encommencé,
2593 546 2658 667 de

583 666 782 795 ſorte
844 666 981 795 que
1030 666 1130 795 ſon
1230 666 1429 795 eſpeé
1503 666 1702 795 vient
1777 666 2200 795 reſpondre
2262 666 2374 795 par
2449 666 2573 795 delà
2623 666 2672 795 la

578 792 806 915 lettre
920 792 965 915 M.
1056 792 1113 915 Au
1215 792 1465 915 meſme
1522 792 1772 915 temps
1863 792 1875 915 A
1932 792 2386 915 LEXANDRE
2443 792 2671 915 ayant

582 912 865 1039 avancé
914 912 963 1039 le
1037 912 1222 1039 coſté
1283 912 1615 1039 gauche,
1738 912 1738 1039 &
1787 912 1935 1039 ſaiſi
2009 912 2070 1039 de
2132 912 2181 1039 la
2279 912 2427 1039 main
2513 912 2660 1039 gau-

600 1038 713 1163 che
776 1038 826 1163 la
901 1038 1115 1163 garde
1203 1038 1266 1163 de
1329 1038 1366 1163 ſa
1429 1038 1693 1163 partie,
1743 1038 1995 1163 plante
2045 1038 2095 1163 le
2158 1038 2321 1163 pied
2384 1038 2661 1163 gauche

581 1162 687 1284 ſur
746 1162 782 1284 la
852 1162 1077 1284 lettre
1183 1162 1231 1284 V,
1325 1162 1633 1284 mettant
1715 1162 2070 1284 derechef
2141 1162 2176 1284 ſa
2259 1162 2519 1284 pointe
2590 1162 2649 1284 au

606 1284 883 1407 devant
952 1284 987 1407 la
1079 1284 1264 1407 veuë
1368 1284 1679 1407 d’iceluy
1760 1284 1967 1407 uſant
2048 1284 2117 1407 de
2198 1284 2671 1407 courtoiſie;

596 1412 896 1534 comme
942 1412 1034 1534 les
1092 1412 1381 1534 figures
1461 1412 1900 1534 monſtrent.

1339 1937 1641 2119 Cercle
1964 1937 2115 2119 N7.

624 2171 913 2294 Alexandre
957 2171 1289 2294 travaillant
1334 2171 1611 2294 lentement
1655 2171 1733 2294 ſur
1766 2171 1799 2294 la
1844 2171 1977 2294 lente
2032 2171 2232 2294 parade
2287 2171 2321 2294 de
2376 2171 2420 2294 ſa
2476 2171 2675 2294 partie,

742 2295 982 2415 Zacharie
1034 2295 1076 2415 au
1128 2295 1201 2415 lieu
1274 2295 1305 2415 de
1347 2295 1618 2415 continuer
1660 2295 1722 2415 ſon
1795 2295 2129 2415 mouvement,
2191 2295 2306 2415 pare
2358 2295 2671 2415 ſubitement

698 2418 878 2533 comme
931 2418 1036 2533 avec
1078 2418 1121 2533 un
1173 2418 1321 2533 heurt
1363 2418 1532 2533 l’eſpee
1596 2418 1627 2533 de
1659 2418 1701 2533 ſa
1743 2418 1954 2533 partie:
2039 2418 2134 2533 mais
2218 2418 2503 2533 Alexandre
2556 2418 2672 2533 s’ac-

697 2540 1024 2661 commodant
1080 2540 1080 2661 à
1125 2540 1238 2661 ceſte
1283 2540 1497 2661 occaſion
1542 2540 1576 2661 le
1621 2540 1756 2661 bleſſe
1801 2540 1846 2661 au
1892 2540 2004 2661 coſté
2061 2540 2252 2661 droict,
2320 2540 2421 2661 puis
2455 2540 2489 2661 le
2545 2540 2681 2661 perce

699 2663 710 2777 à
750 2663 964 2777 travers
1014 2663 1055 2777 du
1096 2663 1258 2777 corps.

1079 2845 1092 2970 E
1181 2845 1424 2970 Cerele
1476 2845 1604 2970 tire
1655 2845 1757 2970 ſon
1847 2845 2128 2970 origine
2205 2845 2269 2970 de
2333 2845 2371 2970 la
2435 2845 2512 2970 fin
2614 2845 2666 2970 du

1080 2968 1315 3075 Cercle
1421 2968 1503 3075 N.5
1632 2968 1632 3075 &
1703 2968 1750 3075 du
1832 2968 2537 3075 commencement
2607 2968 2666 3075 de

1060 3096 1265 3216 celuy
1386 3096 1422 3216 N.
1483 3096 1519 3216 6.
1652 3096 2183 3216 ALEXANDRE
2231 3096 2666 3216 travaillant

1043 3215 1486 3333 lentement
1568 3215 1661 3333 ſur
1743 3215 1778 3333 la
1860 3215 2070 3333 lente
2128 3215 2408 3333 parade
2501 3215 2560 3333 de
2630 3215 2676 3333 ſa

586 3338 886 3463 partie,
958 3338 1235 3463 avance
1295 3338 1343 3463 le
1403 3338 1571 3463 pied
1632 3338 1920 3463 gauche
1968 3338 2161 3463 pour
2221 3338 2269 3463 le
2329 3338 2629 3463 planter
2665 3338 2665 3463 à

579 3458 615 3584 la
674 3458 901 3584 lettre
984 3458 1020 3584 V,
1080 3458 1378 3584 comme
1449 3458 1509 3584 cy
1581 3458 1843 3584 deſſus:
1914 3458 2069 3584 mais
2153 3458 2677 3584 ZACHARIE

589 3582 1099 3708 remarquant
1133 3582 1190 3708 le
1258 3582 1565 3708 danger,
1610 3582 1667 3708 au
1735 3582 1860 3708 lieu
1973 3582 2030 3708 de
2098 3582 2506 3708 continuer
2552 3582 2654 3708 ſon

609 3716 1109 3826 mouvement
1173 3716 1801 3826 encommencé,
1886 3716 2184 3826 comme
2258 3716 2311 3826 au
2428 3716 2663 3826 Cercle

581 3828 1046 3955 precedent,
1081 3828 1244 3955 pare
1290 3828 1779 3955 ſubitement
1849 3828 2035 3955 quaſi
2082 3828 2256 3955 avec
2303 3828 2373 3955 un
2454 3828 2664 3955 heurt

578 3952 841 4070 l’eſpee
920 3952 977 4070 de
1046 3952 1080 4070 ſa
1137 3952 1410 4070 partie.
1536 3952 2094 4070 ALEXANDRE
2163 3952 2664 4070 S’accommo-

606 4073 762 4203 dant
810 4073 810 4203 à
859 4073 1256 4203 l’occaſion
1328 4073 1713 4203 preſente,
1797 4073 1918 4203 met
1990 4073 2339 4203 viſtemẽt
2399 4073 2447 4203 le
2508 4073 2676 4203 pied

602 4199 878 4323 gauche
974 4199 1274 4323 environ
1346 4199 1394 4323 la
1454 4199 1682 4323 lettre
1814 4199 1874 4323 Q,
1970 4199 2174 4323 (d’un
2258 4199 2378 4323 pas
2474 4199 2665 4323 com-

606 4324 1057 4450 munement
1130 4324 1423 4450 appellé
1496 4324 1776 4450 chaſſe)
1898 4324 1911 4450 &
1959 4324 2276 4450 attirant
2313 4324 2374 4450 le
2447 4324 2667 4450 droi

579 4449 877 4570 proche
949 4449 996 4570 du
1068 4449 1354 4570 planté,
1401 4449 1437 4570 il
1473 4449 1640 4570 leve
1699 4449 2069 4570 derechef
2128 4449 2295 4570 tout
2367 4449 2665 4570 promp-

579 4573 882 4691 tement
928 4573 986 4691 le
1045 4573 1371 4691 gauche;
1418 4573 1557 4691 lors
1616 4573 2140 4691 tresbuchant
2210 4573 2256 4691 du
2338 4573 2583 4691 corps,
2641 4573 2676 4691 il

586 4693 818 4812 bleſſe
867 4693 904 4812 ſa
965 4693 1197 4812 partie
1271 4693 1320 4812 au
1430 4693 1613 4812 coſté
1675 4693 1944 4812 droi;
2017 4693 2164 4812 puis
2225 4693 2580 4812 plantant
2629 4693 2678 4812 le

599 4816 753 4940 pied
830 4816 1112 4940 gauche
1189 4816 1305 4940 par
1382 4816 1549 4940 deça
1601 4816 1652 4940 le
1780 4816 2089 4940 Quadrat
2153 4816 2307 4940 pres
2358 4816 2397 4940 la
2448 4816 2667 4940 lettre

617 4940 664 5065 Y,
711 4940 746 5065 il
793 4940 1005 5065 perce
1064 4940 1099 5065 ſa
1158 4940 1393 5065 partie
1452 4940 1499 5065 au
1581 4940 1864 5065 travers
1934 4940 1981 5065 du
2064 4940 2311 5065 corps;
2381 4940 2675 5065 comme

587 5064 675 5186 les
725 5064 1015 5186 figures
1078 5064 1558 5186 enſeignent.

1299 5569 1611 5736 Cercle
1833 5569 2078 5736 N.8.

608 5794 791 5918 Comme
859 5794 1111 5918 Zacharie
1157 5794 1386 5918 preſente
1420 5794 1604 5918 l’eſpee
1661 5794 1695 5918 de
1729 5794 1764 5918 ſa
1810 5794 1981 5918 partie
2027 5794 2142 5918 pour
2176 5794 2474 5918 travailler
2519 5794 2519 5918 à
2565 5794 2680 5918 l’en-

699 5923 898 6045 contre,
992 5923 1274 6045 Alexandre
1332 5923 1367 6045 la
1414 5923 1637 6045 ſujette:
1825 5923 2083 6045 Zacharie
2130 5923 2341 6045 laiſſant
2399 5923 2458 6045 les
2517 5923 2681 6045 eſpees

705 6045 1005 6164 accouplées
1053 6045 1221 6164 hauſſe
1269 6045 1304 6164 un
1364 6045 1436 6164 peu
1496 6045 1532 6164 ſa
1592 6045 1748 6164 garde
1784 6045 1904 6164 pour
1940 6045 1987 6164 ſa
2035 6045 2347 6164 deffence.

1061 6221 1072 6349 E
1139 6221 1848 6349 commencement
1925 6221 2036 6349 des
2092 6221 2546 6349 operations
2612 6221 2679 6349 de

1049 6353 1110 6475 ce
1195 6353 1427 6475 Cercle
1488 6353 1719 6475 tirent
1780 6353 1939 6475 leur
2000 6353 2292 6475 origine
2377 6353 2426 6475 du
2536 6353 2682 6475 Cer-

1050 6477 1136 6598 cle
1246 6477 1283 6598 N.
1357 6477 1406 6598 4.
1480 6477 1774 6598 auquel
1872 6477 2314 6598 ZACHARIE
2387 6477 2682 6598 preſen-

1034 6600 1095 6725 te
1143 6600 1410 6725 l’eſpee
1470 6600 1470 6725 à
1531 6600 1567 6725 ſa
1628 6600 1907 6725 partie,
1943 6600 2064 6725 luy
2161 6600 2489 6725 donnant
2573 6600 2682 6725 oc-

594 6717 808 6849 caſion
880 6717 1070 6849 pour
1118 6717 1535 6849 travailler.
1666 6717 2202 6849 ALEXANDRE
2261 6717 2321 6849 ſe
2368 6717 2666 6849 ſervant

606 6839 656 6972 de
743 6839 917 6972 ceſte
1016 6839 1339 6972 occaſion
1451 6839 1923 6972 preſentée,
2022 6839 2333 6972 attaque
2395 6839 2668 6972 l’eſpee

3296 6342 3798 6461 LEXANDRE
3868 6342 4184 6461 amande
4254 6342 4301 6461 en
4382 6342 4441 6461 ce
4546 6342 4791 6461 Cercle
4850 6342 4896 6461 la

3261 6468 3469 6604 faute
3561 6468 3931 6604 commiſe
4012 6468 4069 6604 au
4150 6468 4647 6604 precedent.
4785 6468 4797 6604 Z
4854 6468 4901 6604 A-

3289 6599 3605 6719 CHARIE
3687 6599 3734 6719 ſe
3827 6599 4202 6719 trouvant
4296 6599 4542 6719 doncq
4612 6599 4894 6719 ſujetté

3264 6723 3600 6837 (comme
3649 6723 3687 6837 il
3749 6723 3836 6837 eſt
3898 6723 4184 6837 declaré
4247 6723 4309 6837 au
4396 6723 4657 6837 ſuſdi
4757 6723 4893 6837 Cer-

2826 6849 2974 6980 cle)
3036 6849 3296 6980 taſche
3383 6849 3432 6980 de
3519 6849 3804 6980 donner
3853 6849 3952 6980 ſon
4064 6849 4250 6980 coup
4336 6849 4881 6980 d’eſtramaçon

4731 6970 4895 7060 ainſi
