5479 7714
3268 6177 3292 6320 A
3362 6177 3681 6320 CHARIE
3740 6177 4035 6320 s’eſtant
4117 6177 4224 6320 mis
4283 6177 4330 6320 en
4412 6177 4731 6320 poſture
4813 6177 4920 6320 cõ-

3271 6308 3356 6452 me
3405 6308 3454 6452 au
3576 6308 3820 6452 Cercle
3930 6308 3955 6452 N.
4016 6308 4065 6452 4.
4114 6308 4394 6452 attend
4443 6308 4614 6452 ainſi
4663 6308 4712 6452 ſa
4773 6308 4920 6452 par-

3252 6431 3373 6576 tie.
3494 6431 3518 6576 A
3579 6431 4087 6576 LEXANDRE
4148 6431 4463 6576 s’eſtant
4511 6431 4923 6576 approché

3242 6554 3744 6702 lentement,
3903 6554 3915 6702 &
3989 6554 4209 6702 ayant
4295 6554 4552 6702 planté
4613 6554 4675 6702 le
4748 6554 4932 6702 pied

2802 6677 3090 6826 gauche
3152 6677 3252 6826 ſur
3315 6677 3365 6826 la
3427 6677 3665 6826 lettre
3765 6677 3815 6826 C,
3890 6677 4215 6826 attaque
4277 6677 4390 6826 (en
4465 6677 4515 6826 ſe
4590 6677 4914 6826 dreſſant

2789 6801 2890 6955 ſur
2928 6801 2978 6955 le
3041 6801 3345 6955 planté)
3383 6801 3648 6955 l’eſpee
3724 6801 3787 6955 de
3837 6801 3875 6955 ſa
3939 6801 4217 6955 partie;
4280 6801 4444 6955 puis
4495 6801 4532 6955 la
4621 6801 4924 6955 menant

2791 6929 3284 7082 doucement
3345 6929 3505 7082 vers
3554 6929 3653 7082 ſon
3727 6929 3924 7082 coſté
3998 6929 4330 7082 gauche,
4391 6929 4428 7082 il
4490 6929 4785 7082 avance
4859 6929 4908 7082 le

4687 7125 4906 7216 corps

3505 446 3828 628 Cercle
4037 446 4384 628 N.12.

2846 672 3142 799 Alexandre
3189 672 3544 799 pourſuivant
3592 672 3769 799 plante
3816 672 3852 799 ſa
3899 672 4065 799 pointe
4112 672 4160 799 au
4207 672 4325 799 coſté
4384 672 4526 799 droit
4586 672 4621 799 de
4668 672 4704 799 ſa
4751 672 4952 799 parti,

2924 810 3031 925 puis
3074 810 3096 925 le
3139 810 3278 925 perce
3332 810 3332 925 à
3386 810 3600 925 travers
3654 810 3697 925 du
3740 810 3912 925 corps.

3332 3353 3723 3482 Operation
3824 3353 3887 3482 de
3976 3353 4026 3482 ce
4140 3353 4392 3482 Cercle
4455 3353 4581 3482 tire
4657 3353 4821 3482 auſſi
4884 3353 4922 3482 ſa

3261 3481 3530 3577 ſource
3606 3481 3670 3577 de
3747 3481 3925 3577 celle
4015 3481 4066 3577 de
4181 3481 4423 3577 Cercle
4551 3481 4589 3577 N.
4653 3481 4692 3577 8.
4832 3481 4832 3577 Z
4896 3481 4947 3577 a-

3285 3609 3612 3727 CHARIE
3721 3609 3963 3727 eſtant
4024 3609 4315 3727 ſujetté
4375 3609 4557 3727 ſelon
4654 3609 4932 3727 l’ordre

3270 3738 3596 3836 contenu
3701 3738 3956 3836 audi
4061 3738 4340 3836 Cercle,
4410 3738 4666 3836 taſche
4747 3738 4933 3836 avec

2795 3863 2961 3981 plus
3032 3863 3091 3981 de
3150 3863 3589 3981 ſentiment
3672 3863 4134 3981 d’executer
4193 3863 4300 3981 ſon
4383 3863 4939 3981 eſtramaçon:

2826 3991 2973 4109 mais
3063 3991 3074 4109 A
3142 3991 3605 4109 LEXANDRE
3672 3991 4011 4109 prenant
4067 3991 4338 4109 bonne
4406 3991 4620 4109 garde
4677 3991 4733 4109 au
4835 3991 4948 4109 cõ-

2825 4117 3319 4235 mencement
3407 4117 3451 4235 du
3572 4117 4132 4235 mouvement,
4209 4117 4439 4235 ayant
4516 4117 4933 4235 prompte-

2819 4241 3005 4360 ment
3074 4241 3353 4360 avancé
3411 4241 3481 4360 un
3574 4241 3760 4360 petit
3829 4241 3945 4360 pas
4038 4241 4085 4360 du
4166 4241 4340 4360 pied
4410 4241 4700 4360 droi,
4759 4241 4933 4360 leve

2802 4368 2849 4488 en
2919 4368 3107 4488 ſuite
3153 4368 3200 4488 le
3271 4368 3587 4488 gauche,
3681 4368 3681 4488 &
3739 4368 3751 4488 a
3798 4368 3962 4488 pres
4009 4368 4220 4488 avoir
4279 4368 4536 4488 donne
4583 4368 4654 4488 un
4736 4368 4912 4488 coup

2806 4491 3363 4612 d’eſtramaçon
3424 4491 3533 4612 ſur
3581 4491 3702 4612 l’os
3787 4491 3847 4612 de
3908 4491 3944 4612 la
4029 4491 4283 4612 jambe
4380 4491 4671 4612 gauche
4755 4491 4828 4612 de
4889 4491 4925 4612 ſa

2797 4618 3071 4737 partie,
3133 4618 3170 4737 il
3232 4618 3494 4737 plante
3556 4618 3606 4737 le
3680 4618 3842 4737 pied
3917 4618 4153 4737 eſlevé
4215 4618 4390 4737 hors
4477 4618 4527 4737 du
4639 4618 4925 4737 Cercle,

2792 4742 3086 4849 laiſſant
3159 4742 3404 4849 ſuivre
3454 4742 3503 4849 le
3588 4742 3821 4849 droi
3907 4742 4213 4849 environ
4275 4742 4373 4849 les
4422 4742 4703 4849 lettres
4814 4742 4936 4849 VS;

2804 4869 3107 4993 comme
3155 4869 3192 4993 il
3252 4869 3337 4993 eſt
3397 4869 3845 4993 demonſtré
3906 4869 4015 4993 par
4063 4869 4160 4993 les
4221 4869 4548 4993 figures.

3509 5406 3834 5578 Cercle
4073 5406 4376 5578 N4.

2821 5632 3113 5759 Alexandre
3169 5632 3316 5759 apres
3361 5632 3507 5759 avoir
3563 5632 3755 5759 ſujetté
3811 5632 4002 5759 l’eſpee
4070 5632 4104 5759 de
4160 5632 4194 5759 ſa
4250 5632 4419 5759 partie
4475 5632 4509 5759 la
4577 5632 4700 5759 mene
4757 5632 4937 5759 douce-

2929 5762 3035 5885 ment
3082 5762 3199 5885 vers
3234 5762 3293 5885 ſon
3340 5762 3458 5885 coſté
3505 5762 3728 5885 gauche,
3787 5762 4045 5885 Zacharie
4092 5762 4233 5885 laiſſe
4268 5762 4445 5885 couler
4480 5762 4527 5885 ſa
4586 5762 4926 5885 maindroite

2915 5879 3139 6028 deſſoubs
3186 5879 3221 6028 la
3268 5879 3492 6028 branche
3550 5879 3586 6028 de
3633 5879 3703 6028 ſon
3750 5879 3915 6028 eſpee,
3962 5879 3997 6028 la
4068 5879 4268 6028 gauche
4327 5879 4491 6028 eſtant
4562 5879 4668 6028 avec
4715 5879 4739 6028 le
4797 5879 4927 6028 pom-

2923 6012 3040 6129 meau
3093 6012 3136 6129 en
3189 6012 3317 6129 haut
3412 6012 3412 6129 &
3455 6012 3487 6129 la
3540 6012 3710 6129 pointe
3753 6012 3785 6129 en
3849 6012 3944 6129 bas.

560 421 720 541 ainſi
781 421 917 541 que
990 421 1274 541 deſſus:
1397 421 1557 541 mais
1643 421 2283 541 ALEXANDRE
2332 421 2664 541 prenant

562 542 906 666 expreſſe
977 542 1190 666 garde
1238 542 1297 666 au
1368 542 1796 666 ſentiment
1902 542 1914 666 &
1997 542 2448 666 mouvemẽt
2508 542 2579 666 de
2614 542 2662 666 ſa

559 671 817 794 partie,
854 671 1248 794 (joignant
1358 671 1358 794 &
1420 671 1666 794 portãt
1715 671 1764 794 le
1838 671 2047 794 corps
2096 671 2145 794 au
2219 671 2416 794 bras,
2465 671 2662 794 pour

544 795 1025 915 augmenter
1095 795 1130 915 ſa
1212 795 1423 915 force
1529 795 1540 915 &
1611 795 2068 915 empeſcher
2126 795 2255 915 que
2314 795 2419 915 ſon
2490 795 2654 915 bras

550 919 619 1031 ne
677 919 987 1031 tombe,
1056 919 1355 1031 comme
1412 919 1458 1031 au
1573 919 1814 1031 Cercle
1860 919 2515 1031 ſuſmentionné)
2584 919 2642 1031 au

579 1049 831 1163 meſme
888 1049 1048 1163 tẽps
1117 1049 1254 1163 que
1368 1049 1368 1163 Z
1426 1049 1815 1163 ACHARIE
1883 1049 2272 1163 avançant
2330 1049 2375 1163 le
2444 1049 2661 1163 corps

602 1169 615 1287 &
651 1169 711 1287 le
772 1169 965 1287 coſté
1026 1169 1340 1287 gauche,
1400 1169 1618 1287 porte
1666 1169 1763 1287 ſon
1860 1169 2065 1287 eſpee
2126 1169 2174 1287 en
2271 1169 2657 1287 circonfe-

552 1291 773 1410 rence
831 1291 935 1410 par
1005 1291 1249 1410 deſſus
1296 1291 1331 1410 ſa
1389 1291 1575 1410 teſte
1633 1291 1819 1410 pour
1900 1291 2191 1410 donner
2249 1291 2354 1410 ſon
2447 1291 2656 1410 eſtra-

577 1421 857 1538 maçon,
913 1421 1193 1538 avance
1260 1421 1372 1538 (en
1462 1421 1999 1538 tresbuchant
2077 1421 2133 1538 du
2245 1421 2502 1538 corps)
2570 1421 2637 1538 un

550 1542 733 1661 petit
782 1542 904 1661 pas
977 1542 1026 1661 du
1099 1542 1270 1661 pied
1343 1542 1624 1661 droi,
1746 1542 1758 1661 &
1844 1542 2137 1661 menant
2198 1542 2295 1661 (au
2393 1542 2649 1661 meſme

537 1669 792 1782 temps
877 1669 1010 1782 que
1059 1669 1095 1782 ſa
1168 1669 1399 1782 partie
1472 1669 1641 1782 fai
1690 1669 1738 1782 ſa
1811 1669 2479 1782 circonference)
2539 1669 2636 1782 ſon

546 1793 755 1913 eſpee
841 1793 878 1913 en
976 1793 1173 1913 rond
1234 1793 1345 1913 par
1443 1793 1800 1913 deſſoubs
1886 1793 2058 1913 celle
2145 1793 2206 1913 de
2268 1793 2366 1913 ſon
2489 1793 2661 1913 Con-

538 1916 785 2039 traire,
832 1916 868 2039 il
950 1916 1068 2039 met
1115 1916 1162 2039 ſa
1221 1916 1492 2039 pointe
1562 1916 1833 2039 devant
1880 1916 1927 2039 la
1986 1916 2375 2039 poirine
2481 1916 2493 2039 &
2551 1916 2657 2039 co-

529 2035 616 2162 ſté
691 2035 927 2162 droi
990 2035 1338 2162 d’iceluy;
1388 2035 1537 2162 lors
1599 2035 1637 2162 en
1711 2035 2110 2162 avançant
2147 2035 2197 2162 le
2259 2035 2433 2162 pied
2495 2035 2657 2162 gau-

546 2163 655 2287 che
728 2163 764 2287 il
813 2163 873 2287 le
922 2163 1152 2287 bleſſe
1225 2163 1273 2287 au
1394 2163 1649 2287 meſme
1721 2163 1915 2287 lieu;
1976 2163 2133 2287 puis
2182 2163 2230 2287 le
2291 2163 2642 2287 plantant

529 2289 644 2408 par
720 2289 886 2408 deça
937 2289 988 2408 le
1103 2289 1421 2408 Quadrat
1485 2289 1689 2408 entre
1740 2289 1778 2408 la
1829 2289 2059 2408 lettre
2148 2289 2199 2408 X,
2301 2289 2301 2408 &
2352 2289 2645 2408 laiſſant

523 2415 770 2538 ſuivre
832 2415 881 2538 le
968 2415 1240 2538 droi,
1314 2415 1338 2538 il
1388 2415 1660 2538 pouſſe
1721 2415 1820 2538 ſon
1919 2415 2277 2538 eſtocade
2339 2415 2660 2538 encom-

550 2542 852 2665 mencée
908 2542 964 2665 au
1031 2542 1322 2665 travers
1389 2542 1434 2665 du
1524 2542 1736 2665 corps
1803 2542 1870 2665 de
1915 2542 1960 2665 ſa
2016 2542 2284 2665 partie;
2340 2542 2643 2665 comme

522 2667 626 2791 les
678 2667 975 2791 figures
1040 2667 1532 2791 enſeignent.

2828 2914 3080 3040 Zacharie
3115 2914 3287 3040 eſtant
3321 2914 3516 3040 ſujetté
3562 2914 3711 3040 tache
3757 2914 3872 3040 avec
3918 2914 4021 3040 plus
4078 2914 4101 3040 de
4147 2914 4434 3040 ſentiment
4491 2914 4824 3040 d’executer
4858 2914 4927 3040 ſon

2903 3044 3055 3166 coup:
3142 3044 3251 3166 mais
3327 3044 3632 3166 Alexandre
3675 3044 3741 3166 luy
3806 3044 3936 3166 donne
3991 3044 4034 3166 un
4078 3044 4187 3166 coup
4274 3044 4654 3166 d’eſtramaçon
4698 3044 4774 3166 ſur
4839 3044 4926 3166 l’os

2920 3170 2955 3290 de
3002 3170 3037 3290 la
3083 3170 3247 3290 jambe
3294 3170 3575 3290 gauche.

554 3559 796 3680 Zacharie
869 3559 1074 3680 s’eſſaye
1147 3559 1449 3680 d’effetuer
1497 3559 1558 3680 ſon
1630 3559 1751 3680 coup
1824 3559 2211 3680 d’eſtramaçon
2283 3559 2392 3680 avec
2452 3559 2549 3680 plus
2610 3559 2646 3680 de

632 3687 804 3802 force:
908 3687 1012 3802 mais
1092 3687 1391 3802 Alexandre
1438 3687 1587 3802 ſaiſiſt
1645 3687 1668 3802 de
1725 3687 1760 3802 la
1817 3687 1921 3802 main
1990 3687 2186 3802 gauche
2232 3687 2266 3802 la
2324 3687 2474 3802 droite
2543 3687 2566 3802 de
2612 3687 2646 3802 ſa

638 3812 838 3932 partie,
897 3812 1073 3932 tenant
1120 3812 1155 3932 le
1202 3812 1308 3932 bras
1367 3812 1508 3932 droit
1555 3812 1767 3932 eſtandu
1825 3812 1861 3932 du
1919 3812 2025 3932 long
2084 3812 2119 3932 du
2178 3812 2295 3932 coſté
2390 3812 2390 3932 &
2448 3812 2472 3932 la
2519 3812 2660 3932 poin-

642 3940 679 4064 te
741 3940 766 4064 de
816 3940 1002 4064 l’eſpee
1052 3940 1163 4064 pres
1213 3940 1250 4064 du
1300 3940 1412 4064 pied
1462 3940 1747 4064 gauche.

1020 4108 1020 4278 E
1134 4108 1374 4278 Cercle
1449 4108 1576 4278 tire
1651 4108 1752 4278 ſon
1828 4108 2118 4278 origine
2194 4108 2307 4278 des
2383 4108 2648 4278 opera-

982 4283 1183 4388 tions
1258 4283 1370 4388 des
1458 4283 1759 4388 Cercles
1871 4283 1921 4388 N.
1984 4283 2022 4388 4.
2134 4283 2134 4388 &
2210 4283 2247 4388 8.
2347 4283 2485 4388 ZAC
2573 4283 2660 4388 HA-

992 4406 1097 4520 RIE
1156 4406 1214 4520 ſe
1272 4406 1657 4520 trouvant
1703 4406 1995 4520 ſujetté
2065 4406 2286 4520 cõme
2333 4406 2391 4520 au
2507 4406 2647 4520 Cer-

995 4537 1081 4656 cle
1190 4537 1239 4656 N.
1299 4537 1348 4656 8,
1470 4537 1482 4656 &
1543 4537 1834 4656 voyant
1895 4537 2029 4656 que
2078 4537 2187 4656 ſon
2272 4537 2442 4656 coup
2527 4537 2649 4656 d’e-

510 4659 942 4779 ſtramaçon
1074 4659 1518 4779 mentionné
1590 4659 1722 4779 aux
1782 4659 2106 4779 ſuſdis
2202 4659 2527 4779 Cercles,
2575 4659 2647 4779 ne

514 4784 634 4906 luy
706 4784 718 4906 à
789 4784 909 4906 pas
957 4784 1220 4906 reuſſi,
1292 4784 1543 4906 taſche
1614 4784 1662 4906 en
1758 4784 2105 4906 donnant
2153 4784 2224 4906 un
2296 4784 2416 4906 peu
2487 4784 2655 4906 plus

544 4912 604 5029 de
676 4912 1109 5029 ſentiment
1193 4912 1469 5029 devant
1553 4912 1673 5029 que
1770 4912 2058 5029 quitter
2118 4912 2394 5029 l’eſpee
2467 4912 2527 5029 de
2599 4912 2647 5029 ſa

517 5035 797 5154 partie,
882 5035 943 5154 de
992 5035 1442 5154 l’effeuer
1491 5035 1661 5154 avec
1722 5035 1880 5154 plus
1953 5035 2014 5154 de
2074 5035 2318 5154 force.
2452 5035 2646 5154 ALE-

539 5161 893 5281 XANDRE
985 5161 1305 5281 portant
1362 5161 1419 5281 le
1511 5161 1728 5281 corps
1808 5161 1980 5281 pres
2071 5161 2117 5281 du
2220 5161 2380 5281 bras
2448 5161 2643 5281 pour

538 5283 905 5404 dompter
964 5283 1129 5404 plus
1200 5283 1661 5404 ſeurement
1720 5283 1767 5404 la
1826 5283 2039 5404 force
2133 5283 2193 5404 de
2263 5283 2358 5404 ſon
2464 5283 2642 5404 Con-

518 5411 785 5532 traire,
833 5411 1040 5532 apres
1100 5411 1306 5532 avoir
1355 5411 1525 5532 fai
1573 5411 1646 5532 un
1719 5411 1864 5532 fort
1925 5411 2107 5532 petit
2168 5411 2289 5532 pas
2350 5411 2398 5532 du
2471 5411 2641 5532 pied

541 5536 827 5655 droi,
887 5536 1173 5655 avance
1232 5536 1351 5655 (en
1470 5536 1768 5655 menant
1828 5536 1935 5655 ſon
2031 5536 2233 5655 eſpee
2305 5536 2424 5655 par
2507 5536 2638 5655 deſ-

517 5661 755 5783 ſoubs
827 5661 1006 5783 celle
1089 5661 1160 5783 de
1232 5661 1268 5783 ſa
1339 5661 1625 5783 partie)
1673 5661 1732 5783 au
1851 5661 2102 5783 meſme
2173 5661 2435 5783 temps
2507 5661 2638 5783 que

519 5784 556 5907 ſa
619 5784 897 5907 partie,
947 5784 1010 5907 le
1060 5784 1237 5907 pied
1300 5784 1640 5907 gauche,
1741 5784 1753 5907 &
1816 5784 1867 5907 le
1930 5784 2283 5907 plantant
2346 5784 2509 5907 pres
2572 5784 2635 5907 de

519 5908 556 6029 la
628 5908 859 6029 lettre
1041 5908 1041 6029 ,
1114 5908 1357 6029 prend
1442 5908 1502 6029 de
1587 5908 1624 6029 la
1733 5908 1891 6029 main
2000 5908 2291 6029 gauche
2352 5908 2413 6029 le
2486 5908 2643 6029 bras

545 6033 680 6155 droi
839 6033 1181 6155 d’iceluy,
1255 6033 1548 6155 menant
1609 6033 2050 6155 cependant
2111 6033 2160 6155 le
2221 6033 2392 6155 pied
2453 6033 2637 6155 droit

534 6159 581 6278 en
685 6159 1290 6278 circonference
1383 6159 1708 6278 derriere
1766 6159 1824 6278 le
1894 6159 2185 6278 gauche
2231 6159 2487 6278 planté
2533 6159 2638 6278 ſur

525 6284 574 6411 le
649 6284 786 6411 coin
885 6284 935 6411 du
1059 6284 1408 6411 Quadrat,
1470 6284 1743 6411 tenant
1793 6284 1843 6411 le
1893 6284 2054 6411 bras
2116 6284 2353 6411 droi
2415 6284 2651 6411 eſtan-

553 6409 603 6533 du
702 6409 752 6533 du
826 6409 1012 6533 long
1099 6409 1149 6533 du
1236 6409 1434 6533 coſté
1509 6409 1781 6533 droi,
1868 6409 2054 6533 avec
2116 6409 2154 6533 la
2240 6409 2501 6533 pointe
2575 6409 2637 6533 de

528 6536 785 6665 l’eſpee
850 6536 1017 6665 pres
1095 6536 1146 6665 du
1236 6536 1404 6665 pied
1494 6536 1842 6665 gauche;
1932 6536 2228 6665 comme
2292 6536 2383 6665 les
2447 6536 2640 6665 figu-

536 6667 641 6778 res
699 6667 1279 6778 repreſentent.

1277 3279 1599 3457 Cercle
1806 3279 2082 3457 N.11.

3299 989 3312 1111 E
3446 989 3703 1111 Cercle
3789 989 4156 1111 contient
4254 989 4731 1111 l’execution
4878 989 4927 1111 du

3307 1125 3545 1250 Cercle
3629 1125 4130 1250 precedent.
4308 1125 4940 1250 ALEXANDRE

3266 1245 3502 1375 ayant
3564 1245 3712 1375 pris
3774 1245 3824 1375 le
3898 1245 4059 1375 bras
4133 1245 4368 1375 droi
4455 1245 4517 1375 de
4591 1245 4628 1375 ſa
4690 1245 4938 1375 partie

3269 1373 3621 1496 (comme
3671 1373 3709 1496 il
3785 1373 3872 1496 eſt
3923 1373 4237 1496 ſpecifié
4312 1373 4363 1496 au
4476 1373 4714 1496 Cercle
4777 1373 4941 1496 pre-

2816 1496 3136 1627 cedent)
3174 1496 3340 1627 leve
3404 1496 3519 1627 icy
3570 1496 3852 1627 l’eſpee
3928 1496 4324 1627 enſemble
4388 1496 4440 1627 le
4516 1496 4695 1627 pied
4772 1496 4938 1627 gau-

2809 1622 2963 1738 che,
3082 1622 3082 1738 &
3153 1622 3201 1738 en
3260 1622 3320 1738 le
3391 1622 3688 1738 menant
3759 1622 4080 1738 derriere
4128 1622 4187 1738 le
4258 1622 4484 1738 droi
4556 1622 4627 1738 de
4674 1622 4722 1738 ſa
4781 1622 4936 1738 par-

2798 1748 2924 1877 tie,
2987 1748 3025 1877 il
3075 1748 3327 1877 plante
3403 1748 3441 1877 ſa
3516 1748 3781 1877 pointe
3857 1748 3907 1877 au
4008 1748 4210 1877 coſté
4285 1748 4462 1877 droit
4550 1748 4941 1877 d’iceluy;

2797 1872 2959 2006 puis
3046 1872 3358 2006 mettant
3408 1872 3458 2006 le
3508 1872 3683 2006 pied
3758 1872 3982 2006 eſlevé
4032 1872 4045 2006 à
4107 1872 4332 2006 terre,
4394 1872 4432 2006 il
4482 1872 4756 2006 pouſſe
4806 1872 4918 2006 ſon

2802 2000 3164 2100 eſtocade
3234 2000 3878 2100 encommencée
3925 2000 4112 2100 ſelon
4170 2000 4217 2100 la
4287 2000 4919 2100 demonſtration

2818 2134 2918 2255 des
2969 2134 3294 2255 figures.

3518 2693 3831 2870 Cercle
4145 2693 4369 2870 .
