5479 7714
1349 5846 1667 6007 Cercle
1985 5846 2176 6007 .16.

3549 3717 3859 3891 Cercle
4081 3717 4302 3891 N.17

2873 3942 3048 4061 Comme
3141 3942 3432 4061 Alexandre
3479 3942 3491 4061 à
3549 3942 3665 4061 ſaiſi
3712 3942 3747 4061 le
3805 3942 3910 4061 bras
3968 3942 4120 4061 droit
4178 3942 4213 4061 de
4271 3942 4318 4061 ſa
4388 3942 4586 4061 partie,
4644 3942 4679 4061 il
4714 3942 4854 4061 porte
4900 3942 4935 4061 ſa

2972 4066 3142 4187 pointe
3176 4066 3324 4187 ſoubs
3381 4066 3404 4187 le
3460 4066 3563 4187 bras
3642 4066 3790 4187 droit
3870 4066 4097 4187 d’iceluy,
4279 4066 4302 4187 le
4370 4066 4506 4187 perce
4563 4066 4574 4187 à
4643 4066 4859 4187 travers
4915 4066 4938 4187 le

2966 4221 3133 4306 corps.

4831 6692 4941 6771 Les

3331 799 3460 920 Ecy
3512 799 3603 920 eſt
3642 799 3680 920 la
3745 799 4146 920 pourſuite
4224 799 4275 920 du
4392 799 4625 920 Cercle
4741 799 4780 920 N.
4819 799 4935 920 14.

3344 927 3344 1037 Z
3412 927 3774 1037 ACHARIE
3830 927 3887 1037 ſe
3943 927 4633 1037 trouvantſujetté
4667 927 4938 1037 (com-

3328 1050 3413 1157 me
3450 1050 3486 1157 il
3547 1050 3633 1157 eſt
3706 1050 3986 1157 declaré
4035 1050 4242 1157 audit
4340 1050 4620 1157 Cercle)
4681 1050 4925 1157 taſche

3320 1174 3757 1289 d’executer
3802 1174 4329 1289 l’eſtramaçon
4419 1174 4800 1289 mẽtionné
4845 1174 4901 1289 au

2842 1294 3280 1412 precedent
3406 1294 3441 1412 N.
3499 1294 3591 1412 15:
3717 1294 3867 1412 mais
3971 1294 4524 1412 ALEXANDRE
4593 1294 4927 1412 prenant

2867 1421 3251 1537 meilleure
3333 1421 3542 1537 garde
3600 1421 3600 1537 à
3647 1421 3810 1537 ſoy,
3868 1421 3926 1537 au
4031 1421 4287 1537 meſme
4345 1421 4602 1537 temps
4683 1421 4811 1537 que
4881 1421 4928 1537 ſa

2846 1542 3070 1657 partie
3141 1542 3306 1657 fai
3377 1542 3754 1657 ſemblant
3849 1542 3908 1657 de
3978 1542 4273 1657 vouloir
4332 1542 4745 1657 reſujetter
4804 1542 4911 1657 ſon

2854 1664 3056 1779 eſpee
3124 1664 3326 1779 cõme
3405 1664 3529 1779 di
3585 1664 3697 1779 eſt,
3742 1664 4023 1779 avance
4091 1664 4136 1779 en
4237 1664 4619 1779 moderant
4664 1664 4721 1779 le
4766 1664 4923 1779 ſen-

2847 1788 3129 1905 timent
3179 1788 3228 1905 le
3289 1788 3449 1905 pied
3559 1788 3572 1905 &
3621 1788 3670 1905 le
3731 1788 3916 1905 coſté
3977 1788 4296 1905 gauche;
4407 1788 4923 1905 ZACHARIE

2852 1912 3291 2027 cependant
3347 1912 3864 2027 pourſuivant
3909 1912 4010 2027 ſon
4089 1912 4539 2027 operation,
4606 1912 4741 2027 oſte
4797 1912 4899 2027 ſon

2858 2036 3063 2151 eſpee
3136 2036 3196 2151 de
3269 2036 3631 2151 deſſoubs
3691 2036 3861 2151 celle
3921 2036 3993 2151 de
4042 2036 4078 2151 ſa
4138 2036 4404 2151 partie,
4513 2036 4513 2151 &
4585 2036 4634 2151 en
4694 2036 4730 2151 la
4815 2036 4936 2151 me-

2842 2157 3015 2272 nant
3084 2157 3131 2272 en
3211 2157 3811 2272 circonference
3857 2157 3972 2272 par
4042 2157 4261 2272 deſſus
4318 2157 4353 2272 ſa
4422 2157 4630 2272 teſte,
4665 2157 4918 2272 taſche

2866 2280 2924 2398 de
3005 2280 3295 2398 donner
3352 2280 3457 2398 ſon
3549 2280 3734 2398 coup
3827 2280 4405 2398 d’eſtramaçon,
4475 2280 4822 2398 plantant
4868 2280 4926 2398 le

2852 2405 3026 2523 pied
3088 2405 3373 2523 gauche
3423 2405 3485 2523 au
3559 2405 3819 2523 poin
3881 2405 3931 2523 S,
3981 2405 4142 2523 ainſi
4204 2405 4390 2523 qu’au
4489 2405 4724 2523 Cercle
4774 2405 4935 2523 pre-

2859 2531 3171 2645 cedent.
3260 2531 3840 2645 ALEXANDRE
3907 2531 3962 2645 au
4062 2531 4319 2645 meſme
4374 2531 4631 2645 temps
4697 2531 4820 2645 que
4865 2531 4909 2645 ſa

2847 2653 3087 2767 partie
3130 2653 3305 2767 fai
3348 2653 3436 2767 les
3501 2653 3948 2767 operations
4035 2653 4591 2767 mentionnées,
4635 2653 4918 2767 avance

2848 2774 3016 2889 auſſi
3073 2774 3118 2889 le
3196 2774 3455 2889 corps,
3534 2774 3680 2889 ſans
3759 2774 3882 2889 que
3950 2774 3983 2889 la
4085 2774 4231 2889 main
4321 2774 4579 2889 tombe
4669 2774 4703 2889 en
4804 2774 4917 2889 bas

2861 2900 3161 3012 comme
3221 2900 3473 3012 audi
3581 2900 3820 3012 Cercle
3928 2900 3964 3012 N.
4012 2900 4084 3012 15.
4204 2900 4216 3012 &
4264 2900 4612 3012 plantant
4659 2900 4707 3012 le
4755 2900 4923 3012 pied

2859 3020 3149 3138 gauche
3222 3020 3452 3138 eſlevé
3525 3020 3767 3138 oultre
3839 3020 3888 3138 le
3936 3020 4202 3138 poin
4287 3020 4347 3138 S,
4444 3020 4674 3138 prend
4759 3020 4819 3138 de
4880 3020 4928 3138 ſa

2871 3143 3015 3260 main
3111 3143 3399 3260 gauche
3459 3143 3519 3260 le
3579 3143 3735 3260 bras
3820 3143 4048 3260 droi
4144 3143 4204 3260 de
4276 3143 4324 3260 ſa
4384 3143 4672 3260 partie;
4781 3143 4937 3260 puis

2848 3265 3075 3384 ayant
3134 3265 3361 3384 eſlevé
3421 3265 3468 3384 le
3528 3265 3683 3384 pied
3755 3265 4017 3384 droi,
4053 3265 4089 3384 il
4125 3265 4172 3384 le
4256 3265 4447 3384 mene
4518 3265 4566 3384 en
4650 3265 4948 3384 circon-

2845 3391 3159 3507 ference
3217 3391 3322 3507 par
3391 3391 3717 3507 derriere
3764 3391 3822 3507 le
3880 3391 4159 3507 planté;
4218 3391 4508 3507 comme
4578 3391 4683 3507 les
4741 3391 4939 3507 figu-

2844 3512 2952 3599 res
3027 3512 3471 3599 monſtrent.

627 484 839 616 corps
938 484 951 616 &
988 484 1038 616 le
1088 484 1262 616 pied
1325 484 1586 616 droi,
1698 484 1711 616 &
1760 484 1972 616 apres
2034 484 2284 616 l’avoir
2333 484 2694 616 ſujettée,

612 606 649 739 il
686 606 948 739 plante
998 606 1048 739 le
1122 606 1297 739 pied
1359 606 1583 739 eſlevé
1645 606 1770 739 par
1845 606 1969 739 delà
2044 606 2094 739 le
2206 606 2579 739 Diametre
2642 606 2691 739 le

612 727 797 864 talon
909 727 970 864 au
1081 727 1341 864 poin
1402 727 1464 864 I,
1551 727 1600 864 en
1699 727 1748 864 ſe
1847 727 2168 864 dreſſant
2242 727 2341 864 ſur
2415 727 2699 864 iceluy.

659 856 1091 983 ZACHARIE
1173 856 1688 983 remarquant
1758 856 1805 983 le
1887 856 2413 983 ſujettement
2506 856 2565 983 de
2647 856 2693 983 ſa

621 973 889 1108 partie,
924 973 1215 1108 laiſſant
1273 973 1320 1108 au
1424 973 1669 1108 meſme
1750 973 2006 1108 temps
2076 973 2332 1108 couler
2391 973 2426 1108 ſa
2530 973 2682 1108 main

638 1099 912 1234 droie
986 1099 1334 1234 deſſoubs
1383 1099 1421 1234 la
1470 1099 1818 1234 branche
1893 1099 1942 1234 de
1992 1099 2091 1234 ſon
2178 1099 2402 1234 eſpee,
2439 1099 2476 1234 la
2551 1099 2712 1234 gau-

625 1223 739 1355 che
807 1223 1035 1355 eſtant
1091 1223 1273 1355 avec
1319 1223 1376 1355 le
1432 1223 1842 1355 pommeau
1921 1223 1967 1355 en
2046 1223 2217 1355 haut
2319 1223 2330 1355 &
2376 1223 2421 1355 la
2490 1223 2694 1355 poin-

611 1348 670 1482 te
741 1348 789 1482 en
860 1348 1014 1482 bas,
1085 1348 1369 1482 avance
1417 1348 1476 1482 le
1547 1348 1713 1482 pied
1784 1348 2116 1482 gauche:
2175 1348 2282 1482 ſur
2365 1348 2566 1482 quoy
2638 1348 2709 1482 A-

624 1471 1115 1602 LEXANDRE
1199 1471 1463 1602 levant
1534 1471 1702 1602 auſſi
1750 1471 1798 1602 le
1870 1471 2037 1602 pied
2121 1471 2409 1602 gauche
2468 1471 2696 1602 pour-

616 1597 749 1717 ſuit
797 1597 893 1717 ſon
954 1597 1521 1717 ſujettement.

3345 4373 3345 4490 E
3439 4373 3674 4490 Cercle
3733 4373 4086 4490 contient
4121 4373 4591 4490 l’execution
4673 4373 4732 4490 du
4802 4373 4955 4490 pre-

3324 4497 3605 4614 cedent
3733 4497 3769 4614 N.
3827 4497 3944 4614 16.
4108 4497 4635 4614 ALEXANDRE
4717 4497 4939 4614 ayant

3315 4620 3461 4733 pris
3509 4620 3570 4733 le
3643 4620 3801 4733 bras
3886 4620 4104 4733 droi
4201 4620 4250 4733 de
4322 4620 4359 4733 ſa
4432 4620 4723 4733 partie,
4784 4620 4941 4733 leve

3330 4741 3706 4858 enſemble
3756 4741 3806 4858 le
3856 4741 4032 4858 pied
4094 4741 4370 4858 gauche
4495 4741 4495 4858 &
4545 4741 4846 4858 l’eſpee,
4946 4741 4946 4858 &

2874 4862 2922 4981 en
3005 4862 3326 4981 portant
3398 4862 3433 4981 la
3517 4862 3779 4981 pointe
3874 4862 4148 4981 d’icelle
4243 4862 4600 4981 deſſoubs
4659 4862 4719 4981 le
4778 4862 4945 4981 bras

2877 4987 3107 5108 droi
3179 4987 3240 5108 de
3288 4987 3337 5108 ſa
3409 4987 3675 5108 partie,
3772 4987 3784 5108 &
3833 4987 3881 5108 le
3966 4987 4135 5108 pied
4208 4987 4437 5108 eſlevé
4522 4987 4837 5108 derriere
4897 4987 4945 5108 le

2874 5113 3113 5227 droi
3185 5113 3555 5227 d’iceluy,
3650 5113 3686 5227 il
3734 5113 3794 5227 le
3853 5113 4080 5227 perce
4140 5113 4140 5227 à
4211 5113 4498 5227 travers
4558 5113 4605 5227 le
4689 5113 4940 5227 corps,

2864 5234 3212 5351 plantant
3260 5234 3307 5351 le
3367 5234 3535 5351 pied
3595 5234 3822 5351 eſlevé
3882 5234 3990 5351 par
4050 5234 4182 5351 delà
4253 5234 4301 5351 le
4397 5234 4768 5351 Diametre
4840 5234 4948 5351 en-

2861 5359 2965 5474 tre
3011 5359 3104 5474 les
3162 5359 3427 5474 lettres
3520 5359 3531 5474 X
3635 5359 3647 5474 &
3762 5359 3808 5474 V;
3878 5359 4178 5474 comme
4259 5359 4305 5474 on
4374 5359 4559 5474 peut
4617 5359 4756 5474 voir
4813 5359 4952 5474 aux

2864 5487 3187 5600 figures.

654 6075 836 6195 Comme
933 6075 1179 6195 Zacharie
1232 6075 1350 6195 veut
1404 6075 1661 6195 executer
1714 6075 1778 6195 ſon
1842 6075 2206 6195 eſtramaçon,
2324 6075 2613 6195 Alexandre
2677 6075 2720 6195 au

780 6203 932 6323 meſne
968 6203 1132 6323 temps
1179 6203 1261 6323 que
1320 6203 1355 6323 ſa
1402 6203 1578 6323 partie
1637 6203 1754 6323 feint
1825 6203 1848 6323 de
1918 6203 2106 6323 vouloir
2165 6203 2447 6323 reſujetter
2482 6203 2552 6323 ſon
2599 6203 2729 6323 eſpee

779 6325 952 6447 modere
998 6325 1021 6447 le
1078 6325 1400 6447 ſentiment,
1515 6325 1757 6447 Zacharie
1803 6325 2182 6447 pourſuivant,
2240 6325 2332 6447 oſte
2378 6325 2435 6447 ſon
2493 6325 2631 6447 eſpee
2688 6325 2723 6447 de

650 2025 898 2149 Zacharie
945 2025 1064 2149 fait
1111 2025 1324 2149 quelque
1371 2025 1513 2149 effort
1560 2025 1725 2149 contre
1761 2025 1950 2149 l’eſpee
2009 2025 2033 2149 de
2080 2025 2115 2149 ſa
2163 2025 2364 2149 partie,
2411 2025 2706 2149 commes’il

729 2159 763 2273 la
830 2159 1020 2273 vouloit
1076 2159 1389 2273 reſujetter.
1546 2159 1836 2273 Alexandre
1915 2159 2082 2273 taſce
2172 2159 2239 2273 d’y
2284 2159 2485 2273 reſiſter
2563 2159 2708 2273 d’une

746 2281 930 2398 grande
979 2281 1126 2398 force.
1224 2281 1444 2398 Surquoy
1530 2281 1774 2398 Zacharie
1823 2281 1958 2398 paſſe
1995 2281 2093 2398 lors
2141 2281 2166 2398 de
2215 2281 2423 2398 l’effort
2460 2281 2521 2398 ſon
2570 2281 2705 2398 eſpee

733 2408 824 2524 par
881 2408 1096 2524 deſſoubs
1141 2408 1243 2524 celle
1300 2408 1334 2524 de
1368 2408 1436 2524 ſon
1493 2408 1787 2524 contraire,
1844 2408 1867 2524 de
1912 2408 2037 2524 ſorte
2082 2408 2161 2524 que
2207 2408 2241 2524 ſa
2286 2408 2456 2524 partie
2501 2408 2626 2524 perd
2682 2408 2705 2524 le

729 2527 1055 2644 ſentiment;
1120 2527 1218 2644 puis
1251 2527 1283 2644 il
1316 2527 1392 2644 luy
1446 2527 1577 2644 donne
1642 2527 1740 2644 d’un
1794 2527 2110 2644 eſtramaçon
2164 2527 2240 2644 ſur
2295 2527 2316 2644 le
2360 2527 2447 2644 col.

1106 2713 1511 2829 ACHARIE
1581 2713 1627 2829 ſe
1697 2713 1975 2829 voyant
2033 2713 2300 2829 ſujetté
2346 2713 2706 2829 (comme

1070 2829 1107 2951 il
1180 2829 1266 2951 eſt
1363 2829 1644 2951 declaré
1730 2829 1791 2951 au
1913 2829 2157 2951 Cercle
2218 2829 2719 2951 precedent)

1077 2958 1245 3072 fai
1329 2958 1664 3072 quelque
1747 2958 1975 3072 effort
2046 2958 2226 3072 avec
2298 2958 2393 3072 ſon
2501 2958 2704 3072 eſpee

1085 3084 1347 3195 contre
1404 3084 1575 3195 celle
1644 3084 1712 3195 de
1758 3084 1803 3195 ſa
1860 3084 2134 3195 partie,
2179 3084 2476 3195 comme
2533 3084 2624 3195 s’il
2658 3084 2704 3195 la

618 3205 920 3314 vouloit
987 3205 1288 3314 enlever
1389 3205 1400 3314 &
1444 3205 1891 3314 reſujetter.
2002 3205 2538 3314 ALEXANDRE
2605 3205 2705 3314 ſur

632 3326 763 3445 cela
846 3326 1024 3445 pour
1108 3326 1393 3445 retenir
1464 3326 1571 3445 ſon
1655 3326 2095 3445 advantage
2178 3326 2345 3445 deſia
2416 3326 2701 3445 gaigné,

621 3450 1066 3564 travaillant
1113 3450 1815 3564 principallement
1886 3450 1933 3564 du
2003 3450 2202 3564 bras,
2272 3450 2518 3564 taſche
2588 3450 2717 3564 d’u-

616 3573 698 3686 ne
756 3573 964 3686 force
1022 3573 1521 3686 immoderée
1579 3573 1590 3686 à
1660 3573 1950 3686 reſiſter
1996 3573 2008 3686 à
2089 3573 2263 3686 celle
2356 3573 2414 3686 de
2460 3573 2506 3686 ſa
2553 3573 2715 3686 par-

616 3697 752 3810 tie:
889 3697 1036 3810 mais
1138 3697 1603 3810 ZACHARIE
1671 3697 1728 3810 au
1830 3697 2091 3810 meſme
2159 3697 2409 3810 temps
2477 3697 2613 3810 que
2658 3697 2704 3810 ſa

622 3816 859 3935 partie
909 3816 1084 3935 fai
1134 3816 1408 3935 l’effort
1458 3816 1645 3935 pour
1695 3816 1745 3935 le
1795 3816 1982 3935 tenir
2032 3816 2394 3935 aſſujetti,
2419 3816 2706 3935 laiſſant

624 3940 670 4059 ſa
763 3940 973 4059 garde
1101 3940 1101 4059 &
1170 3940 1275 4059 ſes
1356 3940 1543 4059 deux
1636 3940 1845 4059 mains
1926 3940 1973 4059 en
2054 3940 2101 4059 la
2194 3940 2450 4059 meſme
2520 3940 2706 4059 ſorte

633 4063 837 4180 qu’on
921 4063 1017 4180 les
1089 4063 1257 4180 void
1316 4063 1376 4180 au
1496 4063 1724 4180 Cercle
1784 4063 2275 4180 precedent,
2335 4063 2527 4180 paſſe
2587 4063 2682 4180 ſon

631 4185 828 4301 eſpee
898 4185 1014 4301 par
1095 4185 1455 4301 deſſoubs
1513 4185 1687 4301 celle
1768 4185 1826 4301 de
1872 4185 1977 4301 ſon
2069 4185 2510 4301 contraire;
2568 4185 2707 4301 ſur-

641 4310 827 4426 quoy
920 4310 932 4426 A
990 4310 1455 4426 LEXANDRE
1502 4310 1828 4426 perdant
1874 4310 1921 4426 le
1967 4310 2398 4426 ſentiment
2467 4310 2526 4426 de
2584 4310 2723 4426 l’eſ-

619 4431 748 4548 pee
818 4431 1194 4548 contraire
1252 4431 1346 4548 ſur
1405 4431 1745 4548 laquelle
1792 4431 1827 4548 il
1874 4431 2261 4548 s’apuioit,
2308 4431 2566 4548 tombe
2636 4431 2695 4548 du

634 4554 853 4670 corps
914 4554 1254 4670 penché,
1315 4554 1375 4670 de
1424 4554 1460 4670 la
1545 4554 1691 4670 main
1776 4554 2056 4670 droie
2116 4554 2456 4670 abaiſſée,
2566 4554 2566 4670 &
2651 4554 2699 4670 du

636 4678 792 4793 pied
864 4678 1153 4793 gauche
1201 4678 1261 4793 au
1333 4678 1598 4793 poin
1682 4678 1682 4793 S
1754 4678 1922 4793 hors
2019 4678 2079 4793 de
2127 4678 2223 4793 ſon
2295 4678 2548 4793 poids:
2620 4678 2716 4793 ce-

626 4800 971 4915 pendant
1086 4800 1086 4915 Z
1144 4800 1535 4915 ACHARIE
1604 4800 1754 4915 ſans
1800 4800 2295 4915 intermiſſion
2375 4800 2686 4915 pourſui

633 4926 795 5037 vant
860 4926 958 5037 ſon
1077 4926 1608 5037 mouvement,
1684 4926 1879 5037 mene
1923 4926 2020 5037 ſon
2118 4926 2324 5037 eſpee
2389 4926 2498 5037 par
2584 4926 2714 5037 deſ-

627 5046 732 5160 ſus
779 5046 826 5160 ſa
884 5046 1106 5160 teſte,
1211 5046 1223 5160 &
1270 5046 1492 5160 ayant
1562 5046 1808 5160 donné
1854 5046 1948 5160 ſon
2041 5046 2229 5160 coup
2310 5046 2731 5160 d’eſtrama-

646 5168 755 5287 çon
816 5168 926 5287 ſur
974 5168 1023 5287 le
1108 5168 1206 5287 col
1279 5168 1327 5287 de
1376 5168 1425 5287 ſa
1486 5168 1778 5287 partie,
1839 5168 1875 5287 il
1924 5168 2180 5287 plante
2229 5168 2277 5287 le
2338 5168 2496 5287 pied
2557 5168 2716 5287 pres

653 5291 711 5402 de
757 5291 792 5402 la
850 5291 1082 5402 lettre
1152 5291 1210 5402 S;
1292 5291 1582 5402 comme
1628 5291 1663 5402 il
1710 5291 1768 5402 ſe
1826 5291 1988 5402 void
2035 5291 2174 5402 aux
2232 5291 2546 5402 figures.

2982 486 3196 605 deſſoubs
3243 486 3350 605 celle
3410 486 3434 605 de
3481 486 3517 605 ſa
3565 486 3731 605 partie
3767 486 3886 605 pour
3934 486 3969 605 la
4017 486 4172 605 paſſer
4231 486 4267 605 en
4326 486 4731 605 circonference.
4850 486 4933 605 Ale-

2975 605 3166 729 xandre
3222 605 3402 729 durant
3447 605 3481 729 ce
3525 605 3683 729 temps
3716 605 3874 729 ſaiſiſt
3919 605 3952 729 la
4009 605 4110 729 main
4177 605 4346 729 droicte
4402 605 4436 729 de
4481 605 4525 729 ſa
4570 605 4818 729 partie.

1346 1811 1650 1980 Cercle
1868 1811 2129 1980 N.1.
