5479 7714
1603 482 1660 663 Es
1793 482 2400 663 differentes
2495 482 3082 663 occaſions,
3234 482 3253 663 &
3310 482 3443 663 les
3538 482 3860 663 divers
3993 482 4751 663 mouvemens,
4865 482 5074 663 qu’il

1510 694 1677 843 faut
1760 694 1885 843 que
1955 694 2163 843 celuy
2232 694 2344 843 qui
2399 694 2441 843 ſe
2496 694 2635 843 ſert
2719 694 2774 843 de
2816 694 3094 843 l’eſpee
3149 694 3149 843 à
3233 694 3413 843 deux
3497 694 3719 843 mains
3775 694 3983 843 face,
4039 694 4094 843 le
4150 694 4372 843 porte
4456 694 4622 843 bien
4706 694 5053 843 ſouvent

1522 840 1565 985 en
1650 840 1777 985 une
1834 840 2004 985 telle
2075 840 2542 985 confuſion,
2641 840 2656 985 &
2698 840 2825 985 luy
2882 840 3222 985 apporte
3293 840 3350 985 de
3435 840 3647 985 telles
3704 840 4185 985 difficultez,
4256 840 4426 985 qu’il
4483 840 4653 985 n’eſt
4723 840 4837 985 pas
4907 840 5035 985 aiſé

1522 979 1685 1129 qu’il
1740 979 1862 1129 s’en
1958 979 2189 1129 puiſſe
2257 979 2571 1129 relever.
2775 979 2829 1129 Or
2897 979 3265 1129 combien
3374 979 3579 1129 qu’on
3674 979 4055 1129 pourroit
4137 979 4437 1129 donner
4518 979 4750 1129 grand
4804 979 5050 1129 nom-

1494 1121 1620 1264 bre
1696 1121 2304 1264 d’inſtruions
2355 1121 2456 1264 ſur
2532 1121 2595 1264 ce
2646 1121 2861 1264 ſujet,
2912 1121 3456 1264 neantmoins
3507 1121 3709 1264 nous
3760 1121 3811 1264 en
3887 1121 4127 1264 avons
4178 1121 4393 1264 voulu
4469 1121 4773 1264 former
4836 1121 5039 1264 prin-

1507 1264 1996 1406 cipalement
2076 1264 2261 1406 deux
2327 1264 2777 1406 generalles,
2829 1264 3028 1406 pour
3081 1264 3253 1406 eſtre
3319 1264 3729 1406 touſiours
3795 1264 4073 1406 devant
4112 1264 4218 1406 les
4271 1264 4470 1406 yeux
4536 1264 4602 1406 de
4668 1264 4853 1406 ceux
4919 1264 5038 1406 qui

617 1404 669 1548 ſe
722 1404 1205 1548 trouveront
1270 1404 1623 1548 occupez
1688 1404 1740 1548 en
1819 1404 2041 1548 telles
2106 1404 2537 1548 occaſions.
2707 1404 2759 1548 La
2838 1404 3269 1548 premiere,
3334 1404 3412 1548 eſt
3478 1404 3530 1548 en
3634 1404 3882 1548 qu’elle
3948 1404 4314 1548 Inſtance
4405 1404 4457 1548 on
4536 1404 4575 1548 ſe
4653 1404 4875 1548 doibt
4927 1404 5019 1548 re-

610 1546 779 1689 tirer
844 1546 1038 1689 pour
1116 1546 1389 1689 eſviter
1441 1546 1492 1689 le
1570 1546 1830 1689 coup.
1946 1546 2258 1689 L’autre,
2336 1546 2595 1689 quand
2673 1546 2738 1689 on
2828 1546 3010 1689 peut
3075 1546 3412 1689 avancer
3542 1546 3542 1689 &
3607 1546 3996 1689 ſujetter,
4087 1546 4242 1689 ſans
4320 1546 4502 1689 eſtre
4580 1546 4619 1689 en
4735 1546 5021 1689 danger

619 1684 806 1831 pour
859 1684 899 1831 le
966 1684 1180 1831 poids
1260 1684 1313 1831 de
1393 1684 1580 1831 ceſte
1647 1684 2035 1831 puiſſante
2088 1684 2328 1831 lame.
2395 1684 2609 1831 L’une
2716 1684 2729 1831 &
2769 1684 3036 1831 l’autre
3117 1684 3304 1831 vous
3370 1684 3491 1831 ont
3571 1684 3718 1831 eſté
3785 1684 4305 1831 emplement
4386 1684 4760 1831 deduites
4813 1684 4867 1831 en
4960 1684 5027 1831 ce

642 1819 1008 1968 Tableau,
1089 1819 1102 1968 &
1157 1819 1292 1968 aux
1360 1819 1996 1968 enſeignemens
2050 1819 2063 1968 y
2118 1819 2551 1968 adjoins,
2659 1819 3160 1968 moyennant
3227 1819 3430 1968 qu’ils
3471 1819 3769 1968 ſoyent
3823 1819 3972 1968 bien
4039 1819 4297 1968 ſuivis.
