5479 7714
1276 3823 1598 4007 Cercle
1813 3823 2006 4007 N.3

575 4076 818 4193 Zacharie
873 4076 1083 4193 s’eſtant
1149 4076 1205 4193 mis
1249 4076 1282 4193 en
1348 4076 1547 4193 poſture
1591 4076 1702 4193 avec
1768 4076 1956 4193 l’eſpee
2022 4076 2342 4193 adcendente
2409 4076 2629 4193 derriere

659 4199 692 4314 la
737 4199 883 4314 teſte,
973 4199 1253 4314 Alexandre
1309 4199 1433 4314 tient
1489 4199 1500 4314 à
1545 4199 1825 4314 l’encontre
1870 4199 1904 4314 le
1949 4199 2050 4314 bras
2139 4199 2139 4314 &
2184 4199 2319 4314 eſpee
2364 4199 2622 4314 eſtandus,

660 4318 660 4435 l
736 4318 910 4435 pointe
965 4318 1161 4435 d’icelle
1215 4318 1618 4435 adcendente.

1221 6471 1530 6644 Cercle
1750 6471 2037 6644 N.2.

1502 1935 1697 2153 Pres
1785 1935 2069 2153 avoir
2193 1935 2334 2153 mis
2423 1935 2529 2153 fin
2653 1935 2812 2153 aux
2954 1935 3184 2153 deux
3291 1935 3910 2153 operations
3999 1935 4619 2153 principales
4760 1935 4902 2153 des

1452 2134 1622 2287 deux
1726 2134 2105 2287 Tableaux
2170 2134 2640 2287 precedens,
2693 2134 2888 2287 nous
2941 2134 3176 2287 avons
3241 2134 3450 2287 voulu
3515 2134 3920 2287 adjouſter
3999 2134 4051 2287 en
4155 2134 4599 2287 ceſtuy-cy,
4678 2134 4887 2287 com-

1460 2283 1640 2426 ment
1704 2283 1768 2426 on
1832 2283 1883 2426 ſe
1960 2283 2165 2426 doibt
2242 2283 2730 2426 gouverner,
2807 2283 3076 2426 contre
3153 2283 3319 2426 ceux
3409 2283 3512 2426 qui
3576 2283 3897 2426 portent
3961 2283 4115 2426 leur
4191 2283 4422 2426 coups
4474 2283 4640 2426 avec
4717 2283 4884 2426 plus

1439 2419 1724 2559 grande
1778 2419 1981 2559 force
2103 2419 2103 2559 &
2185 2419 2564 2559 violance:
2700 2419 2795 2559 Car
2862 2419 2903 2559 ſi
2957 2419 2998 2559 la
3052 2419 3283 2559 partie
3364 2419 3473 2559 qui
3527 2419 3906 2559 ſembloit
3961 2419 4137 2559 eſtre
4205 2419 4327 2559 loin
4449 2419 4503 2559 dé
4571 2419 4761 2559 nous
4828 2419 4883 2559 ſe

1424 2557 1734 2703 remue,
1837 2557 1850 2703 &
1902 2557 2005 2703 par
2083 2557 2147 2703 un
2251 2557 2483 2703 grand
2587 2557 3103 2703 mouvement
3155 2557 3568 2703 s’aproche
3620 2557 3762 2703 fort
3840 2557 3891 2703 de
3943 2557 4176 2703 nous,
4227 2557 4253 2703 il
4305 2557 4395 2703 eſt
4460 2557 4873 2703 neceſſaire

1433 2690 1631 2838 qu’on
1723 2690 1776 2838 ſe
1842 2690 2065 2838 retire
2131 2690 2302 2838 auſſi
2355 2690 2368 2838 à
2447 2690 2961 2838 proportion,
3026 2690 3751 2838 s’accommodant
3803 2690 3803 2838 à
3856 2690 3895 2838 la
3961 2690 4356 2838 neceſſité.
4527 2690 4593 2838 Au
4685 2690 4870 2838 reſte

565 2831 740 2971 vous
790 2831 1214 2971 trouverez
1276 2831 1601 2971 encores
1663 2831 1713 2971 en
1800 2831 1862 2971 ce
1950 2831 2249 2971 Tableau
2361 2831 2536 2971 deux
2586 2831 2835 2971 autres
2898 2831 3359 2971 operations
3421 2831 3658 2971 oultre
3708 2831 3808 2971 les
3870 2831 4232 2971 ſuſdites.
4344 2831 4407 2971 La
4482 2831 4868 2971 premiere

558 2961 599 3110 ſe
667 2961 1075 3110 praique
1129 2961 1496 3110 aiſemẽt,
1537 2961 1645 3110 ſur
1700 2961 1836 3110 une
1890 2961 2094 3110 eſpee
2148 2961 2148 3110 à
2230 2961 2406 3110 deux
2501 2961 2705 3110 mains
2773 2961 2882 3110 qui
2922 2961 2936 3110 à
2977 2961 3018 3110 la
3085 2961 3357 3110 pointe
3412 2961 3683 3110 baiſſée
3792 2961 3792 3110 &
3833 2961 3873 3110 la
3941 2961 4281 3110 poignée
4335 2961 4607 3110 haute,
4661 2961 4879 3110 pour-

568 3108 674 3248 veu
768 3108 954 3248 qu’on
1034 3108 1074 3248 ſe
1154 3108 1368 3248 garde
1434 3108 1501 3248 de
1554 3108 1821 3248 n’eſtre
1874 3108 1994 3248 pas
2034 3108 2208 3248 trop
2261 3108 2674 3248 precipité,
2728 3108 2768 3248 en
2848 3108 3181 3248 prenant
3234 3108 3274 3248 la
3328 3108 3714 3248 premiere
3768 3108 4154 3248 aproche.
4234 3108 4554 3248 L’autre,
4581 3108 4688 3248 ſur
4741 3108 4888 3248 une

558 3240 748 3383 lame
830 3240 953 3383 que
1021 3240 1497 3383 l’adverſaire
1565 3240 1920 3383 preſente
1988 3240 2042 3383 en
2124 3240 2328 3383 ligne
2396 3240 2682 3383 droie
2750 3240 2927 3383 avec
2982 3240 3077 3383 les
3132 3240 3295 3383 bras
3377 3240 3676 3383 croiſez,
3744 3240 3935 3383 pour
3990 3240 4262 3383 porter
4330 3240 4494 3383 plus
4562 3240 4848 3383 aſſeure

587 3380 776 3521 ment
839 3380 940 3521 ſon
1029 3380 1282 3521 coup;
1332 3380 1598 3521 lequel
1661 3380 1914 3521 eſtant
1977 3380 2128 3521 bien
2217 3380 2546 3521 attaqué
2596 3380 2596 3521 à
2659 3380 2697 3521 la
2760 3380 3152 3521 premiere
3203 3380 3582 3521 aproche,
3632 3380 3721 3521 s’il
3771 3380 3847 3521 ne
3898 3380 3948 3521 ſe
3999 3380 4302 3521 remue,
4353 3380 4378 3521 il
4441 3380 4517 3521 ne
4580 3380 4871 3521 pourra

571 3517 828 3656 eſviter
882 3517 949 3656 un
1030 3517 1220 3656 coup
1301 3517 1774 3656 d’eſtocade,
1842 3517 1896 3656 ou
1991 3517 2599 3656 d’eſtramaçon,
2653 3517 2842 3656 ſelon
2910 3517 2951 3656 la
3018 3517 3370 3656 diverſité
3437 3517 3492 3656 de
3546 3517 3951 3656 l’occaſion
4032 3517 4141 3656 qui
4195 3517 4235 3656 ſe
4303 3517 4776 3656 preſentera.

965 1373 1123 1586 DE
1262 1373 1281 1586 C
1400 1373 2469 1586 LARATION
2746 1373 2983 1586 DES
3221 1373 4567 1586 OPERATIONS

1188 1586 1275 1747 DV
1464 1586 2058 1747 TABLEAV
2246 1586 2811 1747 VNZIESME
2971 1586 3087 1747 DV
3231 1586 3753 1747 SECOND
3912 1586 4304 1747 LIVRE,

1410 1698 1476 1825 DE
1584 1698 1910 1825 L’ESPEE
2019 1698 2269 1825 SEVLE
2400 1698 2769 1825 CONTRE
2878 1698 3172 1825 L’ESPEE
3291 1698 3302 1825 A
3422 1698 4052 1825 DEVX-MAINS.

2920 3775 3113 3902 maçon:
3209 3775 3317 3902 mais
3414 3775 3703 3902 Alexandre
3751 3775 3992 3902 l’eſvite,
4088 3775 4100 3902 &
4149 3775 4293 3902 baiſſe
4341 3775 4450 3902 tant
4486 3775 4558 3902 ſon
4618 3775 4751 3902 eſpee
4799 3775 4883 3902 que

2900 3904 3004 4023 celle
3069 3904 3095 4023 de
3134 3904 3173 4023 ſa
3225 3904 3381 4023 partie
3433 3904 3563 4023 paſſe
3602 3904 3693 4023 par
3745 3904 3914 4023 deſſus.

3274 4034 3510 4152 Omme
3604 4034 3616 4152 A
3675 4034 4135 4152 LEXANDRE
4206 4034 4289 4152 eſt
4348 4034 4395 4152 en
4454 4034 4501 4152 la
4560 4034 4867 4152 poſture

3238 4154 3296 4279 cy
3390 4154 3625 4279 deſſus
3683 4154 4023 4279 declarée
4187 4154 4633 4279 ZACHARIE
4703 4154 4879 4279 voy-

3231 4280 3340 4396 ant
3413 4280 3571 4396 qu’il
3631 4280 3644 4396 y
3692 4280 3692 4396 à
3765 4280 4129 4396 aparance
4201 4280 4359 4396 qu’il
4395 4280 4456 4396 le
4517 4280 4869 4396 pourroit

3232 4399 3623 4497 toucher,
3710 4399 4004 4497 avance
4080 4399 4482 4497 viſtement
4548 4399 4602 4497 le
4678 4399 4863 4497 coſté

2842 4521 2842 4642 &
2916 4521 3087 4642 pied
3161 4521 3430 4642 droi,
3528 4521 3847 4642 dreſſant
3932 4521 3981 4642 de
4067 4521 4288 4642 toute
4349 4521 4398 4642 ſa
4471 4521 4680 4642 force
4753 4521 4851 4642 ſon

2788 4646 2964 4763 coup
3057 4646 3585 4763 d’eſtramaçon
3690 4646 3842 4763 vers
3901 4646 3948 4763 ſa
4006 4646 4299 4763 partie,
4393 4646 4428 4763 il
4487 4646 4744 4763 plante
4803 4646 4862 4763 le

2778 4768 2948 4888 pied
3009 4768 3240 4888 eſlevé
3288 4768 3398 4888 ſur
3434 4768 3495 4888 le
3580 4768 3957 4888 Diametre
4017 4768 4212 4888 entre
4260 4768 4321 4888 le
4406 4768 4661 4888 Centre
4770 4768 4770 4888 &
4819 4768 4855 4888 la

2773 4890 3006 5016 lettre
3087 4890 3134 5016 R:
3215 4890 3367 5016 mais
3437 4890 4065 5016 ALEXANDRE
4123 4890 4449 5016 prenant
4530 4890 4868 5016 expreſſe

2793 5011 3006 5135 garde
3050 5011 3106 5135 au
3174 5011 3465 5135 temps,
3521 5011 3834 5135 mettant
3890 5011 3935 5135 au
4024 5011 4729 5135 commencement
4797 5011 4841 5135 du

2815 5132 3312 5254 mouvement
3383 5132 3430 5254 le
3513 5132 3679 5254 pied
3761 5132 4045 5254 gauche
4140 5132 4341 5254 qu’aſi
4412 5132 4471 5254 au
4566 5132 4696 5254 coin
4791 5132 4850 5254 du

2835 5257 3185 5383 Quadrat,
3235 5257 3460 5383 retire
3510 5257 3560 5383 le
3623 5257 3810 5383 droit
3873 5257 4161 5383 environ
4248 5257 4286 5383 la
4361 5257 4586 5383 lettre
4686 5257 4736 5383 C,
4861 5257 4873 5383 &

2773 5380 2966 5500 pour
3034 5380 3215 5500 avec
3283 5380 3442 5500 plus
3510 5380 3578 5500 de
3646 5380 3941 5500 ſeureté
3997 5380 4247 5500 eſviter
4303 5380 4349 5500 le
4417 5380 4587 5500 coup
4677 5380 4859 5500 men-

2776 5501 3081 5621 tionné,
3117 5501 3154 5621 il
3215 5501 3434 5621 baiſſé
3483 5501 3641 5621 tant
3690 5501 3787 5621 ſon
3872 5501 4104 5621 eſpee,
4177 5501 4299 5621 que
4384 5501 4542 5621 celle
4640 5501 4688 5621 de
4749 5501 4847 5621 ſon

2787 5623 3169 5746 contraire
3219 5623 3404 5746 paſſe
3453 5623 3884 5746 juſtement
3934 5623 4045 5746 par
4106 5623 4377 5746 deſſus.

3526 5764 3833 5960 Cercle
4074 5764 4294 5960 3.

2790 5971 2970 6087 Comme
3049 5971 3296 6087 Zacharie
3341 5971 3352 6087 à
3397 5971 3577 6087 achevé
3621 5971 3678 6087 ſon
3723 5971 3869 6087 coup.
3992 5971 4284 6087 Alexandre
4329 5971 4408 6087 qui
4464 5971 4644 6087 s’eſtoit
4711 5971 4869 6087 retiré

2904 6087 3136 6216 avance,
3246 6087 3258 6216 &
3307 6087 3454 6216 ayant
3515 6087 3625 6216 mené
3674 6087 3735 6216 ſon
3784 6087 3918 6216 eſpee
3967 6087 4052 6216 par
4101 6087 4248 6216 deſſus
4285 6087 4517 6216 l’autre,
4566 6087 4602 6216 il
4639 6087 4773 6216 bleſſe
4822 6087 4859 6216 ſa

2889 6223 3068 6342 partie
3113 6223 3124 6342 à
3169 6223 3202 6342 la
3247 6223 3516 6342 poitrine;
3561 6223 3662 6342 puis
3695 6223 3986 6342 augmente
4031 6223 4087 6342 ſon
4143 6223 4278 6342 coup.

3272 6352 3594 6468 ECercle
3655 6352 3940 6468 cõtient
3977 6352 4027 6468 la
4077 6352 4485 6468 pourſuite
4584 6352 4597 6468 &
4646 6352 4869 6468 l’exe-

3243 6475 3480 6600 cution
3574 6475 3669 6600 des
3752 6475 3930 6600 deux
3977 6475 4463 6600 precedens.
4594 6475 4866 6600 Cepen-

3252 6596 3405 6722 dant
3499 6596 3628 6722 que
3769 6596 4287 6722 ZACHARIE
4358 6596 4652 6722 acheve
4734 6596 4840 6722 ſon

3240 6722 3431 6847 coup
3538 6722 3980 6847 mentionné
4076 6722 4123 6847 au
4267 6722 4505 6847 Cercle
4589 6722 4863 6847 prece-

4661 6845 4849 6941 dent,

1020 4530 1032 4650 A
1114 4530 1444 4650 CHARIE
1515 4530 1809 4650 S’eſtant
1904 4530 1998 4650 mis
2069 4530 2116 4650 en
2186 4530 2540 4650 poſture,
2587 4530 2634 4650 le

992 4654 1163 4775 pied
1225 4654 1506 4775 gauche
1568 4654 1776 4775 roide
1837 4654 2082 4775 planté
2156 4654 2254 4775 ſur
2303 4654 2340 4775 la
2401 4654 2634 4775 lettre

1048 4778 1100 4898 X,
1151 4778 1202 4898 le
1291 4778 1521 4898 droi
1585 4778 1764 4898 avec
1828 4778 1879 4898 le
1943 4778 2173 4898 genou
2262 4778 2480 4898 ployé
2556 4778 2620 4898 un

995 4903 1119 5019 bon
1198 4903 1311 5019 pas
1379 4903 1424 5019 en
1492 4903 1819 5019 arriere,
1864 4903 1921 5019 le
1988 4903 2203 5019 corps
2271 4903 2632 5019 repoſant

548 5023 645 5143 ſur
706 5023 1022 5143 iceluy,
1071 5023 1119 5143 la
1204 5023 1350 5143 main
1435 5023 1714 5143 droie
1787 5023 1787 5143 à
1860 5023 1897 5143 la
1957 5023 2297 5143 branche
2382 5023 2443 5143 de
2504 5023 2638 5143 l’eſ-

549 5147 739 5268 pee,
799 5147 834 5268 la
929 5147 1215 5268 gauche
1286 5147 1346 5268 au
1429 5147 1833 5268 pommeau
1940 5147 2273 5268 d’icelle,
2333 5147 2380 5268 la
2440 5147 2630 5268 lame

560 5266 886 5387 tendant
968 5266 1282 5387 derriere
1329 5266 1375 5387 la
1434 5266 1655 5387 teſte,
1725 5266 1771 5387 en
1853 5266 2016 5387 eſtat
2086 5266 2272 5387 pour
2353 5266 2633 5387 donner

558 5392 618 5510 un
702 5392 965 5510 peſant
1025 5392 1204 5510 coup
1300 5392 1887 5510 d’eſtramaçon;
1946 5392 1982 5510 il
2042 5392 2305 5510 attend
2377 5392 2545 5510 ainſi
2581 5392 2628 5510 ſa

549 5515 806 5634 partie,
873 5515 884 5634 A
951 5515 1454 5634 LEXANDRE
1510 5515 1789 5634 venant
1833 5515 1845 5634 à
1900 5515 2369 5634 l’encontre,
2403 5515 2626 5634 ayant

545 5637 797 5756 planté
857 5637 917 5756 le
977 5637 1132 5756 pied
1216 5637 1504 5756 gauche
1588 5637 1875 5756 environ
1959 5637 1995 5756 la
2067 5637 2462 5756 premiere
2534 5637 2630 5756 In-

552 5756 828 5879 ſtance,
874 5756 1220 5879 aproche
1266 5756 1716 5879 lentement
1762 5756 1820 5879 le
1877 5756 2119 5879 corps,
2223 5756 2223 5879 &
2281 5756 2626 5879 plantant

547 5878 597 5999 le
659 5878 833 5999 pied
920 5878 1145 5999 droi
1219 5878 1219 5999 à
1294 5878 1331 5999 la
1431 5878 1867 5999 deuxieſme
1929 5878 2315 5999 Inſtance,
2365 5878 2403 5999 il
2440 5878 2639 5999 tient

545 6003 593 6126 le
654 6003 811 6126 bras
920 6003 920 6126 &
992 6003 1186 6126 eſpee
1258 6003 1645 6126 eſtandus,
1706 6003 1754 6126 en
1839 6003 2020 6126 ſorte
2093 6003 2213 6126 que
2262 6003 2310 6126 la
2359 6003 2625 6126 pointe

540 6125 1054 6244 adcendente
1134 6125 1466 6244 d’icelle,
1546 6125 1740 6244 vient
1809 6125 2232 6244 reſpondre
2334 6125 2620 6244 comme

556 6253 618 6371 on
680 6253 729 6371 la
791 6253 952 6371 void
1002 6253 1262 6371 peinte
1312 6253 1423 6371 ſur
1460 6253 1522 6371 le
1572 6253 1708 6371 plan
1795 6253 1845 6371 du
1956 6253 2229 6371 Cercle.

585 6724 834 6845 Lacharie
867 6724 1082 6845 croyant
1127 6724 1342 6845 pouvoir
1376 6724 1590 6845 toucher
1624 6724 1658 6845 ſa
1714 6724 1906 6845 partie,
1929 6724 2008 6845 luy
2042 6724 2132 6845 tire
2177 6724 2223 6845 un
2268 6724 2381 6845 coup
2437 6724 2641 6845 d’eſtra-
