5479 7714
604 449 823 585 dent,
919 449 1465 585 ALEXANDRE
1550 449 1659 585 qui
1731 449 2010 585 s’eſtoit
2143 449 2143 585 n
2240 449 2361 585 peu
2495 449 2701 585 ciré;

597 579 876 710 avance
927 579 1130 710 (auſſi
1181 579 1321 710 toſt
1397 579 1524 710 que
1574 579 1841 710 l’eſpee
1917 579 1980 710 de
2031 579 2069 710 ſa
2133 579 2374 710 partie
2437 579 2513 710 eſt
2564 579 2704 710 paſ-

579 706 685 833 ſée
731 706 778 833 la
825 706 1305 833 ſienne)d’un
1387 706 1797 833 continuel
1868 706 2372 833 mouvement
2418 706 2465 833 le
2524 706 2700 833 pied

607 827 831 958 droi
955 827 955 958 &
1004 827 1054 958 le
1116 827 1376 958 corps,
1500 827 1500 958 &
1575 827 1798 958 ayant
1885 827 2071 958 mené
2145 827 2244 958 ſon
2319 827 2529 958 eſpee
2579 827 2691 958 par

607 954 843 1084 deſſus
905 954 1078 1084 celle
1140 954 1202 1084 de
1252 954 1351 1084 ſon
1437 954 1846 1084 contraire,
1871 954 1908 1084 il
1946 954 1995 1084 le
2045 954 2280 1084 bleſſe
2330 954 2342 1084 à
2392 954 2429 1084 la
2491 954 2701 1084 poic-

582 1080 833 1209 trine;
905 1080 1072 1209 puis
1132 1080 1490 1209 plantant
1538 1080 1586 1209 le
1657 1080 1837 1209 pied
1896 1080 2123 1209 eſlevé
2183 1080 2362 1209 avec
2422 1080 2529 1209 les
2601 1080 2697 1209 or-

581 1205 756 1334 teils
831 1205 1142 1334 d’iceluy
1217 1205 1417 1334 entre
1467 1205 1566 1334 les
1616 1205 1890 1334 lettres
1990 1205 1990 1334 E
2102 1205 2140 1334 H,
2202 1205 2240 1334 il
2289 1205 2514 1334 perce
2564 1205 2676 1334 ſon

587 1328 770 1461 coup
862 1328 1493 1461 encommencé;
1585 1328 1883 1461 comme
1952 1328 2055 1461 les
2124 1328 2422 1461 figures
2514 1328 2697 1461 mon-

576 1462 844 1550 ſtrent.

1324 1978 1624 2142 Cercle
1838 1978 2096 2142 N.4.

602 2183 744 2319 Apres
792 2183 1218 2319 qu’Alexandre
1266 2183 1278 2319 à
1313 2183 1420 2319 levé
1456 2183 1479 2319 le
1527 2183 1645 2319 pied
1693 2183 1870 2319 droict,
1941 2183 2190 2319 Zacharie
2238 2183 2273 2319 ſe
2309 2183 2534 2319 prepare
2581 2183 2700 2319 pour

679 2316 940 2434 executer
985 2316 1042 2434 ſon
1099 2316 1246 2434 coup:
1360 2316 1462 2434 mais
1564 2316 1859 2434 Alexandre
1904 2316 2063 2434 avant
2131 2316 2245 2434 qu’il
2290 2316 2313 2434 le
2358 2316 2506 2434 puiſſe
2551 2316 2687 2434 faire

684 2434 708 2562 le
757 2434 892 2562 bleſſe
954 2434 990 2562 au
1052 2434 1248 2562 viſage;
1297 2434 1395 2562 puis
1444 2434 1726 2562 augmente
1763 2434 1824 2562 ſon
1885 2434 2020 2562 coup.

1057 2605 1069 2722 E
1184 2605 1425 2722 Cercle
1502 2605 1629 2722 tire
1705 2605 1743 2722 ſa
1832 2605 2112 2722 ſource
2201 2605 2265 2722 de
2328 2605 2366 2722 la
2443 2605 2506 2722 fin
2621 2605 2672 2722 du

1069 2730 1318 2849 Cercle
1417 2730 1455 2849 N.
1505 2730 1542 2849 1.
1654 2730 1766 2849 Les
1841 2730 2127 2849 parties
2202 2730 2426 2849 eſtant
2513 2730 2562 2849 en
2649 2730 2687 2849 la

1051 2854 1311 2976 meſme
1394 2854 1748 2976 poſture,
1889 2854 1889 2976 Z
1949 2854 2350 2976 ACHARIE
2421 2854 2692 2976 attand

1027 2979 1182 3104 ſans
1229 2979 1669 3104 travailler,
1741 2979 2062 3104 juſques
2133 2979 2133 3104 à
2228 2979 2276 3104 ce
2371 2979 2502 3104 que
2561 2979 2656 3104 ſon

572 3102 960 3227 contraire
1033 3102 1118 3227 ait
1179 3102 1336 3227 levé
1397 3102 1457 3227 le
1506 3102 1688 3227 pied
1773 3102 2003 3227 droi
2076 3102 2270 3227 pour
2331 3102 2500 3227 faire
2573 3102 2670 3227 ſon

578 3234 1020 3350 operation,
1100 3234 1156 3350 ce
1236 3234 1599 3350 qu’ayant
1667 3234 2120 3350 remarqué,
2188 3234 2222 3350 il
2279 3234 2676 3350 commen-

568 3341 629 3473 ce
691 3341 703 3473 à
777 3341 1047 3473 dreſſer
1096 3341 1145 3473 le
1218 3341 1427 3473 corps
1550 3341 1562 3473 &
1611 3341 1881 3473 l’eſpee
1930 3341 2126 3473 pour
2212 3341 2494 3473 donner
2568 3341 2666 3473 ſon

565 3473 1107 3609 eſtramaçon:
1234 3473 1395 3609 mais
1476 3473 2295 3609 ALEXANDREayant
2341 3473 2491 3609 lors
2548 3473 2675 3609 gai-

570 3600 683 3730 gné
733 3600 1169 3730 l’avantage
1257 3600 1381 3730 d’un
1494 3600 1693 3730 demi
1756 3600 2055 3730 temps,
2118 3600 2342 3730 bleſſe
2405 3600 2504 3730 (en
2592 3600 2679 3730 le-

565 3724 727 3855 vant
801 3724 851 3855 le
913 3724 1074 3855 pied
1149 3724 1435 3855 droi)
1497 3724 1546 3855 ſa
1621 3724 1857 3855 partie
1932 3724 1981 3855 au
2068 3724 2342 3855 viſage,
2416 3724 2677 3855 devant

562 3846 733 3980 qu’il
782 3846 1014 3980 puiſſe
1087 3846 1466 3980 executer
1527 3846 1637 3980 ſon
1711 3846 2175 3980 intention;
2261 3846 2432 3980 puis
2481 3846 2688 3980 plan-

555 3974 714 4103 tant
780 3974 833 4103 le
886 3974 1058 4103 pied
1111 3974 1350 4103 eſlevé
1403 3974 1509 4103 ſur
1549 3974 1589 4103 la
1655 3974 1854 4103 ligne
1947 3974 1947 4103 L
2066 3974 2119 4103 Q,
2172 3974 2198 4103 il
2251 3974 2517 4103 pouſſe
2570 3974 2662 4103 ſon

560 4096 926 4227 eſtocade
995 4096 1659 4227 encommencée;
1739 4096 2037 4227 comme
2083 4096 2117 4227 il
2174 4096 2231 4227 ſe
2300 4096 2472 4227 void
2540 4096 2678 4227 aux

554 4230 879 4348 figures.

1327 4716 1644 4895 Cercle
1848 4716 2120 4895 N.5.

584 4921 832 5048 Zacharie
878 4921 1092 5048 s’eſtant
1160 4921 1228 5048 mis
1262 4921 1296 5048 en
1352 4921 1555 5048 poſture
1601 4921 1714 5048 avec
1770 4921 1962 5048 l’eſpee
2007 4921 2041 5048 la
2086 4921 2256 5048 pointe
2301 4921 2538 5048 tandant
2595 4921 2696 5048 der-

667 5048 797 5173 riere
840 5048 883 5173 la
927 5048 1078 5173 teſte,
1142 5048 1358 5173 preparé
1412 5048 1531 5173 pour
1596 5048 1758 5173 donner
1823 5048 1866 5173 un
1909 5048 2028 5173 coup
2103 5048 2524 5173 d’eſtramaçon;
2654 5048 2686 5173 A-

677 5173 944 5300 lexandre
990 5173 1176 5300 eſtand
1211 5173 1234 5300 le
1281 5173 1386 5300 bras
1537 5173 1723 5300 l’eſpee
1769 5173 1781 5300 à
1827 5173 2141 5300 l’encontre,
2187 5173 2222 5300 la
2269 5173 2431 5300 pointe
2490 5173 2687 5300 d’icelle

667 5304 869 5420 environ
923 5304 955 5420 la
1008 5304 1114 5420 veuë
1178 5304 1210 5420 de
1253 5304 1285 5420 ſa
1338 5304 1594 5420 partie-

1056 5453 1477 5584 ACHARIE
1550 5453 1851 5584 S’eſtant
1947 5453 2043 5584 mis
2128 5453 2164 5584 en
2260 5453 2573 5584 poſture
2634 5453 2694 5584 le

1031 5579 1210 5707 pied
1274 5579 1505 5707 droi
1582 5579 1851 5707 devant
1915 5579 2017 5707 ſur
2081 5579 2120 5707 la
2171 5579 2402 5707 lettre
2530 5579 2568 5707 X,
2632 5579 2696 5707 le

1036 5707 1333 5834 gauche
1395 5707 1618 5834 (avec
1668 5707 1718 5834 le
1780 5707 2003 5834 genou
2077 5707 2350 5834 ployé)
2399 5707 2461 5834 un
2548 5707 2672 5834 bon

1019 5835 1147 5962 pas
1205 5835 1252 5962 en
1321 5835 1636 5962 arriere,
1682 5835 1869 5962 s’apu
1939 5835 2102 5962 yant
2148 5835 2195 5962 le
2265 5835 2474 5962 corps
2544 5835 2684 5962 deſ-

556 5955 705 6084 ſus,
767 5955 804 6084 la
903 5955 1052 6084 main
1139 5955 1425 6084 droie
1499 5955 1561 6084 au
1623 5955 2046 6084 pommeau
2133 5955 2195 6084 de
2257 5955 2567 6084 l’eſpee,
2679 5955 2679 6084 &

554 6081 603 6207 la
664 6081 956 6207 gauche
1017 6081 1029 6207 à
1078 6081 1115 6207 la
1188 6081 1529 6207 branche
1602 6081 1932 6207 d’icelle,
1993 6081 2322 6207 tendant
2383 6081 2419 6207 la
2480 6081 2675 6207 lame

581 6204 908 6332 derriere
978 6204 1013 6332 ſa
1095 6204 1316 6332 teſte,
1386 6204 1713 6332 preparé
1783 6204 1970 6332 pour
2040 6204 2331 6332 donner
2390 6204 2460 6332 un
2530 6204 2658 6332 bon

577 6330 760 6457 coup
846 6330 1456 6457 d’eſtramaçon;
1504 6330 1541 6457 il
1590 6330 1858 6457 attand
1919 6330 2090 6457 ainſi
2127 6330 2175 6457 ſa
2224 6330 2505 6457 partie.
2615 6330 2688 6457 A-

571 6456 1035 6583 LEXANDRE
1095 6456 1405 6583 s’eſtant
1440 6456 1905 6583 lentement
1952 6456 2345 6583 aproché,
2417 6456 2667 6583 plante

558 6579 607 6703 le
679 6579 849 6703 pied
922 6579 1213 6703 gauche
1298 6579 1589 6703 environ
1674 6579 1711 6703 la
1795 6579 2232 6703 deuxieſme
2293 6579 2669 6703 Inſtance,

574 6709 981 6829 eſtandant
1018 6709 1080 6829 le
1129 6709 1290 6829 bras
1401 6709 1413 6829 &
1450 6709 1722 6829 l’eſpee
1784 6709 1845 6829 de
1895 6709 2129 6829 ſorte,
2179 6709 2315 6829 que
2364 6709 2413 6829 la
2475 6709 2685 6829 poin-

571 6834 619 6956 te
679 6834 1195 6956 adcendente
1243 6834 1579 6956 reſpond
1639 6834 1963 6956 preſque
2011 6834 2023 6956 à
2071 6834 2119 6956 la
2179 6834 2371 6956 veuë
2431 6834 2503 6956 de
2551 6834 2647 6956 ſon

576 6956 994 7087 contraire,
1031 6956 1068 7087 il
1117 6956 1375 7087 attand
1424 6956 1879 7087 l’operation
1965 6956 2309 7087 d’iceluy.

3619 444 4384 602 CercleN6.

2884 638 3137 777 Zacharie
3185 638 3329 777 dreſſe
3390 638 3414 777 de
3462 638 3606 777 toute
3655 638 3691 777 ſa
3739 638 3859 777 force
3908 638 3968 777 ſon
4016 638 4124 777 coup
4197 638 4582 777 d’eſtramaçon
4630 638 4751 777 vers
4787 638 4823 777 ſa
4871 638 4992 777 par-

2963 766 3059 903 tie.
3191 766 3491 903 Alexandre
3539 766 3671 903 evite
3707 766 3731 903 le
3779 766 3923 903 coup,
4019 766 4019 903 &
4067 766 4223 903 baiſſe
4259 766 4319 903 ſon
4379 766 4512 903 eſpee
4560 766 4668 903 tant
4728 766 4812 903 que
4860 766 4980 903 celle

2982 907 3009 1033 de
3049 907 3090 1033 ſa
3143 907 3305 1033 partie
3358 907 3479 1033 paſſe
3533 907 3614 1033 par
3668 907 3842 1033 deſſus.

3323 1061 3346 1196 A
3416 1061 3757 1196 CHARIE
3827 1061 4120 1196 voyant
4179 1061 4214 1196 ſa
4284 1061 4519 1196 partie
4613 1061 4660 1196 en
4742 1061 4789 1196 la
4847 1061 4976 1196 po-

3297 1190 3492 1317 ſture
3590 1190 3920 1317 declarée
3993 1190 4055 1317 au
4177 1190 4421 1317 Cercle
4495 1190 4971 1317 precedent,

3294 1320 3526 1450 ayant
3608 1320 4025 1450 eſperance
4130 1320 4188 1450 de
4257 1320 4315 1450 le
4396 1320 4733 1450 pouvoir
4802 1320 4976 1450 tou-

3305 1429 3497 1555 cher,
3557 1429 3844 1555 avance
3916 1429 4348 1555 viſtement
4419 1429 4467 1555 le
4527 1429 4731 1555 coſté
4839 1429 4851 1555 &
4922 1429 4970 1555 le

2835 1568 3009 1706 pied
3071 1568 3395 1706 gauche,
3494 1568 3494 1706 &
3569 1568 3892 1706 dreſſant
3942 1568 4041 1706 ſon
4129 1568 4601 1706 eſtramaçon
4701 1568 4763 1706 de
4813 1568 4987 1706 tou-

2835 1694 2897 1832 te
2946 1694 2983 1832 ſa
3045 1694 3256 1832 force
3331 1694 3479 1832 vers
3529 1694 3566 1832 ſa
3628 1694 3901 1832 partie,
3938 1694 3976 1832 il
4013 1694 4273 1832 plante
4323 1694 4372 1832 le
4434 1694 4608 1832 pied
4670 1694 4968 1832 gauche

2845 1823 3076 1937 eſlevé
3137 1823 3246 1937 ſur
3307 1823 3367 1937 le
3477 1823 3902 1937 Diametre,
3999 1823 4205 1937 entre
4266 1823 4314 1937 la
4375 1823 4618 1937 lettre
4715 1823 4727 1937 R
4861 1823 4861 1937 &
4921 1823 4970 1937 le

2869 1947 3179 2080 Centre.
3310 1947 3894 2080 ALEXANDRE
3977 1947 4311 2080 prenant
4394 1947 4656 2080 bonne
4751 1947 4966 2080 garde

2829 2075 2964 2209 aux
3031 2075 3482 2209 operations
3560 2075 3617 2209 de
3673 2075 3707 2209 ſa
3774 2075 4045 2209 partie,
4112 2075 4348 2209 ayant
4405 2075 4450 2209 au
4551 2075 4968 2209 commen-

2845 2199 3145 2335 cement
3229 2199 3277 2335 du
3373 2199 3829 2335 mouvemẽt
3889 2199 4238 2335 d’iceluy,
4310 2199 4418 2335 mis
4454 2199 4514 2335 le
4574 2199 4742 2335 pied
4814 2199 4970 2335 gau-

2847 2322 2958 2458 che
3020 2322 3330 2458 environ
3392 2322 3442 2458 le
3504 2322 3640 2458 coin
3739 2322 3789 2458 du
3913 2322 4260 2458 Quadrat,
4297 2322 4334 2458 il
4384 2322 4607 2458 attire
4656 2322 4706 2458 le
4780 2322 4966 2458 droit

2845 2451 3149 2585 environ
3209 2451 3258 2585 la
3306 2451 3537 2585 lettre
3622 2451 3671 2585 C,
3768 2451 3780 2585 &
3840 2451 4035 2585 pour
4083 2451 4241 2585 plus
4289 2451 4751 2585 ſeurement
4811 2451 4981 2585 eſvi-

2833 2576 2930 2709 ter
2978 2576 3039 2709 le
3112 2576 3305 2709 coup
3390 2576 3874 2709 mentionné,
3935 2576 3971 2709 il
4032 2576 4262 2709 baiſſe
4322 2576 4431 2709 ſon
4528 2576 4734 2709 eſpee
4807 2576 4964 2709 tant

2848 2701 2975 2837 que
3076 2701 3240 2837 celle
3328 2701 3379 2837 de
3454 2701 3492 2837 ſa
3568 2701 3808 2837 partie
3871 2701 4073 2837 paſſe
4136 2701 4578 2837 juſtement
4641 2701 4755 2837 par
4843 2701 4982 2837 deſ-

2833 2829 2979 2962 ſus;
3040 2829 3332 2962 comme
3380 2829 3490 2962 les
3538 2829 3830 2962 figures
3891 2829 4389 2962 enſeignent.

3576 3027 3895 3222 Cercle
4235 3027 4384 3222 N7.

2850 3259 3030 3382 Comme
3078 3259 3271 3382 l’eſpee
3331 3259 3367 3382 de
3439 3259 3691 3382 Zacharie
3739 3259 3836 3382 (en
3884 3259 4208 3382 continuant
4245 3259 4305 3382 ſon
4365 3259 4521 3382 coup)
4581 3259 4593 3382 à
4653 3259 4798 3382 paßé
4858 3259 4966 3382 celle

2961 3387 2996 3510 de
3043 3387 3079 3510 ſa
3138 3387 3363 3510 partie,
3458 3387 3754 3510 Alexandre
3813 3387 3967 3510 ayant
4026 3387 4145 3510 mené
4180 3387 4251 3510 ſon
4299 3387 4429 3510 eſpee
4500 3387 4583 3510 par
4642 3387 4796 3510 deſſus
4856 3387 4974 3510 celle

2961 3510 2999 3633 de
3037 3510 3100 3633 ſon
3151 3510 3416 3633 contraire
3479 3510 3504 3633 le
3567 3510 3706 3633 bleſſe
3757 3510 3757 3633 à
3807 3510 3845 3633 la
3883 3510 4022 3633 teſte;
4085 3510 4186 3633 puis
4249 3510 4401 3633 pouſſe
4464 3510 4527 3633 ſon
4577 3510 4691 3633 coup
4754 3510 4969 3633 juſques

2958 3643 2958 3755 à
3006 3643 3042 3755 la
3103 3643 3332 3755 garde.

3327 3787 3327 3919 E
3414 3787 3661 3919 Cercle
3722 3787 4019 3919 cõtient
4068 3787 4105 3919 la
4167 3787 4586 3919 pourſuite
4698 3787 4698 3919 &
4747 3787 4969 3919 l’exe-

3301 3915 3550 4046 cution
3656 3915 3763 4046 des
3846 3915 4035 4046 deux
4094 3915 4579 4046 precedens.
4686 3915 4982 4046 Cepen-

3311 4043 3473 4171 dant
3553 4043 3692 4171 que
3830 4043 4303 4171 ZACHARIE
4383 4043 4764 4171 continue
4845 4043 4948 4171 ſon

3295 4165 3488 4295 coup
3590 4165 4067 4295 commencé
4169 4165 4214 4295 au
4385 4165 4623 4295 Cercle
4691 4165 4975 4295 prece-

2853 4283 3045 4426 dent,
3160 4283 3160 4426 &
3236 4283 3364 4426 que
3415 4283 3517 4426 ſon
3594 4283 3811 4426 eſpee
3850 4283 3862 4426 à
3926 4283 4105 4426 paſſé
4182 4283 4361 4426 celle
4450 4283 4514 4426 de
4578 4283 4616 4426 ſa
4693 4283 4961 4426 partie,

2853 4410 3399 4546 ALEXANDRE
3446 4410 3624 4546 (qui
3671 4410 3967 4546 s’eſtoit
4015 4410 4086 4546 un
4157 4410 4275 4546 peu
4358 4410 4631 4546 retiré)
4678 4410 4963 4546 avance

2839 4535 2981 4668 d’un
3075 4535 3488 4668 continuel
3570 4535 4077 4668 mouvement
4136 4535 4195 4668 le
4265 4535 4430 4668 pied
4501 4535 4737 4668 droi
4855 4535 4855 4668 &
4914 4535 4961 4668 le

2844 4658 3111 4797 corps,
3232 4658 3232 4797 &
3280 4658 3510 4797 ayant
3595 4658 3789 4797 mené
3837 4658 3946 4797 ſon
4031 4658 4237 4797 eſpee
4297 4658 4406 4797 par
4479 4658 4721 4797 deſſus
4794 4658 4963 4797 celle

2856 4783 2918 4919 de
2967 4783 3066 4919 ſon
3152 4783 3572 4919 contraire,
3621 4783 3658 4919 il
3695 4783 3757 4919 le
3806 4783 4041 4919 bleſſe
4090 4783 4102 4919 à
4152 4783 4189 4919 la
4251 4783 4473 4919 teſte;
4534 4783 4707 4919 puis
4757 4783 4966 4919 plan-

2836 4910 2991 5044 tant
3062 4910 3110 5044 le
3181 4910 3360 5044 pied
3420 4910 3646 5044 eſlevé
3694 4910 3801 5044 ſur
3848 4910 3896 5044 le
3991 4910 4373 5044 Diametre
4432 4910 4646 5044 entre
4694 4910 4789 5044 les
4849 4910 4980 5044 let-

2833 5033 2979 5170 tres
3089 5033 3101 5170 C
3199 5033 3235 5170 H,
3284 5033 3321 5170 il
3394 5033 3662 5170 pouſſe
3735 5033 3833 5170 ſon
3918 5033 4101 5170 coup
4187 5033 4772 5170 encommencé
4833 5033 4980 5170 juſ-

2845 5160 3032 5297 ques
3082 5160 3095 5297 à
3144 5160 3182 5297 la
3257 5160 3506 5297 garde;
3593 5160 3905 5297 comme
3955 5160 3980 5297 il
4029 5160 4304 5297 appert
4354 5160 4491 5297 aux
4541 5160 4865 5297 figures.

3552 5691 3865 5871 Cercle
4177 5691 4356 5871 N8.

2838 5920 2925 6051 Les
2968 5920 3173 6051 parties
3216 5920 3379 6051 eſtant
3422 5920 3465 6051 en
3519 5920 3714 6051 poſture
3757 5920 3941 6051 comme
3995 5920 4038 6051 au
4114 5920 4276 6051 Cercle
4330 5920 4373 6051 5.
4513 5920 4816 6051 Alexandre
4859 5920 4967 6051 s’a-

2946 6048 3088 6182 vance
3132 6048 3252 6182 pour
3296 6048 3635 6182 travailler,
3766 6048 4017 6182 Zacharie
4061 6048 4094 6182 ſe
4149 6048 4378 6182 prepare
4422 6048 4542 6182 pour
4586 6048 4848 6182 executer
4892 6048 4958 6182 ſon

2939 6173 3105 6310 coup:
3176 6173 3283 6310 mais
3366 6173 3662 6310 Alexandre
3710 6173 3734 6310 le
3781 6173 4030 6310 previent
4125 6173 4125 6310 &
4172 6173 4196 6310 le
4244 6173 4386 6310 bleſſe
4433 6173 4469 6310 au
4528 6173 4801 6310 viſage.

3310 6343 3357 6479 Es
3440 6343 3904 6479 operations
3975 6343 4035 6479 de
4130 6343 4190 6479 ce
4297 6343 4534 6479 Cercle
4606 6343 4951 6479 prenent

3279 6471 3434 6601 leur
3499 6471 3783 6601 origine
3874 6471 3939 6601 de
3990 6471 4042 6601 la
4120 6471 4184 6601 fin
4288 6471 4339 6601 du
4443 6471 4689 6601 Cercle
4818 6471 4857 6601 N.
4908 6471 4947 6601 5.

3334 6593 3334 6708 &
3405 6593 3465 6708 du
3548 6593 4272 6708 commencement
4343 6593 4390 6708 du
4521 6593 4557 6708 N.
4616 6593 4652 6708 6.
4711 6593 4948 6708 eſtant

3268 6723 3364 6857 les
3424 6723 3700 6857 parties
3784 6723 3832 6857 en
3916 6723 4240 6857 poſture
4324 6723 4623 6857 comme
4683 6723 4947 6857 audi

2860 6844 3095 6991 Cercle
3232 6844 3269 6991 N.
3343 6844 3405 6991 5,
3529 6844 4125 6991 ALEXANDRE
4224 6844 4509 6991 voyant
4596 6844 4733 6991 que
4819 6844 4931 6991 ſon

2831 6973 3210 7114 contraire
3281 6973 3363 7114 ne
3434 6973 3482 7114 ſe
3553 6973 3824 7114 remue
3919 6973 4191 7114 point,
4285 6973 4581 7114 avance
4640 6973 4699 7114 le
4782 6973 4959 7114 pied

4715 7120 4953 7213 droi
