5479 7714
3337 1455 3398 1605 Es
3484 1455 3937 1605 operations
4023 1455 4084 1605 de
4169 1455 4231 1605 ce
4341 1455 4586 1605 Cercle
4659 1455 4953 1605 ſortent

3325 1594 3442 1718 des
3520 1594 3883 1718 poſtures
3986 1594 4025 1718 du
4168 1594 4401 1718 Cercle
4544 1594 4583 1718 N.
4660 1594 4699 1718 9.
4842 1594 4842 1718 Z
4907 1594 4946 1718 A-

3332 1722 3634 1838 CHARIE
3716 1722 3949 1838 eſtant
4030 1722 4077 1838 en
4158 1722 4472 1838 poſture
4565 1722 4856 1838 comme
4914 1722 4949 1838 il

3322 1841 3397 1965 eſt
3484 1841 3758 1965 declaré
3820 1841 4081 1965 audi
4181 1841 4442 1965 Cercle.
4579 1841 4965 1965 ALEXAN-

2889 1969 3022 2087 DRE
3107 1969 3276 2087 leve
3349 1969 3397 2087 le
3470 1969 3651 2087 pied
3724 1969 3954 2087 droi
4039 1969 4232 2087 pour
4293 1969 4680 2087 travailler
4740 1969 4922 2087 ſelon

2860 2095 3131 2215 l’ordre
3192 2095 3254 2215 du
3365 2095 3611 2215 Cercle
3734 2095 3783 2215 N.
3820 2095 3919 2215 1.
4042 2095 4190 2215 mais
4313 2095 4830 2215 ZACHARIE
4892 2095 4941 2215 le

2855 2215 3424 2337 remarquant,
3492 2215 3776 2337 avance
3833 2215 3946 2337 (en
4060 2215 4344 2337 menant
4390 2215 4492 2337 ſon
4572 2215 4776 2337 eſpee
4822 2215 4947 2337 par

2882 2341 3107 2457 deſſus
3166 2341 3202 2457 ſa
3261 2341 3451 2457 teſte
3499 2341 3689 2457 pour
3760 2341 4045 2457 donner
4092 2341 4187 2457 ſon
4270 2341 4448 2457 coup
4531 2341 4946 2457 d’eſtrama-

2872 2469 3044 2587 çon)
3081 2469 3131 2587 le
3192 2469 3353 2587 pied
3427 2469 3748 2587 gauche,
3785 2469 3834 2587 le
3884 2469 4241 2587 plantant
4278 2469 4377 2587 ſur
4427 2469 4476 2587 le
4575 2469 4933 2587 Diametre

2851 2591 3018 2702 pres
3096 2591 3152 2702 du
3274 2591 3563 2702 Centre.
3697 2591 4231 2702 ALEXANDRE
4286 2591 4342 2702 au
4442 2591 4943 2702 commence-

2891 2713 3064 2828 ment
3145 2713 3202 2828 du
3306 2713 3814 2828 mouvement
3872 2713 3941 2828 de
4010 2713 4045 2828 ſa
4126 2713 4391 2828 partie,
4437 2713 4691 2828 plante
4749 2713 4957 2828 viſte-

2885 2838 3069 2955 ment
3106 2838 3155 2955 le
3217 2838 3388 2955 pied
3437 2838 3597 2955 levé
3646 2838 3744 2955 ſur
3793 2838 3842 2955 la
3891 2838 4087 2955 ligne
4185 2838 4198 2955 L
4271 2838 4308 2955 S,
4406 2838 4406 2955 &
4492 2838 4774 2955 menant
4823 2838 4921 2955 ſon

2867 2962 3069 3074 eſpee
3158 2962 3203 3074 en
3304 2962 3898 3074 circonference
3988 2962 4044 3074 de
4111 2962 4280 3074 haut
4347 2962 4392 3074 en
4459 2962 4627 3074 bas,
4694 2962 4728 3074 il
4773 2962 4941 3074 leve

2853 3084 3468 3202 promptement
3527 3084 3574 3202 le
3645 3084 3811 3202 pied
3893 3084 4225 3202 gauche,
4378 3084 4390 3202 &
4461 3084 4674 3202 apres
4745 3084 4946 3202 avoir

2875 3205 3113 3324 donne
3170 3205 3238 3324 un
3317 3205 3499 3324 coup
3567 3205 4112 3324 d’eſtramaçon
4180 3205 4271 3324 ſur
4339 3205 4441 3324 les
4498 3205 4804 3324 jambes
4872 3205 4940 3324 de

2854 3331 2949 3447 ſon
3032 3331 3448 3447 contraire,
3495 3331 3531 3447 il
3578 3331 3828 3447 plante
3887 3331 3935 3447 le
3982 3331 4160 3447 pied
4220 3331 4445 3447 eſlevé
4493 3331 4659 3447 hors
4766 3331 4766 3447 &
4825 3331 4944 3447 par

2869 3453 3021 3577 deçà
3097 3453 3147 3577 du
3249 3453 3515 3577 Cercle,
3553 3453 3832 3577 laiſſant
3882 3453 4110 3577 ſuivre
4161 3453 4212 3577 le
4275 3453 4503 3577 droi
4554 3453 4617 3577 au
4681 3453 4947 3577 poin

2868 3577 2941 3708 S;
3039 3577 3344 3708 comme
3393 3577 3429 3708 il
3478 3577 3527 3708 ſe
3576 3577 3759 3708 peut
3820 3577 3967 3708 voir
4016 3577 4150 3708 aux
4199 3577 4528 3708 figures.

3593 548 3899 736 Cercle
4139 548 4401 736 &&.11.

2898 784 3146 914 Zacharie
3191 784 3349 914 eſtant
3394 784 3428 914 en
3485 784 3688 914 poſture
3722 784 3902 914 comme
3958 784 3992 914 au
4071 784 4218 914 Cercle
4274 784 4320 914 9.
4421 784 4715 914 Alexandre
4760 784 4793 914 ſe
4839 784 4951 914 pre-

2988 914 3099 1037 pare
3165 914 3287 1037 pour
3342 914 3630 1037 travailler
3674 914 3862 1037 comme
3907 914 3951 1037 au
4039 914 4194 1037 Cercle
4239 914 4338 1037 10.
4449 914 4692 1037 Lacharie
4736 914 4891 1037 eſſaye
4947 914 4947 1037 à

2981 1036 3110 1158 tirer
3142 1036 3207 1158 ſon
3260 1036 3367 1158 coup
3432 1036 3850 1158 d’eſtraaçon:
3979 1036 4044 1158 ais
4119 1036 4419 1158 Alexandre
4473 1036 4666 1158 menant
4709 1036 4773 1158 ſon
4816 1036 4945 1158 eſpee

2976 1161 3019 1282 en
3062 1161 3447 1282 circonference
3511 1161 3543 1282 de
3586 1161 3714 1282 haut
3768 1161 3800 1282 en
3842 1161 3949 1282 bas,
3992 1161 4067 1282 luy
4121 1161 4260 1282 donne
4302 1161 4345 1282 un
4399 1161 4506 1282 coup
4570 1161 4944 1282 d’eſtramaçon

2979 1281 3049 1399 ſur
3096 1281 3154 1399 les
3189 1281 3411 1399 janmbes.

4806 6870 4942 6990 Cer-

3538 4140 3847 4322 Cercle
4047 4140 4378 4322 N12.

2888 4364 3134 4485 Zacharie
3181 4364 3216 4485 ſe
3287 4364 3357 4485 met
3416 4364 3451 4485 en
3521 4364 3720 4485 poſture
3791 4364 3826 4485 la
3884 4364 4037 4485 garde
4107 4364 4130 4485 de
4177 4364 4353 4485 l’eſpee
4412 4364 4412 4485 à
4482 4364 4517 4485 la
4552 4364 4787 4485 hauteur
4845 4364 4869 4485 de
4916 4364 4951 4485 la

2974 4488 3120 4614 teſte,
3266 4488 3300 4614 la
3345 4488 3514 4614 pointe
3559 4488 3660 4614 vers
3705 4488 3738 4614 la
3783 4488 3896 4614 veuë
3952 4488 3986 4614 de
4020 4488 4065 4614 ſa
4110 4488 4301 4614 partie.
4402 4488 4694 4614 Alexandre
4751 4488 4829 4614 met
4874 4488 4931 4614 ſon

2976 4615 3106 4735 eſpee
3153 4615 3235 4735 (la
3282 4615 3494 4735 branche
3541 4615 3823 4735 interieure
3871 4615 3906 4735 en
3953 4615 4118 4735 haut)
4188 4615 4400 4735 deſſoubs
4459 4615 4565 4735 celle
4624 4615 4659 4735 de
4694 4615 4729 4735 ſa
4777 4615 4953 4735 partie

2977 4737 3013 4858 la
3072 4737 3238 4858 pointe
3286 4737 3488 4858 paſſant
3524 4737 3559 4858 la
3607 4737 3821 4858 branche
3880 4737 4166 4858 d’icelle.

3332 4917 3735 5040 ACHARIE
3806 4917 4102 5040 s’eſtant
4185 4917 4279 5040 mis
4350 4917 4398 5040 en
4469 4917 4836 5040 poſture,
4895 4917 4942 5040 le

3315 5043 3486 5166 pied
3552 5043 3841 5166 gauche
3881 5043 3986 5166 ſur
4039 5043 4078 5166 la
4144 5043 4368 5166 lettre
4473 5043 4525 5166 X,
4591 5043 4644 5166 le
4723 5043 4946 5166 droi

3320 5172 3368 5294 en
3440 5172 3714 5294 arriere
3774 5172 4060 5294 environ
4144 5172 4180 5294 la
4252 5172 4526 5294 pointe
4598 5172 4657 5294 du
4801 5172 4956 5294 Qua-

3316 5293 3492 5413 drat,
3539 5293 3586 5413 le
3645 5293 3833 5413 coſté
3892 5293 4185 5413 gauche
4244 5293 4291 5413 en
4362 5293 4608 5413 avant,
4679 5293 4937 5413 tenant

2852 5417 3118 5540 l’eſpee
3179 5417 3348 5540 avec
3409 5417 3457 5540 la
3554 5417 3699 5540 main
3784 5417 4062 5540 droie
4134 5417 4304 5540 pres
4364 5417 4425 5540 de
4473 5417 4510 5540 la
4570 5417 4945 5540 branche,

2919 5541 2919 5664 &
2982 5541 3045 5664 de
3095 5541 3133 5664 la
3209 5541 3486 5664 gauche
3549 5541 3839 5664 proche
3902 5541 3952 5664 du
4028 5541 4432 5664 pommeau
4532 5541 4848 5664 d’icelle;
4898 5541 4936 5664 il

2848 5666 3122 5790 attand
3170 5666 3336 5790 ainſi
3384 5666 3837 5790 l’operation
3920 5666 4301 5790 d’iceluy.
4385 5666 4933 5790 ALEXANDRE

2846 5789 3034 5911 pour
3104 5789 3492 5911 travailler
3574 5789 3586 5911 à
3644 5789 4137 5911 l’encontre,
4231 5789 4525 5911 s’eſtant
4595 5789 4935 5911 aproché

2849 5914 3291 6039 lentement
3340 5914 3561 6039 (ſelon
3622 5914 3904 6039 l’ordre
3953 5914 4248 6039 ailleurs
4297 5914 4640 6039 ſpecifié)
4677 5914 4714 6039 il
4812 5914 4935 6039 met

2842 6036 2943 6160 ſon
3054 6036 3255 6160 eſpee
3322 6036 3501 6160 avec
3568 6036 3601 6160 la
3680 6036 4015 6160 branche
4093 6036 4528 6160 interieure
4606 6036 4651 6160 en
4751 6036 4930 6160 haut

2858 6162 3226 6283 deſſoubs
3287 6162 3459 6283 celle
3520 6162 3581 6283 de
3643 6162 3679 6283 ſa
3729 6162 3998 6283 partie,
4060 6162 4096 6283 en
4170 6162 4366 6283 ſorte
4440 6162 4562 6283 que
4624 6162 4660 6283 ſa
4722 6162 4930 6283 poin-

2847 6284 2897 6408 te
2973 6284 3161 6408 paſſe
3236 6284 3274 6408 la
3362 6284 3701 6408 branche
3789 6284 4128 6408 d’icelle,
4228 6284 4579 6408 plantant
4642 6284 4692 6408 le
4755 6284 4931 6408 pied

2870 6408 3087 6535 droi
3138 6408 3305 6535 pres
3369 6408 3420 6535 du
3522 6408 3816 6535 Centre,
3854 6408 3905 6535 le
3969 6408 4263 6535 gauche
4315 6408 4417 6535 ſur
4455 6408 4493 6535 la
4545 6408 4787 6535 lettre
4890 6408 4928 6535 H;

2853 6538 3151 6662 comme
3223 6538 3271 6662 on
3354 6538 3509 6662 void
3569 6538 3712 6662 aux
3760 6538 4082 6662 figures.

632 537 866 663 droi
940 537 1125 663 pour
1199 537 1618 663 travailler.
1741 537 1803 663 Ce
1877 537 2012 663 que
2123 537 2567 663 ZACHARIE
2629 537 2728 663 re-

642 660 1042 786 marquant
1101 660 1136 786 il
1183 660 1230 786 ſe
1289 660 1606 786 prepare
1676 660 1864 786 pour
1923 660 2299 786 executer
2346 660 2440 786 ſon
2522 660 2710 786 coup

639 789 1219 910 d’eſtramaçon:
1334 789 1485 910 mais
1566 789 2122 910 ALEXANDRE
2192 789 2516 910 prenant
2586 789 2725 910 gar-

630 912 682 1027 de
735 912 797 1027 au
881 912 1591 1027 commencement
1654 912 1706 1027 du
1810 912 2354 1027 mouvement,
2427 912 2709 1027 avance

619 1039 1038 1162 viſtement
1075 1039 1124 1162 le
1198 1039 1431 1162 corps,
1530 1039 1530 1162 &
1591 1039 1813 1162 apres
1862 1039 2059 1162 avoir
2108 1039 2330 1162 bleſſé
2379 1039 2428 1162 ſa
2490 1039 2711 1162 partie

617 1160 666 1282 au
752 1160 1021 1282 viſage,
1082 1160 1119 1282 il
1168 1160 1425 1282 planté
1474 1160 1523 1282 le
1584 1160 1755 1282 pied
1817 1160 2049 1282 eſievé
2110 1160 2343 1282 oultre
2392 1160 2429 1282 la
2490 1160 2722 1282 lettre

639 1287 676 1406 S,
726 1287 1026 1406 laiſſant
1064 1287 1314 1406 ſuivre
1351 1287 1401 1406 le
1476 1287 1764 1406 gauche
1814 1287 1863 1406 au
1938 1287 2201 1406 poin
2313 1287 2351 1406 N;
2426 1287 2726 1406 comme

611 1415 710 1531 les
759 1415 1043 1531 figures
1105 1415 1599 1531 enſeignent.

1347 1900 1651 2064 Cercle
1868 1900 2129 2064 N.9.

655 2109 905 2228 Zacharie
953 2109 977 2228 ſe
1048 2109 1120 2228 met
1156 2109 1192 2228 en
1263 2109 1466 2228 poſture
1525 2109 1561 2228 la
1633 2109 1788 2228 garde
1848 2109 2026 2228 devant
2086 2109 2122 2228 ſa
2170 2109 2313 2228 veuë,
2408 2109 2420 2228 &
2468 2109 2503 2228 la
2563 2109 2718 2228 pointe

731 2235 992 2359 baiſſante
1051 2235 1051 2359 à
1099 2235 1158 2359 ſon
1206 2235 1324 2359 coſté
1384 2235 1550 2359 droit.
1633 2235 1918 2359 Alexandre
1977 2235 2119 2359 ayant
2179 2235 2321 2359 dreßé
2368 2235 2428 2359 les
2475 2235 2724 2359 branches

743 2360 777 2475 de
823 2360 858 2475 ſa
915 2360 1065 2475 garde
1123 2360 1653 2475 perpendiculaires,
1710 2360 1894 2475 couvre
1952 2360 1987 2475 du
2033 2360 2125 2475 fort
2194 2360 2217 2475 de
2286 2360 2321 2475 ſa
2378 2360 2493 2475 lame
2551 2360 2574 2475 le
2632 2360 2724 2475 foi-

735 2486 792 2598 ble
850 2486 884 2598 de
930 2486 1033 2598 celle
1102 2486 1125 2598 de
1171 2486 1206 2598 ſa
1252 2486 1516 2598 partie.

1092 2625 1104 2752 A
1187 2625 1518 2752 CHARIE
1589 2625 1884 2752 s’eſtant
1979 2625 2085 2752 mis
2156 2625 2203 2752 en
2298 2625 2605 2752 poſture
2664 2625 2712 2752 le

1065 2756 1232 2878 pied
1321 2756 1551 2878 droi
1603 2756 1858 2878 planté
1909 2756 2012 2878 ſur
2076 2756 2114 2878 la
2191 2756 2421 2878 lettre
2536 2756 2587 2878 X,
2677 2756 2728 2878 le

1072 2880 1358 3001 gauche
1420 2880 1582 3001 pres
1657 2880 1706 3001 du
1806 2880 1943 3001 coin
2042 2880 2092 3001 du
2216 2880 2564 3001 Quadrat,
2639 2880 2726 3001 te-

1052 3007 1234 3123 nant
1302 3007 1405 3123 ſon
1496 3007 1700 3123 eſpee
1768 3007 1950 3123 avec
2030 3007 2064 3123 la
2178 3007 2314 3123 main
2439 3007 2723 3123 droie

619 3129 775 3249 pres
847 3129 908 3249 de
956 3129 1004 3249 la
1064 3129 1437 3249 branche,
1522 3129 1534 3249 &
1606 3129 1654 3249 de
1702 3129 1750 3249 la
1822 3129 2111 3249 gauche
2160 3129 2328 3249 pres
2400 3129 2448 3249 du
2521 3129 2725 3249 pom-

642 3252 864 3369 meau,
911 3252 946 3369 la
1040 3252 1239 3369 garde
1321 3252 1590 3369 devant
1636 3252 1683 3369 ſa
1753 3252 1976 3369 veuë,
2069 3252 2069 3369 &
2116 3252 2163 3369 la
2221 3252 2479 3369 pointe
2537 3252 2713 3369 baiſ-

608 3377 809 3492 ſante
879 3377 1033 3492 vers
1080 3377 1175 3492 ſon
1270 3377 1459 3492 coſté
1541 3377 1801 3492 droi;
1849 3377 1884 3492 il
1932 3377 2203 3492 attand
2239 3377 2700 3492 l’operation

630 3501 689 3615 de
759 3501 794 3615 ſa
876 3501 1168 3615 partie.
1297 3501 1917 3615 ALEXANDRE
1987 3501 2174 3615 pour
2244 3501 2630 3615 travailler
2701 3501 2712 3615 à

602 3622 1076 3738 l’encontre,
1112 3622 1397 3738 avance
1444 3622 1705 3738 l’eſpee
1752 3622 2049 3738 (faiſant
2108 3622 2369 3738 couler
2405 3622 2464 3738 le
2512 3622 2713 3738 poul-

620 3744 678 3863 ce
760 3744 806 3863 en
899 3744 1097 3863 ſorte
1178 3744 1306 3863 que
1376 3744 1480 3863 les
1527 3744 1910 3863 branches
1969 3744 2120 3863 ſont
2178 3744 2712 3863 perpendicu-

605 3871 831 3988 laires
881 3871 881 3988 à
931 3871 1333 3988 l’horiſon)
1396 3871 1785 3988 enſemble
1822 3871 1885 3988 le
1935 3871 2098 3988 pied
2174 3871 2487 3988 gauche,
2588 3871 2588 3988 &
2650 3871 2700 3988 en

606 3996 656 4115 le
706 3996 1067 4115 plantant
1117 3996 1217 4115 ſur
1267 3996 1304 4115 la
1354 3996 1554 4115 ligne
1666 3996 1666 4115 E
1778 3996 1828 4115 H,
1878 3996 1903 4115 il
1965 3996 2240 4115 couvre
2315 3996 2364 4115 du
2439 3996 2589 4115 fort
2651 3996 2714 4115 de

607 4117 654 4233 ſa
702 4117 892 4233 lame
951 4117 1284 4233 lefoible
1355 4117 1415 4233 de
1486 4117 1653 4233 celle
1724 4117 1783 4233 de
1831 4117 1878 4233 ſa
1926 4117 2163 4233 partie
2223 4117 2579 4233 (comme
2639 4117 2686 4233 au

653 4243 889 4358 Cercle
994 4243 1034 4358 N.
1086 4243 1138 4358 1.
1230 4243 1270 4358 du
1374 4243 1676 4358 Tableau
1807 4243 2030 4358 XIII.
2122 4243 2161 4358 du
2253 4243 2580 4358 premier
2646 4243 2712 4358 li-

619 4366 768 4478 vre)
871 4366 871 4478 &
928 4366 1180 4478 levant
1249 4366 1295 4478 en
1364 4366 1547 4478 ſuite
1593 4366 1765 4478 tout
1822 4366 2269 4478 lentement
2327 4366 2373 4478 le
2441 4366 2705 4478 droi,

605 4489 642 4628 il
691 4489 936 4628 prend
1010 4489 1230 4628 garde
1280 4489 1415 4628 aux
1476 4489 1942 4628 operations
2003 4489 2065 4628 de
2114 4489 2151 4628 ſa
2212 4489 2494 4628 partie.

1298 4688 1605 4849 Cercle
1846 4688 2153 4849 N.10.

652 4900 935 5035 Alexandre
1003 4900 1229 5035 enferme
1275 4900 1410 5035 entre
1467 4900 1501 5035 ſa
1546 4900 1671 5035 lame
1761 4900 1761 5035 &
1818 4900 2033 5035 branche
2078 4900 2383 5035 ſuperieure
2451 4900 2632 5035 l’eſpee
2689 4900 2723 5035 de

737 5044 774 5161 ſa
824 5044 1024 5161 partie,
1125 5044 1125 5161 &
1175 5044 1200 5161 le
1250 5044 1387 5161 bleſſe
1438 5044 1438 5161 à
1488 5044 1525 5161 la
1575 5044 1838 5161 poicrine;
1888 5044 1988 5161 puis
2038 5044 2201 5161 pouſſe
2251 5044 2314 5161 ſon
2364 5044 2589 5161 eſtocade
2652 5044 2714 5161 en-

715 5178 1057 5257 commencée.

1113 5312 1440 5428 ECercle
1501 5312 1853 5428 contient
1889 5312 1925 5428 la
1986 5312 2386 5428 pourſuite
2447 5312 2496 5428 du
2568 5312 2726 5428 pre-

1086 5437 1411 5552 cedent.
1534 5437 1546 5552 A
1613 5437 2118 5552 LEXANDRE
2185 5437 2409 5552 ayant
2465 5437 2712 5552 lente-

1106 5558 1288 5680 ment
1337 5558 1556 5680 attiré
1629 5558 1678 5680 le
1727 5558 1897 5680 pied
1970 5558 2238 5680 droi,
2360 5558 2360 5680 &
2433 5558 2713 5680 voyant

1088 5686 1215 5804 que
1261 5686 1307 5804 ſa
1365 5686 1608 5804 partie
1654 5686 2036 5804 n’attante
2082 5686 2290 5804 rien,
2348 5686 2382 5804 il
2429 5686 2718 5804 avance

609 5805 657 5922 le
729 5805 993 5922 corps,
1113 5805 1125 5922 &
1209 5805 1497 5922 menant
1569 5805 1605 5922 ſa
1676 5805 1952 5922 pointe
2036 5805 2396 5922 deſſoubs
2444 5805 2492 5922 le
2552 5805 2720 5922 bras

624 5929 860 6050 droi
922 5929 984 6050 de
1033 5929 1083 6050 ſa
1132 5929 1529 6050 partie(de
1591 5929 1777 6050 ſorte
1852 5929 2001 6050 qu’il
2063 5929 2398 6050 enferme
2447 5929 2720 6050 l’eſpee

623 6057 940 6173 d’iceluy
1013 6057 1220 6173 entre
1269 6057 1305 6173 ſa
1366 6057 1561 6173 lame
1671 6057 1671 6173 &
1720 6057 1769 6173 la
1830 6057 2171 6173 branche
2220 6057 2720 6173 ſuperieure)

611 6180 636 6298 il
699 6180 750 6298 le
826 6180 1040 6298 bleſſe
1116 6180 1116 6298 à
1192 6180 1230 6298 la
1306 6180 1748 6298 poirine;
1836 6180 1988 6298 puis
2039 6180 2393 6298 plantant
2443 6180 2494 6298 le
2544 6180 2708 6298 pied

626 6304 843 6421 eſlevé
907 6304 1010 6421 ſur
1061 6304 1112 6421 le
1201 6304 1610 6421 Diametre,
1661 6304 1764 6421 ſur
1815 6304 1853 6421 la
1917 6304 2109 6421 ligne
2198 6304 2313 6421 LS,
2364 6304 2390 6421 il
2441 6304 2709 6421 pouſſe

608 6427 706 6549 (en
804 6427 1097 6549 menant
1134 6427 1195 6549 le
1257 6427 1550 6549 gauche
1612 6427 1722 6549 par
1783 6427 2114 6549 derriere
2150 6427 2199 6549 le
2248 6427 2554 6549 planté)
2591 6427 2689 6549 ſon

614 6553 982 6673 eſtocade
1085 6553 1773 6673 encommencée;
1877 6553 2175 6673 comme
2244 6553 2347 6673 les
2416 6553 2703 6673 figures

635 6676 1084 6765 monſtrent.
