5479 7714
602 729 850 860 Zacharie
918 729 952 860 ſe
1020 729 1235 860 prepare
1291 729 1415 860 pour
1483 729 1664 860 donner
1721 729 1766 860 un
1845 729 1958 860 coup
2037 729 2489 860 d’eſtraaçon:
2591 729 2704 860 mais

727 860 1025 982 Alexandre
1073 860 1097 982 le
1156 860 1395 982 previent
1478 860 1490 982 &
1538 860 1562 982 le
1609 860 1836 982 bleſſe.

1064 998 1191 1128 Ecy
1254 998 1330 1128 eſt
1381 998 1419 1128 la
1482 998 1888 1128 pourſuite
1964 998 2027 1128 de
2065 998 2471 1128 l’occaſion
2534 998 2699 1128 pre-

1032 1132 1296 1249 ſentée
1368 1132 1416 1249 au
1572 1132 1812 1249 Cercle
1883 1132 2327 1249 precedent
2471 1132 2519 1249 N.
2579 1132 2686 1249 12.

1077 1256 1545 1373 ZACHARIE
1650 1256 1884 1373 eſtant
1966 1256 2013 1373 en
2106 1256 2422 1373 poſture
2504 1256 2691 1373 com-

1057 1382 1135 1501 me
1187 1382 1226 1501 il
1278 1382 1369 1501 eſt
1421 1382 1733 1501 ſpecifié
1772 1382 2032 1501 audi
2123 1382 2396 1501 Cercle,
2435 1382 2487 1501 ſe
2539 1382 2708 1501 pre-

579 1503 740 1630 pare
802 1503 902 1630 (en
989 1503 1311 1630 baiſſant
1361 1503 1398 1630 ſa
1460 1503 1771 1630 pointe,
1895 1503 1895 1630 &
1945 1503 2305 1630 hauſſant
2367 1503 2416 1630 le
2479 1503 2690 1630 pom-

592 1632 853 1751 meau)
910 1632 1104 1751 pour
1172 1632 1457 1751 donner
1514 1632 1582 1751 un
1673 1632 1855 1751 coup
1924 1632 2482 1751 d’eſtramaçon
2573 1632 2573 1751 à
2641 1632 2687 1751 ſa

565 1759 855 1876 partie:
990 1759 1146 1876 mais
1236 1759 1828 1876 ALEXANDRE
1907 1759 1963 1876 au
2086 1759 2343 1876 meſme
2421 1759 2678 1876 temps

555 1881 932 2000 (prenant
1009 1881 1231 2000 garde
1298 1881 1353 2000 au
1442 1881 2162 2000 commencement
2229 1881 2284 2000 du
2384 1881 2684 2000 mouve-

593 2009 806 2128 ment)
881 2009 1156 2128 avance
1206 2009 1481 2128 l’eſpee
1593 2009 1606 2128 &
1656 2009 1706 2128 le
1768 2009 1943 2128 pied
2005 2009 2293 2128 droi,
2405 2009 2418 2128 &
2468 2009 2693 2128 apres

558 2132 773 2253 avoir
824 2132 1052 2253 bleſſé
1102 2132 1140 2253 ſa
1204 2132 1470 2253 partie,
1508 2132 1546 2253 il
1596 2132 1862 2253 plante
1913 2132 1964 2253 le
2014 2132 2192 2253 pied
2268 2132 2496 2253 eſlevé
2572 2132 2686 2253 par

577 2258 721 2380 delà
773 2258 826 2380 le
917 2258 1296 2380 Diametre
1348 2258 1453 2380 ſur
1492 2258 1532 2380 la
1584 2258 1780 2380 ligne
1885 2258 2054 2380 LQ;
2120 2258 2421 2380 comme
2473 2258 2577 2380 les
2630 2258 2695 2380 fi-

571 2384 792 2527 gures
878 2384 1343 2527 monſtrent.

1315 511 1629 666 Cercle
1854 511 2146 666 N.13.

2851 472 2954 626 ter
3018 472 3057 626 le
3134 472 3302 626 pied
3353 472 3508 626 levé
3559 472 3662 626 ſur
3701 472 3740 626 la
3804 472 4023 626 lettre
4139 472 4203 626 H,
4255 472 4538 626 l’ayant
4615 472 4809 626 mené
4860 472 4976 626 par

2871 631 3190 749 derriere
3261 631 3309 749 le
3403 631 3687 749 droi,
3758 631 4006 749 oultre
4054 631 4113 749 le
4207 631 4586 749 Diametre
4633 631 4976 749 perpen-

2865 756 3224 877 diculaire
3305 756 3605 877 environ
3675 756 3710 877 la
3767 756 3999 877 lettre
4114 756 4160 877 M,
4218 756 4611 877 avançant
4669 756 4831 877 tout
4900 756 4970 877 de

2844 883 3025 1006 ſuite
3076 883 3128 1006 le
3193 883 3425 1006 droi
3489 883 3593 1006 par
3670 883 3799 1006 delà
3915 883 3928 1006 &
3980 883 4161 1006 hors
4225 883 4277 1006 du
4393 883 4677 1006 Cercle,
4716 883 4754 1006 il
4806 883 4987 1006 don-

2838 1009 2919 1131 ne
2978 1009 3048 1131 un
3141 1009 3619 1131 eſtramaçon
3713 1009 3759 1131 au
3876 1009 4203 1131 derriere
4296 1009 4354 1131 de
4424 1009 4459 1131 la
4541 1009 4739 1131 teſte
4809 1009 4868 1131 de
4926 1009 4961 1131 ſa

2839 1139 3108 1261 partie;
3193 1139 3205 1261 &
3254 1139 3473 1261 apres
3522 1139 3729 1261 avoir
3778 1139 4034 1261 planté
4095 1139 4144 1261 le
4205 1139 4376 1261 pied
4449 1139 4680 1261 droi
4729 1139 4973 1261 (com-

2869 1262 2944 1385 me
3020 1262 3146 1385 di
3208 1262 3334 1385 eſt)
3372 1262 3410 1385 il
3460 1262 3649 1385 laiſſe
3699 1262 3939 1385 ſuivre
3989 1262 4039 1385 le
4115 1262 4404 1385 gauche
4455 1262 4568 1385 par
4644 1262 4971 1385 derriere

2838 1387 2887 1512 le
2936 1387 3228 1512 planté;
3289 1387 3594 1512 comme
3642 1387 3667 1512 il
3728 1387 3996 1512 appert
4044 1387 4190 1512 aux
4239 1387 4568 1512 figures.

3587 1853 4350 2010 Cercles

2861 2058 3116 2174 Zacharie
3171 2058 3337 2174 eſtant
3393 2058 3426 2174 en
3493 2058 3692 2174 poſture
3747 2058 3936 2174 comme
3980 2058 4024 2174 au
4102 2058 4257 2174 Cercle
4312 2058 4412 2174 12.
4512 2058 4811 2174 Alexandre
4877 2058 4977 2174 s’a-

2951 2188 3133 2306 proche
3176 2188 3295 2306 pour
3348 2188 3638 2306 travailler
3703 2188 3885 2306 comme
3939 2188 3982 2306 au
4068 2188 4229 2306 Cercle
4293 2188 4401 2306 13.
4530 2188 4777 2306 Zacharie
4830 2188 4970 2306 porte

2960 2312 3027 2434 ſon
3094 2312 3214 2434 eſpee
3280 2312 3374 2434 par
3440 2312 3587 2434 deſſus
3627 2312 3667 2434 ſa
3734 2312 3893 2434 teſte,
4013 2312 4013 2434 &
4120 2312 4413 2434 Alexandre
4480 2312 4547 2434 luy
4613 2312 4773 2434 ſaiſiſt
4840 2312 4866 2434 de
4933 2312 4973 2434 la

2972 2439 3071 2552 main
3137 2439 3325 2552 gauche
3369 2439 3402 2552 la
3468 2439 3732 2552 droicte.

3369 2581 3751 2700 Operation
3839 2581 3903 2700 de
3967 2581 4017 2700 ce
4119 2581 4360 2700 Cercle
4411 2581 4653 2700 prend
4704 2581 4869 2700 auſſi
4920 2581 4958 2700 ſa

3294 2704 3573 2800 ſource
3646 2704 3694 2800 du
3828 2704 4058 2800 Cercle
4191 2704 4228 2800 N.
4276 2704 4361 2800 12.
4507 2704 4980 2800 ZACHARIE

3307 2829 3543 2947 eſtant
3602 2829 3649 2947 en
3732 2829 4038 2947 poſture
4109 2829 4415 2947 comme
4463 2829 4498 2947 il
4557 2829 4639 2947 eſt
4722 2829 4793 2947 de
4840 2829 4970 2947 cla-

3291 2953 3351 3076 ré
3399 2953 3663 3076 audi
3759 2953 4035 3076 Cercle.
4107 2953 4634 3076 ALEXANDRE
4694 2953 4970 3076 S’apro-

2839 3080 2965 3172 che
3010 3080 3192 3172 avec
3238 3080 3637 3172 intention
3716 3080 3785 3172 de
3842 3080 4229 3172 travailler
4286 3080 4468 3172 ſelon
4536 3080 4810 3172 l’ordre
4878 3080 4981 3172 de-

2848 3206 3021 3324 claré
3107 3206 3157 3324 au
3268 3206 3515 3324 Cercle
3626 3206 3663 3324 N.
3713 3206 3799 3324 13:
3911 3206 4059 3324 mais
4121 3206 4343 3324 ayant
4393 3206 4652 3324 planté
4689 3206 4739 3324 le
4801 3206 4974 3324 pied

2851 3330 3086 3451 droi
3148 3330 3309 3451 pres
3384 3330 3433 3451 du
3545 3330 3842 3451 Centre,
3929 3330 4388 3451 ZACHARIE
4437 3330 4772 3451 (devant
4834 3330 4970 3451 que

2833 3454 2883 3578 le
2932 3454 3107 3578 pied
3181 3454 3468 3578 gauche
3542 3454 3605 3578 de
3654 3454 3692 3578 ſa
3754 3454 4003 3578 partie
4053 3454 4190 3578 ſoit
4240 3454 4252 3578 à
4302 3454 4551 3578 terre)
4626 3454 4812 3578 mené
4862 3454 4962 3578 ſon

2852 3577 3066 3700 eſpee
3129 3577 3330 3700 (plus
3380 3577 3858 3700 l’entement
3921 3577 4110 3700 qu’au
4223 3577 4462 3700 Cercle
4575 3577 4613 3700 N.
4650 3577 4801 3700 14.)
4851 3577 4977 3700 par

2858 3706 3099 3829 deſſus
3147 3706 3183 3829 ſa
3243 3706 3460 3829 teſte,
3520 3706 3713 3829 pour
3785 3706 4075 3829 donner
4123 3706 4183 3829 un
4279 3706 4460 3829 coup
4556 3706 4990 3829 d’eſtrama-

2853 3834 2955 3953 çon
3024 3834 3035 3953 à
3092 3834 3137 3953 ſa
3205 3834 3478 3953 partie.
3603 3834 4137 3953 ALEXANDRE
4194 3834 4251 3953 au
4330 3834 4978 3953 cõmencement

2844 3962 2903 4080 du
3010 3962 3529 4080 mouvement
3576 3962 3859 4080 avance
3907 3962 3966 4080 le
4025 3962 4190 4080 pied
4249 3962 4544 4080 gauche
4603 3962 4875 4080 eſlevé,
4969 3962 4981 4080 &

2840 4088 3119 4206 l’ayant
3182 4088 3436 4206 planté
3499 4088 3803 4206 environ
3867 4088 3917 4206 la
3981 4088 4221 4206 lettre
4297 4088 4361 4206 T,
4412 4088 4450 4206 il
4513 4088 4728 4206 ſaiſiſt
4817 4088 4880 4206 de
4931 4088 4982 4206 la

2861 4213 3014 4333 main
3096 4213 3390 4333 gauche
3449 4213 3496 4333 la
3578 4213 3861 4333 droie
3955 4213 4014 4333 de
4073 4213 4108 4333 ſa
4178 4213 4461 4333 partie,
4531 4213 4578 4333 en
4684 4213 4990 4333 menant

2837 4339 2886 4460 le
2946 4339 3116 4460 pied
3176 4339 3419 4460 droi
3491 4339 3540 4460 en
3637 4339 4243 4460 circonference
4315 4339 4642 4460 derriere
4715 4339 4764 4460 le
4824 4339 4982 4460 gau-

2846 4464 2966 4584 che
3026 4464 3314 4584 planté;
3386 4464 3687 4584 comme
3735 4464 3771 4584 il
3819 4464 3819 4584 a
3867 4464 4095 4584 ppert
4143 4464 4275 4584 aux
4336 4464 4660 4584 figures.

1527 4640 1601 4847 Es
1675 4640 1935 4847 trois
2027 4640 2639 4847 differentes
2713 4640 3307 4847 occaſions,
3399 4640 3548 4847 qui
3640 4640 3882 4847 vous
3974 4640 4141 4847 ont
4234 4640 4401 4847 eſté
4530 4640 5013 4847 deduites

1469 4845 1510 4998 en
1619 4845 1674 4998 ce
1756 4845 2137 4998 Tableau,
2192 4845 2369 4998 vous
2451 4845 2573 4998 ont
2642 4845 3010 4998 preſenté
3091 4845 3269 4998 deux
3364 4845 3459 4998 des
3514 4845 4005 4998 principales
4073 4845 4332 4998 choſes
4386 4845 4864 4998 neceſſaires
4918 4845 4973 4998 en

1463 4993 1562 5139 cet
1636 4993 2030 5139 exercice.
2141 4993 2202 5139 La
2264 4993 2658 5139 premiere
2720 4993 2917 5139 pour
2991 4993 3176 5139 eſtre
3237 4993 3533 5139 aſſeuré
3619 4993 3890 5139 contre
3952 4993 4186 5139 toute
4247 4993 4641 5139 violence,
4703 4993 4986 5139 encore

1470 5136 1739 5280 qu’elle
1806 5136 1940 5280 ſoit
2034 5136 2356 5280 grande.
2531 5136 2826 5280 L’autre
2880 5136 3068 5280 pour
3135 5136 3511 5280 attaquer
3579 5136 3726 5280 une
3780 5136 4022 5280 partie
4102 5136 4223 5280 qui
4277 5136 4478 5280 n’uſe
4532 5136 4653 5280 pas
4734 5136 4787 5280 de
4854 5136 5002 5280 vio-

1460 5277 1707 5422 lence,
1761 5277 1912 5422 ains
1967 5277 2022 5422 ſe
2090 5277 2309 5422 garde
2391 5277 2775 5422 d’alonger
2830 5277 2939 5422 ſon
3021 5277 3268 5422 eſpee,
3309 5277 3364 5422 ſe
3446 5277 3939 5422 contentant
4021 5277 4076 5422 de
4131 5277 4172 5422 la
4227 5277 4638 5422 preſenter
4720 5277 4994 5422 devant

1457 5418 1583 5562 ſoy
1638 5418 1833 5562 pour
1889 5418 2168 5562 fatiger
2238 5418 2335 5562 ſon
2447 5418 2934 5562 Adverſaire.
3060 5418 3241 5562 C’eſt
3297 5418 3422 5562 celà
3519 5418 3798 5562 meſme
3868 5418 3993 5562 que
4049 5418 4244 5562 nous
4300 5418 4495 5562 vous
4551 5418 4801 5562 avons
4857 5418 4997 5562 di

576 5558 644 5710 cy
725 5558 1049 5710 devant;
1103 5558 1413 5710 ſçavoir
1494 5558 1629 5710 que
1697 5558 1737 5710 le
1805 5558 2196 5710 principal
2264 5558 2776 5710 fondement
2844 5558 2898 5710 de
2979 5558 3087 5710 cet
3195 5558 3303 5710 Art
3384 5558 3708 5710 conſiſte
3789 5558 3843 5710 en
3937 5558 3978 5710 la
4086 5558 4409 5710 maniere
4490 5558 4544 5710 de
4612 5558 4990 5710 ſujetter,

620 5701 620 5845 &
700 5701 929 5845 eviter
983 5701 1144 5845 bien
1225 5701 1319 5845 les
1400 5701 1642 5845 coups
1723 5701 1790 5845 de
1844 5701 2113 5845 l’eſpee
2167 5701 2180 5845 à
2261 5701 2449 5845 deux
2544 5701 2813 5845 mains:
2920 5701 3068 5845 mais
3122 5701 3431 5845 pource
3512 5701 3647 5845 que
3714 5701 3835 5845 cela
3916 5701 3997 5845 ne
4064 5701 4104 5845 ſe
4185 5701 4360 5845 peut
4441 5701 4615 5845 faire
4696 5701 5006 5845 qu’avec

593 5841 690 5992 des
759 5841 1162 5992 aproches
1231 5841 1787 5992 convenables
1898 5841 1912 5992 &
1967 5841 2259 5992 juſtes,
2342 5841 2509 5992 dans
2550 5841 2981 5992 leſquelles
3036 5841 3092 5992 on
3175 5841 3355 5992 peut
3439 5841 3661 5992 eviter
3703 5841 3800 5992 les
3869 5841 4133 5992 coups,
4188 5841 4508 5992 ſujeter,
4591 5841 4647 5992 ou
4716 5841 4994 5992 bleſſer

560 5981 1135 6127 l’Adverſaire,
1190 5981 1272 6127 s’il
1326 5981 1422 6127 eſt
1477 5981 1641 6127 trop
1710 5981 1956 6127 hardy
2024 5981 2093 6127 ou
2161 5981 2613 6127 negligent:
2695 5981 2900 6127 nous
2942 5981 3188 6127 avons
3243 5981 3462 6127 voulu
3544 5981 3954 6127 enſeigner
4009 5981 4721 6127 principalement
4776 5981 4830 6127 en
4940 5981 4995 6127 ce

606 6122 968 6270 Tableau,
1022 6122 1290 6270 toutes
1330 6122 1424 6270 les
1518 6122 1880 6270 manieres
1920 6122 2028 6270 (au
2135 6122 2363 6270 moins
2403 6122 2618 6270 leurs
2658 6122 3221 6270 fondemens)
3275 6122 3476 6270 pour
3530 6122 3932 6270 aprocher
3986 6122 4053 6270 un
4133 6122 4509 6270 homme,
4576 6122 4683 6270 qui
4737 6122 4790 6270 ſe
4844 6122 5005 6270 pre-

574 6264 779 6414 ſente
833 6264 1011 6414 avec
1052 6264 1325 6414 l’eſpee
1393 6264 1393 6414 à
1475 6264 1653 6414 deux
1748 6264 1994 6414 mains.

1291 2573 1602 2729 Cercle
1850 2573 2141 2729 N.34.

585 2793 836 2919 Zacharie
907 2793 1098 2919 menant
1134 2793 1193 2919 ſon
1241 2793 1384 2919 eſpee
1432 2793 1516 2919 par
1575 2793 1718 2919 deſſus
1754 2793 1790 2919 ſa
1838 2793 2005 2919 teſte,
2076 2793 2255 2919 taſche
2327 2793 2363 2919 de
2422 2793 2589 2919 donner
2637 2793 2685 2919 un

665 2929 781 3047 coup
845 2929 1270 3047 d’eſtramaçon:
1355 2929 1461 3047 mais
1546 2929 1833 3047 Alexandre
1886 2929 1907 3047 le
1960 2929 2289 3047 prevenant,
2332 2929 2406 3047 luy
2449 2929 2480 3047 en
2544 2929 2682 3047 donne

668 3049 710 3160 un
774 3049 817 3160 au
891 3049 1104 3160 derriere
1168 3049 1200 3160 de
1243 3049 1285 3160 la
1328 3049 1541 3160 teſte.

1048 3202 1048 3324 E
1157 3202 1400 3324 Cercle
1485 3202 1838 3324 contient
1911 3202 2081 3324 auſſi
2142 3202 2178 3324 la
2264 3202 2677 3324 pourſuite

1038 3325 1099 3447 de
1148 3325 1539 3447 l’occaſion
1612 3325 2028 3447 preſentée
2089 3325 2150 3447 au
2272 3325 2516 3447 Cercle
2651 3325 2687 3447 N.

1016 3457 1109 3576 12.
1212 3457 1224 3576 Z
1293 3457 1662 3576 ACHARIE
1720 3457 2147 3576 attandant
2193 3457 2240 3576 ſa
2309 3457 2551 3576 partie
2620 3457 2667 3576 en

1012 3583 1050 3707 la
1113 3583 1430 3707 poſture
1519 3583 1861 3707 declarée
1925 3583 2178 3707 audi
2280 3583 2559 3707 Cercle.
2635 3583 2698 3707 A-

552 3703 1067 3830 LEXANDRE
1148 3703 1606 3830 S’aproche,
1674 3703 1857 3830 avec
1915 3703 2304 3830 intention
2407 3703 2476 3830 de
2544 3703 2682 3830 tra-

560 3835 812 3944 vailler
875 3835 1064 3944 ſelon
1165 3835 1442 3944 l’ordre
1543 3835 1808 3944 deſcrit
1871 3835 1934 3944 au
2072 3835 2324 3944 Cercle
2450 3835 2488 3944 N.
2564 3835 2677 3944 13:

578 3958 735 4083 mais
788 3958 946 4083 auſſi
1025 3958 1169 4083 toſt
1261 3958 1419 4083 qu’il
1472 3958 1472 4083 à
1537 3958 1787 4083 planté
1840 3958 1879 4083 le
1958 3958 2129 4083 pied
2221 3958 2458 4083 droi
2524 3958 2695 4083 pres

568 4083 616 4210 du
736 4083 1035 4210 Centre,
1106 4083 1381 4210 devant
1453 4083 1573 4210 que
1621 4083 1680 4210 le
1740 4083 2039 4210 gauche
2087 4083 2218 4210 ſoit
2302 4083 2410 4210 mis
2470 4083 2482 4210 à
2553 4083 2697 4210 ter-

555 4209 639 4334 re,
735 4209 819 4334 ZA
891 4209 891 4334 C
988 4209 1264 4334 HARIE
1324 4209 1372 4334 en
1481 4209 1769 4334 menant
1817 4209 1913 4334 ſon
1998 4209 2214 4334 eſpee
2262 4209 2382 4334 par
2455 4209 2695 4334 deſſus

546 4335 583 4462 ſa
644 4335 876 4462 teſte,
949 4335 1193 4462 taſche
1278 4335 1339 4462 de
1388 4335 1510 4462 luy
1608 4335 1888 4462 donner
1962 4335 2035 4462 un
2132 4335 2315 4462 coup
2413 4335 2694 4462 d’eſtra-

582 4464 873 4589 maçon;
946 4464 1310 4589 Surquoy
1420 4464 1432 4589 A
1492 4464 1966 4589 LEXANDRE
2027 4464 2087 4589 au
2148 4464 2282 4589 lieu
2367 4464 2440 4589 de
2500 4464 2707 4589 plan-
