5479 7714
688 4803 941 4918 Zacharie
996 4803 1029 4918 ſe
1084 4803 1161 4918 met
1205 4803 1238 4918 en
1282 4803 1479 4918 poſture
1523 4803 1556 4918 le
1611 4803 1754 4918 corps
1820 4803 2336 4918 perpendiculaire,
2402 4803 2512 4918 avec
2556 4803 2589 4918 le
2655 4803 2754 4918 bras

830 4919 830 5046 &
877 4919 1007 5046 eſpee
1055 4919 1291 5046 eſtandus
1350 4919 1386 5046 en
1468 4919 1610 5046 droite
1646 4919 1811 5046 ligne.
1906 4919 2190 5046 Alexandre
2249 4919 2320 5046 met
2367 4919 2426 5046 ſon
2485 4919 2616 5046 eſpee
2675 4919 2757 5046 deſ-

780 5051 918 5168 ſoubs
1032 5051 1032 5168 &
1089 5051 1341 5168 parallele
1387 5051 1387 5168 à
1433 5051 1605 5168 icelle,
1639 5051 1673 5168 ſe
1708 5051 1891 5168 tenant
1948 5051 2062 5168 droit
2108 5051 2269 5168 erié.

1149 5235 1561 5357 ACHARIE
1632 5235 1927 5357 s’eſtant
1997 5235 2103 5357 mis
2162 5235 2209 5357 en
2280 5235 2634 5357 poſture,
2704 5235 2751 5357 le

1136 5359 1351 5484 corps
1399 5359 2332 5484 perpendiculairement
2403 5359 2631 5484 erigé;
2702 5359 2762 5484 le

1124 5482 1290 5607 pied
1353 5482 1633 5607 gauche
1697 5482 1799 5607 ſur
1837 5482 1875 5607 la
1951 5482 2168 5607 lettre
2269 5482 2333 5607 X,
2397 5482 2448 5607 le
2537 5482 2753 5607 droi

1122 5607 1223 5727 ſur
1286 5607 1336 5727 la
1400 5607 1602 5727 ligne
1665 5607 1993 5727 pedale,
2057 5607 2107 5727 le
2170 5607 2334 5727 bras
2461 5607 2473 5727 &
2549 5607 2751 5727 eſpee

659 5726 827 5851 tout
899 5726 1127 5851 droi
1211 5726 1595 5851 eſtandus,
1643 5726 1908 5851 attand
1956 5726 2124 5851 ainſi
2184 5726 2232 5851 ſa
2304 5726 2568 5851 partie.
2700 5726 2760 5851 A-

665 5850 1145 5975 LEXANDRE
1212 5850 1391 5975 pour
1458 5850 1838 5975 travailler
1893 5850 1893 5975 à
1949 5850 2430 5975 l’encontre,
2497 5850 2742 5975 plante

663 5971 714 6097 le
765 5971 931 6097 pied
996 5971 1226 6097 droi
1277 5971 1380 6097 ſur
1444 5971 1482 6097 la
1533 5971 1751 6097 lettre
1854 5971 1905 6097 C,
1943 5971 1994 6097 le
2058 5971 2340 6097 gauche
2417 5971 2507 6097 ſur
2571 5971 2622 6097 la
2686 5971 2750 6097 li-

674 6093 791 6219 gne
850 6093 1142 6219 pedale;
1213 6093 1645 6219 mettant(en
1727 6093 1985 6219 tenant
2032 6093 2090 6219 le
2149 6093 2359 6219 corps
2418 6093 2745 6219 perpen-

685 6214 1095 6343 diculaire)
1144 6214 1244 6343 ſon
1318 6214 1517 6343 eſpee
1591 6214 1951 6343 deſſoubs
2038 6214 2199 6343 celle
2286 6214 2348 6343 de
2398 6214 2435 6343 ſa
2509 6214 2745 6343 partie

723 6341 723 6467 &
797 6341 1152 6467 parallele
1225 6341 1225 6467 à
1299 6341 1568 6467 icelle;
1666 6341 1960 6467 comme
2022 6341 2120 6467 les
2181 6341 2463 6467 figures
2561 6341 2744 6467 mon-

656 6470 920 6558 ſtrent.

4855 6575 4996 6670 Cer-

1651 1894 2005 2096 Ncores
2135 1894 2302 2096 que
2433 1894 2507 2096 ce
2693 1894 3102 2096 Tableau
3251 1894 3344 2096 ne
3437 1894 3827 2096 ſemble
3939 1894 4069 2096 pas
4199 1894 4720 2096 apartenir
4813 1894 4813 2096 à
4943 1894 4999 2096 ce

1580 2096 2024 2247 Deuxieſme
2118 2096 2360 2247 Livre,
2441 2096 2589 2247 mais
2643 2096 2992 2247 pluſtoſt
3032 2096 3100 2247 au
3194 2096 3570 2247 Premier,
3624 2096 3920 2247 auquel
3987 2096 4175 2247 nous
4242 2096 4471 2247 avons
4538 2096 4995 2247 repreſenté

1515 2242 1565 2384 la
1665 2242 1902 2384 partie
1964 2242 2289 2384 n’ayant
2376 2242 2738 2384 qu’armes
2850 2242 3112 2384 agalles
3174 2242 3174 2384 à
3249 2242 3511 2384 noſtre
3586 2242 3972 2384 homme,
4035 2242 4621 2384 neantmoins,
4683 2242 4982 2384 pource

1544 2378 1677 2519 que
1716 2378 2260 2519 l’Adverſaire
2313 2378 2604 2519 ſemble
2657 2378 2856 2519 avoir
2922 2378 3254 2519 quelque
3307 2378 3757 2519 advantage
3810 2378 3823 2519 à
3890 2378 4088 2519 cauſe
4181 2378 4247 2519 de
4287 2378 4327 2519 la
4420 2378 4579 2519 main
4658 2378 4990 2519 gauche,

1530 2515 1729 2657 nous
1769 2515 2008 2657 avons
2061 2515 2326 2657 eſtimé
2393 2515 2552 2657 qu’il
2618 2515 2871 2657 devoit
2937 2515 3110 2657 eſtre
3163 2515 3362 2657 placé
3428 2515 3428 2657 à
3495 2515 3534 2657 la
3601 2515 3667 2657 fin
3760 2515 3813 2657 ce
3866 2515 4172 2657 preſent
4225 2515 4424 2657 livre,
4464 2515 4756 2657 auquel
4809 2515 4995 2657 nous

1527 2650 1767 2791 avons
1818 2650 2198 2791 aſſemblé
2261 2650 2527 2791 toutes
2578 2650 2717 2791 nos
2768 2650 3274 2791 inventions,
3337 2650 3603 2791 contre
3654 2650 3743 2791 les
3819 2650 4059 2791 armes
4135 2650 4768 2791 advantageuſes
4844 2650 4996 2791 pra-

726 2787 1153 2930 iquables.
1305 2787 1567 2930 Quand
1622 2787 1760 2930 aux
1829 2787 2298 2930 operations
2381 2787 2436 2930 de
2505 2787 2560 2930 ce
2656 2787 3029 2930 Tableau,
3084 2787 3125 2930 il
3181 2787 3374 2930 nous
3443 2787 3912 2930 ſembleroit
3981 2787 4201 2930 peine
4284 2787 4574 2930 perdue
4670 2787 4725 2930 de
4780 2787 5001 2930 parti-

676 2923 1066 3067 culariſer,
1131 2923 1560 3067 comment
1625 2923 1677 3067 on
1793 2923 2001 3067 doibt
2053 2923 2521 3067 lentement
2573 2923 2975 3067 attaquer,
3066 2923 3079 3067 &
3131 2923 3547 3067 ſagement
3599 2923 3924 3067 ſujetter
3963 2923 4235 3067 l’eſpee
4300 2923 4742 3067 preſentée,
4794 2923 4989 3067 com-

705 3063 887 3203 ment
978 3063 1030 3203 on
1134 3063 1355 3203 doibt
1446 3063 1719 3203 devant
1823 3063 2265 3203 qu’excuter
2356 3063 2902 3203 l’eſtramaçon
2993 3063 2993 3203 (
3084 3063 3409 3203 comme
3474 3063 4163 3203 principalement
4228 3063 4371 3203 aux
4475 3063 4709 3203 Cercle
4787 3063 4839 3203 7,
4904 3063 5008 3203 10,

667 3201 732 3343 1,
836 3201 849 3343 &
914 3201 1044 3343 12,)
1109 3201 1434 3343 avancer
1512 3201 2005 3343 doucement
2057 3201 2109 3343 le
2174 3201 2434 3343 corps,
2473 3201 2668 3343 pour
2733 3201 2927 3343 venir
3018 3201 3187 3343 dans
3213 3201 3265 3343 la
3343 3201 4057 3343 perpendiculaire
4122 3201 4174 3343 de
4226 3201 4265 3343 la
4330 3201 4603 3343 pointe
4681 3201 4733 3343 du
4824 3201 4993 3343 con-

668 3333 928 3478 traire,
983 3333 1299 3478 comme
1367 3333 1422 3478 on
1504 3333 1573 3478 ne
1655 3333 1860 3478 doibt
1915 3333 2189 3478 jamais
2244 3333 2505 3478 bleſſer
2573 3333 2614 3478 ſa
2697 3333 2957 3478 partie,
2998 3333 3135 3478 ſoit
3204 3333 3766 3478 d’eſtramaçon
3834 3333 4204 3478 (comme
4259 3333 4602 3478 auſdis
4711 3333 4999 3478 Cercle)

676 3476 728 3617 ou
832 3476 1312 3617 d’eſtocade,
1377 3476 1429 3617 en
1507 3476 1870 3617 plantant
1922 3476 1922 3617 à
2013 3476 2285 3617 meſme
2350 3476 2609 3617 temps
2648 3476 2700 3617 le
2765 3476 2934 3617 pied
2973 3476 2986 3617 à
3038 3476 3271 3617 terre,
3362 3476 3375 3617 &
3440 3476 3881 3617 pourquoy
3933 3476 3985 3617 en
4076 3476 4348 3617 faiſant
4413 3476 4582 3617 tous
4646 3476 4737 3617 les
4815 3476 4997 3617 deux

677 3612 1113 3756 enſemble,
1177 3612 1229 3756 on
1306 3612 1383 3756 ne
1434 3612 1486 3756 ſe
1537 3612 1717 3756 peut
1781 3612 1896 3756 pas
1948 3612 2539 3756 accommoder
2590 3612 2654 3756 au
2744 3612 3296 3756 changement
3360 3612 3489 3756 que
3540 3612 4015 3756 l’adverſaire
4080 3612 4439 3756 pourroit
4490 3612 4670 3756 faire
4734 3612 5004 3756 cepen-

692 3746 895 3893 dant:
958 3746 1059 3893 car
1110 3746 1287 3893 tout
1350 3746 1477 3893 cela
1540 3746 1780 3893 eſtant
1844 3746 1907 3893 au
2008 3746 2350 3893 premier
2438 3746 2628 3893 Livre
2704 3746 2881 3893 aſſes
2945 3746 3413 3893 clairement
3501 3746 4020 3893 demonſtré,
4096 3746 4299 3893 nous
4362 3746 4666 3893 n’avons
4742 3746 4855 3893 pas
4944 3746 4995 3893 de

691 3890 948 4028 doute,
1012 3890 1128 4028 que
1205 3890 1410 4028 celuy
1488 3890 1590 4028 qui
1642 3890 1809 4028 aura
1873 3890 2476 4028 curieuſement
2528 3890 2617 4028 leu
2746 3890 2759 4028 &
2810 3890 3170 4028 exanimé
3221 3890 3311 4028 les
3349 3890 3889 4028 inſtruions
3966 3890 4300 4028 d’iceluy,
4389 3890 4389 4028 &
4454 3890 4788 4028 travaillé
4839 3890 5006 4028 ſou-

679 4025 1217 4169 gneuſement
1284 4025 1472 4169 ſelon
1553 4025 1647 4169 les
1741 4025 2144 4169 occaſions
2212 4025 2319 4169 qui
2386 4025 2400 4169 y
2467 4025 2642 4169 ſont
2709 4025 3193 4169 preſentées,
3260 4025 3462 4169 n’aye
3556 4025 3717 4169 deſia
3784 4025 4241 4169 l’habitude
4309 4025 4497 4169 pour
4550 4025 4591 4169 ſe
4685 4025 5008 4169 gouver-

663 4163 780 4302 ner
859 4163 924 4302 de
976 4163 1133 4302 telle
1198 4163 1420 4302 ſorte,
1498 4163 1655 4302 quil
1694 4163 1942 4302 n’aura
2020 4163 2268 4302 beſoin
2359 4163 2659 4302 d’aucun
2751 4163 3208 4302 particulier
3273 4163 3978 4302 advertiſſement.

3639 4552 3947 4732 Cercle
4146 4552 4432 4732 N.2.

1392 4554 1712 4721 Cercle
1968 4554 2139 4721 N.

1070 1370 2587 1530 DECLARATION
2840 1370 3093 1530 DES
3326 1370 4669 1530 OPERATIONS

1247 1563 1345 1668 DV
1525 1563 2121 1668 TABLEAV
2316 1563 2968 1668 DOVZIESME
3134 1563 3231 1668 DV
3384 1563 3897 1668 SECOND
4077 1563 4466 1668 LIVRE,

1745 1680 1809 1762 DE
1936 1680 2255 1762 L’ESPEE
2383 1680 2638 1762 SEVLE
2776 1680 3137 1762 CONTRE
3265 1680 3328 1762 LE
3466 1680 3934 1762 GAVCHER.

2945 4824 3238 4951 Alexandre
3297 4824 3473 4951 devant
3532 4824 3614 4951 que
3660 4824 3883 4951 ſujetter
3918 4824 4024 4951 leve
4083 4824 4118 4951 la
4176 4824 4341 4951 pointe
4411 4824 4446 4951 de
4505 4824 4563 4951 ſon
4610 4824 4763 4951 eſpee,
4845 4824 4845 4951 &
4915 4824 4997 4951 deſ-

3046 4957 3307 5079 graduant
3364 4957 3590 5079 l’autre,
3647 4957 3681 5079 il
3715 4957 3942 5079 pourſuit
3987 4957 4044 5079 ſon
4090 4957 4396 5079 operation.

3393 5157 3517 5281 Ecy
3579 5157 3666 5281 eſt
3703 5157 3753 5281 la
3815 5157 4200 5281 pourſuite
4275 5157 4325 5281 du
4449 5157 4685 5281 Cercle
4747 5157 5008 5281 prece-

3391 5284 3593 5401 dent;
3687 5284 4149 5401 ZACHARIE
4256 5284 4481 5401 eſtant
4564 5284 4599 5401 en
4682 5284 4990 5401 poſture

3376 5405 3671 5505 comme
3750 5405 4034 5505 deſſus,
4136 5405 4147 5505 A
4215 5405 4658 5505 LEXANDRE
4726 5405 4987 5505 devant

3380 5530 3513 5649 que
3573 5530 3948 5649 ſujetter,
4008 5530 4177 5649 leve
4262 5530 4636 5649 enſemble
4696 5530 4757 5649 le
4829 5530 4998 5649 pied

2946 5652 3170 5772 droi
3269 5652 3282 5772 &
3331 5652 3369 5772 la
3431 5652 3692 5772 pointe
3767 5652 3829 5772 de
3879 5652 3978 5772 ſon
4053 5652 4302 5772 eſpee;
4401 5652 4401 5772 &
4476 5652 4986 5772 deſgraduant

2917 5774 2989 5896 un
3050 5774 3231 5896 petit
3304 5774 3473 5896 celle
3533 5774 3594 5896 de
3642 5774 3690 5896 ſa
3739 5774 3980 5896 partie
4041 5774 4089 5896 en
4174 5774 4488 5896 dedans,
4548 5774 4572 5896 il
4633 5774 4983 5896 pourſuit

2906 5897 3000 6019 ſon
3083 5897 3531 6019 operation,
3578 5897 3767 6019 pour
3826 5897 3968 6019 voir
4027 5897 4062 6019 ſi
4121 5897 4157 6019 ſa
4239 5897 4463 6019 partie
4546 5897 4983 6019 cependant

2909 6018 3291 6143 attentera
3377 6018 3710 6143 quelque
3784 6018 4043 6143 choſe;
4105 6018 4277 6143 ainſi
4351 6018 4474 6143 que
4536 6018 4634 6143 les
4708 6018 4992 6143 figures

2922 6152 3404 6270 enſeignent.
