5479 7714
2909 1899 3212 2015 Alexandre
3277 1899 3385 2015 mene
3429 1899 3472 2015 ſa
3548 1899 3721 2015 pointe
3764 1899 3883 2015 vers
3916 1899 3959 2015 la
4003 1899 4122 2015 veuë
4197 1899 4230 2015 de
4273 1899 4316 2015 ſa
4360 1899 4533 2015 partie
4609 1899 4695 2015 qui
4739 1899 4771 2015 la
4825 1899 5031 2015 pare.

3045 2025 3342 2141 Alexandre
3414 2025 3569 2141 dreſſe
3604 2025 3640 2141 le
3688 2025 3795 2141 bras
3878 2025 3890 2141 &
3938 2025 4140 2141 l’eſpee,
4188 2025 4247 2141 les
4295 2025 4486 2141 tenant
4521 2025 4807 2141 eſtandus.

2952 431 3241 554 Cercle)
3317 431 3430 554 met
3480 431 3531 554 le
3606 431 3770 554 pied
3858 431 4096 554 droi
4147 431 4159 554 à
4222 431 4411 554 terre
4474 431 4637 554 pres
4700 431 4763 554 du
4838 431 5052 554 point

2966 558 3003 679 N,
3087 558 3281 679 mene
3329 558 3522 679 pour
3571 558 3607 679 ſa
3692 558 4018 679 defence
4067 558 4345 679 l’eſpee
4417 558 4478 679 de
4538 558 4574 679 ſa
4647 558 4889 679 partie
4973 558 5022 679 en

2920 682 3227 778 dehors:
3326 682 3480 778 mais
3578 682 4127 778 ALEXANDRE
4215 682 4269 778 au
4390 682 4642 778 meſme
4741 682 5048 778 mouve-

2932 807 3131 933 ment,
3202 807 3518 933 mettant
3576 807 3998 933 viſtement
4045 807 4092 933 le
4150 807 4326 933 pied
4396 807 4689 933 gauche
4736 807 4748 933 à
4806 807 5041 933 terre,

2898 937 3054 1052 leve
3114 937 3283 1052 tout
3343 937 3547 1052 d’une
3607 937 3788 1052 ſuite
3836 937 3896 1052 le
3956 937 4221 1052 droi,
4317 937 4317 1052 &
4377 937 4606 1052 ayant
4678 937 4750 1052 un
4846 937 5039 1052 petit

2906 1058 3127 1181 dreſſé
3177 1058 3214 1181 ſa
3300 1058 3509 1181 garde
3582 1058 3619 1181 en
3717 1058 4025 1181 dehors,
4111 1058 4111 1181 &
4160 1058 4209 1181 ſa
4271 1058 4541 1181 pointe
4602 1058 4652 1181 en
4750 1058 5033 1181 dedans

2907 1184 3066 1306 vers
3115 1184 3152 1306 la
3225 1184 3409 1306 veuë
3470 1184 3544 1306 de
3593 1184 3630 1306 ſa
3691 1184 3985 1306 partie,
4034 1184 4070 1306 il
4132 1184 4389 1306 plante
4450 1184 4511 1306 le
4560 1184 4732 1306 pied
4805 1184 5050 1306 eſlevé

2894 1310 3055 1428 pres
3141 1310 3203 1428 du
3289 1310 3499 1428 point
3610 1310 3684 1428 L,
3770 1310 4067 1428 laiſſant
4128 1310 4375 1428 ſuivre
4437 1310 4486 1428 le
4573 1310 4869 1428 gauche
4955 1310 5005 1428 au

2891 1430 3112 1556 point
3235 1430 3297 1556 N;
3370 1430 3665 1556 comme
3714 1430 3751 1556 il
3800 1430 4071 1556 appert
4120 1430 4267 1556 aux
4317 1430 4636 1556 figures.

3377 4365 3377 4475 E
3509 4365 3750 4475 Cercle
3834 4365 4196 4475 contient
4268 4365 4316 4475 la
4412 4365 4834 4475 pourſuite
4930 4365 4978 4475 du

3337 4489 3728 4602 precedẽt
3834 4489 3870 4602 N.
3941 4489 3976 4602 6.
4083 4489 4083 4602 Z
4154 4489 4604 4602 ACHARIE
4699 4489 5007 4602 demeu-

3341 4610 3498 4728 rant
3558 4610 3606 4728 en
3667 4610 3715 4728 la
3811 4610 4077 4728 meſme
4137 4610 4463 4728 poſture
4547 4610 4704 4728 qu’il
4789 4610 5006 4728 eſtoit

3351 4736 3400 4853 en
3461 4736 3792 4853 iceluy,
3878 4736 4123 4853 donne
4184 4736 4356 4853 plus
4442 4736 4503 4853 de
4576 4736 4809 4853 poids
4870 4736 4883 4853 à
4956 4736 4993 4853 ſa

2871 4860 3163 4979 partie;
3212 4860 3322 4979 ſur
3407 4860 3603 4979 quoy
3700 4860 4298 4979 ALEXANDRE
4347 4860 4457 4979 (du
4530 4860 4701 4979 pied
4774 4860 5006 4979 droi

2879 4985 3169 5098 eſlevé,
3262 4985 3273 5098 &
3320 4985 3493 5098 bras
3551 4985 3911 5098 eſtandu,
3980 4985 4015 5098 en
4096 4985 4490 5098 avançant
4537 4985 5000 5098 lentement

2855 5109 2905 5230 le
2979 5109 3165 5230 coſté
3240 5109 3513 5230 droi)
3550 5109 3996 5230 augmente
4058 5109 4406 5230 quelque
4455 5109 4579 5230 peu
4654 5109 4703 5230 le
4778 5109 5013 5230 ſenti-

2890 5235 3103 5356 ment,
3222 5235 3222 5356 &
3305 5235 3541 5356 oſtant
3589 5235 3754 5356 (par
3813 5235 3873 5356 le
3955 5235 4464 5356 mouvement
4535 5235 4583 5356 du
4654 5235 4997 5356 poignet

2867 5361 3036 5482 tout
3109 5361 3169 5482 de
3218 5361 3411 5482 ſuite
3520 5361 3520 5482 &
3592 5361 3786 5482 quaſi
3834 5361 3895 5482 au
3991 5361 4257 5482 meſme
4318 5361 4535 5482 tẽps)
4596 5361 4693 5482 ſon
4777 5361 4995 5482 eſpee

2876 5482 2936 5603 de
3009 5482 3372 5603 deſſoubs
3444 5482 3601 5603 celle
3698 5482 3759 5603 de
3807 5482 3843 5603 ſa
3904 5482 4182 5603 partie,
4266 5482 4303 5603 il
4363 5482 4484 5603 luy
4593 5482 4835 5603 donne
4907 5482 4968 5603 un

2876 5606 3344 5729 eſtramaçon
3418 5606 3467 5729 au
3554 5606 3824 5729 viſage,
3861 5606 4218 5729 plantant
4268 5606 4452 5729 (cela
4514 5606 4674 5729 fait)
4711 5606 4760 5729 le
4822 5606 4994 5729 pied

2886 5733 3114 5850 droi
3174 5733 3402 5850 eſlevé
3451 5733 3631 5850 hors
3739 5733 3739 5850 &
3799 5733 4136 5850 pardeça
4184 5733 4244 5850 le
4328 5733 4628 5850 Cercle;
4688 5733 4989 5850 comme

2864 5858 2962 5994 les
3011 5858 3306 5994 figures
3392 5858 3846 5994 monſtrent.

2858 6815 3045 6938 Comme
3151 6815 3444 6938 Alexandre
3503 6815 3549 6938 va
3620 6815 3831 6938 planter
3889 6815 3925 6938 le
3971 6815 4089 6938 pied
4147 6815 4300 6938 droit
4347 6815 4511 6938 (ainſi
4569 6815 4722 6938 qu’au
4815 6815 4980 6938 Cercle

3015 6937 3050 7059 N.
3110 6937 3205 7059 4.)
3300 6937 3550 7059 Lacharie
3622 6937 3729 7059 mene
3788 6937 3848 7059 ſon
3907 6937 4038 7059 eſpee
4098 6937 4133 7059 en
4229 6937 4407 7059 dehors
4478 6937 4574 7059 plus
4633 6937 4716 7059 loin
4800 6937 4978 7059 qu’au-

4907 7077 4994 7159 dit

1382 2868 1701 3026 Cercle
1914 2868 2170 3026 N.4.

2923 3924 3177 4042 Zacharie
3235 3924 3374 4042 donne
3431 3924 3535 4042 plus
3581 3924 3616 4042 de
3662 3924 3812 4042 poids
3858 3924 3858 4042 à
3916 3924 3962 4042 ſa
4020 3924 4216 4042 partie.
4355 3924 4655 4042 Alexandre
4724 3924 5013 4042 augnente

3003 4052 3224 4169 quelque
3273 4052 3346 4169 peu
3395 4052 3420 4169 le
3469 4052 3776 4169 ſentiment,
3862 4052 3862 4169 &
3911 4052 4070 4169 ayant
4119 4052 4205 4169 oſté
4242 4052 4316 4169 ſon
4365 4052 4500 4169 eſpee
4549 4052 4585 4169 de
4647 4052 4868 4169 deſſoubs
4904 4052 5015 4169 celle

3008 4179 3042 4293 de
3087 4179 3154 4293 ſon
3198 4179 3511 4293 contraire,
3555 4179 3589 4293 il
3622 4179 3689 4293 luy
3745 4179 3890 4293 donne
3935 4179 3980 4293 un
4024 4179 4136 4293 coup
4203 4179 4582 4293 d’eſtramaçon
4638 4179 4683 4293 au
4728 4179 4940 4293 viſage.

3376 2208 3856 2334 LEXANDRE
3938 2208 4465 2334 pourſuivant
4559 2208 4605 2334 en
4711 2208 4769 2334 ce
4886 2208 5027 2334 Cer-

3363 2331 3442 2456 cle
3498 2331 3950 2456 l’operation
4040 2331 4085 2456 en
4164 2331 4695 2456 commencée
4740 2331 4797 2456 au
4876 2331 5034 2456 pre-

3356 2459 3714 2582 cedent,
3775 2459 3935 2582 leve
4009 2459 4059 2582 le
4120 2459 4293 2582 pied
4391 2459 4736 2582 gauche,
4859 2459 4872 2582 &
4958 2459 5007 2582 en

3338 2583 3878 2709 tresbuchant
3974 2583 4022 2709 du
4106 2583 4321 2709 corps
4381 2583 4393 2709 a
4465 2583 4669 2709 coſté
4753 2583 5017 2709 droi,

2878 2704 2914 2829 il
2986 2704 3189 2829 mene
3237 2704 3285 2829 ſa
3345 2704 3620 2829 pointe
3703 2704 3859 2829 vers
3919 2704 3955 2829 la
4026 2704 4218 2829 veuë
4277 2704 4349 2829 de
4409 2704 4457 2829 ſa
4541 2704 4828 2829 partie,
4911 2704 5031 2829 qui

2875 2832 3394 2949 (continuant
3449 2832 3549 2949 ſon
3659 2832 4113 2949 mouvemẽt
4201 2832 4654 2949 mentionné
4709 2832 4765 2949 au
4875 2832 5019 2949 Cer-

2886 2955 2983 3080 cle
3032 2955 3542 3080 precedent)
3603 2955 3639 3080 la
3700 2955 3906 3080 pare.
4052 2955 4598 3080 ALEXANDRE
4695 2955 5023 3080 dreſſant

2880 3080 2931 3203 le
2982 3080 3149 3203 bras
3252 3080 3264 3203 &
3328 3080 3636 3203 l’eſpee,
3688 3080 3944 3203 planté
3995 3080 4047 3203 le
4098 3080 4277 3203 pied
4354 3080 4585 3203 eſlevé
4624 3080 4726 3203 ſur
4778 3080 4816 3203 la
4893 3080 5021 3203 let-

2883 3208 2982 3328 tre
3081 3208 3143 3328 S;
3193 3208 3367 3328 puis
3429 3208 3541 3328 eſle
3590 3208 3764 3328 vant
3801 3208 3863 3328 le
3926 3208 4211 3328 droi,
4298 3208 4546 3328 (pour
4621 3208 5018 3328 travailler

2880 3331 3064 3447 ſelon
3149 3331 3431 3447 l’ordre
3505 3331 3566 3447 du
3689 3331 3922 3447 Ccrcle
3971 3331 4326 3447 ſuivant)
4363 3331 4399 3447 il
4461 3331 4657 3447 tient
4718 3331 4779 3447 le
4853 3331 5012 3447 bras

2892 3457 3182 3581 eſtandu
3267 3457 3569 3581 comme
3617 3457 3666 3581 ſa
3726 3457 3968 3581 figure
4016 3457 4524 3581 repreſente.

3620 3664 3930 3834 Cercle
4372 3664 4439 3834 7.

1364 5813 1672 5979 Cercle
1892 5813 2134 5979 N.5.

638 6042 747 6166 Ainſi
791 6042 1227 6166 qu’Alexandre
1282 6042 1358 6166 met
1402 6042 1435 6166 le
1478 6042 1588 6166 pied
1642 6042 1795 6166 droit
1839 6042 1850 6166 à
1893 6042 2035 6166 terre
2079 6042 2254 6166 comme
2308 6042 2352 6166 au
2417 6042 2570 6166 Cercle
2625 6042 2734 6166 pre-

711 6171 913 6292 cedent,
981 6171 1228 6292 Zacharie
1295 6171 1408 6292 mene
1453 6171 1633 6292 l’eſpee
1689 6171 1723 6292 de
1768 6171 1801 6292 ſa
1858 6171 2026 6292 partie
2071 6171 2105 6292 en
2173 6171 2364 6292 dehors.
2431 6171 2735 6292 Alexandre

730 6293 880 6419 dreſe
915 6293 961 6419 ſa
1019 6293 1169 6419 garde
1215 6293 1262 6419 un
1308 6293 1435 6419 petit
1481 6293 1516 6419 en
1585 6293 1759 6419 dehors
1886 6293 1932 6419 ſa
1978 6293 2140 6419 pointe
2187 6293 2302 6419 vers
2337 6293 2371 6419 la
2418 6293 2533 6419 veuë
2591 6293 2626 6419 de
2684 6293 2718 6419 ſa

717 6430 977 6537 partie.

1072 6555 1132 6680 Es
1191 6555 1657 6680 operations
1717 6555 1788 6680 de
1848 6555 1907 6680 ce
2003 6555 2242 6680 Cercle
2289 6555 2516 6680 tirent
2564 6555 2719 6680 leur

1050 6679 1314 6809 ſource
1415 6679 1465 6809 du
1616 6679 1855 6809 Cercle
1943 6679 2383 6809 precedent
2534 6679 2571 6809 N.
2672 6679 2710 6809 4.

1096 6802 1552 6931 ZACHARIE
1612 6802 1672 6931 au
1804 6802 2068 6931 meſme
2152 6802 2405 6931 temps
2513 6802 2729 6931 qu’A-

1060 6929 1863 7045 LEXANDRE(cõme
1911 6929 1948 7045 il
1996 6929 2082 7045 eſt
2167 6929 2447 7045 declaré
2507 6929 2714 7045 audit

648 3070 906 3217 Zacharie
965 3070 1271 3217 attandant
1306 3070 1623 3217 l’operation
1694 3070 1717 3217 de
1776 3070 1823 3217 ſa
1870 3070 2070 3217 partie,
2152 3070 2458 3217 Alexandre
2517 3070 2658 3217 porte
2705 3070 2752 3217 a-

748 3214 825 3337 vec
863 3214 928 3337 ſoy
979 3214 1146 3337 l’eſpee
1210 3214 1454 3337 d’iceluy;
1493 3214 1596 3337 puis
1634 3214 1660 3337 le
1711 3214 1853 3337 bleſſe
1904 3214 1943 3337 au
1994 3214 2199 3337 viſage.

1109 3357 1109 3472 E
1241 3357 1494 3472 Cercle
1602 3357 1963 3472 contient
2036 3357 2084 3472 la
2180 3357 2589 3472 pourſuite
2698 3357 2758 3472 a-

1077 3479 1203 3599 vec
1260 3479 1739 3599 l’execution
1831 3479 1934 3599 des
2002 3479 2185 3599 trois
2253 3479 2733 3599 precedens.

1118 3604 1563 3725 ZACHARIE
1632 3604 2042 3725 attandant
2111 3604 2293 3725 avec
2362 3604 2738 3725 patience

1070 3730 1298 3850 toute
1370 3730 1826 3850 l’operation
1958 3730 2018 3850 de
2078 3730 2125 3850 ſa
2197 3730 2473 3850 partie,
2533 3730 2617 3850 ne
2689 3730 2737 3850 ſe

623 3852 918 3978 change
995 3852 1059 3978 ni
1162 3852 1226 3978 de
1303 3852 1508 3978 place
1585 3852 1636 3978 ni
1739 3852 1803 3978 de
1892 3852 2290 3978 poſture,
2367 3852 2431 3978 ce
2533 3852 2751 3978 qu’A-

618 3982 1101 4101 LEXANDRE
1172 3982 1678 4101 remarquant
1725 3982 1984 4101 (apres
2043 3982 2244 4101 avoir
2314 3982 2479 4101 fai
2550 3982 2738 4101 quel-

631 4104 755 4226 que
804 4104 1076 4226 pauſe)
1113 4104 1274 4226 leve
1323 4104 1373 4226 le
1435 4104 1595 4226 pied
1670 4104 1954 4226 droi,
2065 4104 2078 4226 &
2152 4104 2201 4226 en
2288 4104 2733 4226 l’avançant

605 4230 788 4350 avec
836 4230 885 4350 le
958 4230 1140 4350 coſté
1213 4230 1444 4350 droi
1505 4230 1931 4350 enſemble,
1980 4230 2016 4350 il
2065 4230 2284 4350 porte
2332 4230 2600 4350 l’eſpee
2673 4230 2734 4350 de

602 4356 652 4478 ſa
701 4356 948 4478 partie
997 4356 1170 4478 avec
1244 4356 1404 4478 ſoy;
1478 4356 1639 4478 puis
1713 4356 2059 4478 plantant
2120 4356 2170 4478 le
2256 4356 2429 4478 pied
2503 4356 2737 4478 eſlevé

604 4481 704 4601 ſur
766 4481 803 4601 la
865 4481 1076 4601 ligne
1200 4481 1200 4601 N
1311 4481 1361 4601 G,
1423 4481 1460 4601 il
1534 4481 1820 4601 avance
1906 4481 2365 4601 lentement
2440 4481 2489 4601 le
2563 4481 2737 4601 pied

621 4605 940 4731 gauche;
1042 4605 1042 4731 &
1110 4605 1326 4731 ayant
1383 4605 1440 4731 au
1542 4605 1793 4731 meſme
1884 4605 2384 4731 mouvement
2441 4605 2725 4731 tourné

606 4726 656 4857 le
719 4726 884 4857 pied
959 4726 1136 4857 droit
1200 4726 1452 4857 planté
1503 4726 1604 4857 ſur
1642 4726 1743 4857 les
1806 4726 2071 4857 orteils
2122 4726 2261 4857 (de
2324 4726 2514 4857 ſorte
2602 4726 2741 4857 que

601 4852 651 4975 le
713 4852 887 4975 talon
974 4852 1173 4975 vient
1235 4852 1435 4975 entre
1484 4852 1534 4975 la
1584 4852 1783 4975 ligne
1920 4852 1920 4975 N
2032 4852 2044 4975 G
2156 4852 2156 4975 &
2206 4852 2243 4975 la
2343 4852 2729 4975 Circonfe-

604 4976 881 5100 rence)
981 4976 981 5100 &
1032 4976 1258 5100 bleſſé
1333 4976 1371 5100 ſa
1446 4976 1685 5100 partie
1748 4976 1798 5100 au
1899 4976 2188 5100 viſage,
2251 4976 2288 5100 il
2351 4976 2615 5100 plante
2678 4976 2728 5100 le

599 5105 782 5224 pied
843 5105 1063 5224 eſlevé
1124 5105 1222 5224 ſur
1259 5105 1320 5224 le
1369 5105 1589 5224 point
1724 5105 1736 5224 ;
1809 5105 2103 5224 comme
2152 5105 2188 5224 il
2237 5105 2286 5224 ſe
2335 5105 2518 5224 peut
2580 5105 2726 5224 voir

603 5236 735 5352 aux
795 5236 1121 5352 figures.

1388 448 1696 611 Cercle
1937 448 2179 611 N.3.

687 667 978 791 Alexandre
1022 667 1257 791 continue
1324 667 1324 791 à
1380 667 1559 791 porter
1615 667 1782 791 l’eſpee
1838 667 1872 791 de
1905 667 1950 791 ſa
1994 667 2162 791 partie
2207 667 2251 791 en
2296 667 2374 791 bas
2408 667 2564 791 (avec
2620 667 2754 791 force

789 796 1056 915 moderée)
1103 796 1103 915 a
1149 796 1265 915 coſté
1323 796 1532 915 gauche;
1602 796 1695 915 puis
1741 796 1927 915 acheve
1974 796 1997 915 le
2043 796 2427 915 ſujettement.

1120 927 1631 1049 LEXANDRE
1713 927 2236 1049 pourſuivant
2306 927 2411 1049 les
2504 927 2748 1049 opera-

1086 1051 1296 1172 tions
1378 1051 1706 1172 declarés
1764 1051 1893 1172 aux
1963 1051 2150 1172 deux
2243 1051 2536 1172 Cercles
2582 1051 2746 1172 pre-

1104 1179 1419 1294 cedens,
1484 1179 1854 1294 continue
1919 1179 1930 1294 à
2006 1179 2267 1294 porter
2332 1179 2430 1294 (en
2528 1179 2745 1294 avan-

1102 1300 1260 1422 çant
1309 1300 1357 1422 le
1406 1300 1577 1422 pied
1662 1300 1930 1422 eſlevé)
1967 1300 2015 1422 la
2076 1300 2271 1422 lame
2357 1300 2418 1422 de
2491 1300 2527 1422 ſa
2588 1300 2747 1422 par-

639 1425 720 1542 tie
789 1425 996 1542 (avec
1065 1425 1272 1542 force
1376 1425 1767 1542 moderée)
1836 1425 1882 1542 en
1951 1425 2067 1542 bas
2136 1425 2285 1542 vers
2366 1425 2469 1542 ſon
2562 1425 2757 1542 coſté

650 1549 972 1672 gauche,
1071 1549 1071 1672 &
1121 1549 1331 1672 apres
1380 1549 1640 1672 l’avoir
1690 1549 2049 1672 ſujettée,
2086 1549 2123 1672 il
2160 1549 2420 1672 plante
2469 1549 2519 1672 le
2581 1549 2754 1672 pied

649 1675 877 1796 droi
940 1675 1169 1796 eſlevé
1232 1675 1334 1796 ſur
1372 1675 1410 1796 la
1486 1675 1689 1796 ligne
1790 1675 1980 1796 CG,
2069 1675 2247 1796 avec
2310 1675 2412 1796 les
2488 1675 2742 1796 orteils

654 1797 975 1920 d’iceluy
1024 1797 1024 1920 à
1074 1797 1123 1920 la
1173 1797 1407 1920 lettre
1506 1797 1543 1920 G,
1642 1797 1642 1920 &
1691 1797 2062 1920 amenant
2111 1797 2161 1920 le
2210 1797 2383 1920 pied
2445 1797 2741 1920 gauche

620 1924 1097 2045 l’entement
1156 1924 1202 2045 en
1284 1924 1889 2045 circonference
1948 1924 2111 2045 pres
2180 1924 2239 2045 du
2309 1924 2623 2045 planté,
2716 1924 2751 2045 il

638 2041 865 2168 dreſſe
910 2041 1012 2168 (en
1091 2041 1488 2168 avançant
1534 2041 1647 2168 par
1715 2041 1761 2168 le
1863 2041 2112 2168 meſme
2225 2041 2736 2168 mouvement

616 2168 678 2294 le
741 2168 928 2294 coſté
990 2168 1327 2294 gauche)
1364 2168 1601 2294 ledi
1651 2168 1826 2294 pied
1888 2168 2138 2294 planté
2213 2168 2312 2294 ſur
2375 2168 2412 2294 la
2499 2168 2736 2294 conti-

619 2293 929 2418 nuation
1016 2293 1078 2418 de
1128 2293 1177 2418 la
1239 2293 1438 2418 ligne
1537 2293 1550 2418 T
1674 2293 1736 2418 G;
1811 2293 1960 2418 puis
2059 2293 2369 2418 mettant
2431 2293 2481 2418 le
2568 2293 2742 2418 pied

640 2418 927 2544 gauche
977 2418 1077 2544 ſur
1127 2418 1165 2544 la
1227 2418 1427 2544 ligne
1514 2418 1652 2544 DF,
1689 2418 1727 2544 il
1764 2418 2052 2544 acheve
2102 2418 2152 2544 le
2202 2418 2739 2544 ſujettement

640 2541 698 2662 de
757 2541 804 2662 la
874 2541 1062 2662 lame
1132 2541 1203 2662 de
1250 2541 1355 2662 ſon
1449 2541 1860 2662 contraire;
1930 2541 2223 2662 comme
2282 2541 2376 2662 les
2446 2541 2740 2662 figures

649 2668 1097 2759 monſtrent.

3674 1647 4006 1806 Cercle
4295 1647 4450 1806 N6.

3582 6548 3908 6722 Cercle
4213 6548 4388 6722 .8.
