5479 7714
2917 666 3216 796 Alexandre
3251 666 3400 796 apres
3446 666 3585 796 avoir
3642 666 3780 796 donné
3815 666 3884 796 ſon
3930 666 4034 796 coup
4080 666 4230 796 baiſſe
4264 666 4310 796 ſa
4356 666 4506 796 pointe
4552 666 4759 796 juſques
4817 666 4817 796 à
4863 666 4967 796 ter-

2993 794 3059 920 re;
3103 794 3202 920 puis
3257 794 3399 920 donne
3443 794 3487 920 un
3531 794 3706 920 ſecond
3739 794 3849 920 coup
3915 794 4277 920 d’eſtramaçon
4342 794 4342 920 a
4386 794 4419 920 ſa
4463 794 4715 920 partie.

3375 949 3487 1079 Ecy
3575 949 3650 1079 eſt
3700 949 3738 1079 la
3801 949 4201 1079 pourſuite
4302 949 4314 1079 &
4364 949 4828 1079 l’execution
4903 949 4966 1079 fi-

3333 1074 3495 1177 nale
3588 1074 3647 1177 de
3716 1074 4112 1177 l’occaſion
4205 1074 4507 1177 donnée
4565 1074 4623 1177 au
4728 1074 4960 1177 Cercle

3332 1199 3810 1325 precedent.
3878 1199 4459 1325 ALEXANDRE
4504 1199 4732 1325 ayant
4800 1199 4970 1325 don-

3330 1320 3399 1449 né
3490 1320 3592 1449 ſon
3672 1320 3855 1449 coup
3923 1320 4470 1449 d’eſtramaçon
4527 1320 4971 1449 (mention-

2870 1425 2940 1570 né
2998 1425 3045 1570 au
3126 1425 3850 1570 precedentattire
3885 1425 3978 1570 (en
4048 1425 4199 1570 tres
4234 1425 4526 1570 buchãt
4584 1425 4631 1570 du
4724 1425 4969 1570 corps)

2868 1567 2915 1697 le
2974 1567 3138 1697 pied
3208 1567 3524 1697 gauche,
3618 1567 3618 1697 &
3688 1567 3735 1697 en
3806 1567 3852 1697 le
3934 1567 4157 1697 menãt
4227 1567 4274 1697 en
4356 1567 4954 1697 circonference

2884 1687 3090 1821 entre
3127 1687 3248 1821 luy
3369 1687 3369 1821 &
3430 1687 3527 1821 ſon
3600 1687 4024 1821 contraire,
4072 1687 4109 1821 il
4157 1687 4375 1821 baiſſe
4424 1687 4460 1821 la
4545 1687 4812 1821 pointe
4897 1687 4957 1821 de

2865 1815 2972 1943 ſon
3054 1815 3254 1943 eſpee
3302 1815 3620 1943 juſques
3679 1815 3679 1943 à
3738 1815 3997 1943 terre;
4092 1815 4257 1943 puis
4327 1815 4374 1943 en
4469 1815 4846 1943 avançant
4905 1815 4952 1943 le

2863 1934 3040 2068 pied
3099 1934 3335 2068 eſlevé
3382 1934 3417 2068 il
3476 1934 3713 2068 donne
3772 1934 3831 2068 un
3925 1934 4209 2068 ſecond
4268 1934 4445 2068 coup
4539 1934 4952 2068 d’eſtrama-

2891 2059 2988 2192 çon
3062 2059 3123 2192 au
3208 2059 3440 2192 viſage
3513 2059 3574 2192 de
3623 2059 3659 2192 ſa
3720 2059 3988 2192 partie,
4037 2059 4391 2192 plantant
4464 2059 4671 2192 apres
4720 2059 4952 2192 ledi

2879 2181 3039 2315 pied
3101 2181 3335 2315 eſlevé
3385 2181 3558 2315 hors
3669 2181 3669 2315 &
3730 2181 4051 2315 pardeça
4101 2181 4150 2315 le
4261 2181 4521 2315 Cercle;
4582 2181 4879 2315 comme
4928 2181 4965 2315 il

2862 2308 2910 2435 ſe
2970 2308 3151 2435 peut
3211 2308 3356 2435 voir
3404 2308 3537 2435 aux
3597 2308 3911 2435 figures.

3547 2857 3864 3023 Cercle
4180 2857 4412 3023 .12.

2889 3084 3137 3221 Zacharie
3182 3084 3294 3221 pare
3350 3084 3406 3221 icy
3463 3084 3553 3221 d’un
3598 3084 3732 3221 petit
3789 3084 4103 3221 mouvement
4148 3084 4317 3221 l’eſpee
4384 3084 4407 3221 de
4452 3084 4497 3221 ſa
4542 3084 4710 3221 partie
4755 3084 4789 3221 en
4834 3084 4935 3221 bas.

3013 3210 3302 3342 Alexandre
3360 3210 3510 3342 ayant
3568 3210 3684 3342 mene
3742 3210 3800 3342 ſon
3858 3210 3985 3342 eſpee
4066 3210 4274 3342 deſſoubs
4343 3210 4459 3342 celle
4517 3210 4552 3342 de
4598 3210 4633 3342 ſa
4702 3210 4864 3342 partie
4922 3210 4945 3342 le

2977 3339 3108 3459 bleſſe
3167 3339 3263 3459 d’un
3310 3339 3632 3459 eſtramaçon
3691 3339 3727 3459 au
3786 3339 3989 3459 viſage.

3334 3486 3347 3616 E
3448 3486 3686 3616 Cercle
3736 3486 3975 3616 prend
4025 3486 4189 3616 auſſi
4252 3486 4352 3616 ſon
4465 3486 4741 3616 origine
4842 3486 4942 3616 des

3314 3614 3773 3741 operations
3830 3614 4266 3741 contenues
4323 3614 4369 3741 au
4483 3614 4724 3741 Cercle
4827 3614 4862 3741 N.
4919 3614 4953 3741 4.

3350 3737 3429 3863 ZA
3498 3737 3509 3863 C
3588 3737 3850 3863 HARIE
3929 3737 4134 3863 apres
4191 3737 4395 3863 avoir
4441 3737 4748 3863 attandu
4816 3737 4952 3863 juſ-

3316 3861 3496 3988 ques
3556 3861 3568 3988 à
3652 3861 3713 3988 ce
3809 3861 3929 3988 que
4001 3861 4049 3988 ſa
4121 3861 4362 3988 partie
4422 3861 4506 3988 ait
4590 3861 4831 3988 planté
4891 3861 4951 3988 le

2850 3979 3018 4114 pied
3090 3979 3271 4114 droit
3319 3979 3331 4114 à
3379 3979 3427 4114 la
3475 3979 3704 4114 lettre
3812 3979 3848 4114 N,
3908 3979 4064 4114 pare
4137 3979 4546 4114 viſtement
4630 3979 4750 4114 d’un
4822 3979 4942 4114 pe-

2845 4104 2922 4233 tit
3011 4104 3510 4233 mouvement
3554 4104 3654 4233 ſon
3731 4104 3942 4233 eſpee
4008 4104 4053 4233 en
4119 4104 4274 4233 bas:
4341 4104 4485 4233 mais
4573 4104 4584 4233 A
4640 4104 4939 4233 LEXAN-

2869 4235 2996 4356 DRE
3042 4235 3272 4356 (aydé
3330 4235 3445 4356 par
3491 4235 3537 4356 le
3618 4235 4125 4356 mouvement
4194 4235 4251 4356 de
4297 4235 4343 4356 ſa
4401 4235 4931 4356 partie)mene

2846 4356 2942 4472 ſon
3027 4356 3231 4472 eſpee
3292 4356 3400 4472 par
3460 4356 3822 4472 deſſoubs
3882 4356 4051 4472 celle
4111 4356 4171 4472 de
4232 4356 4328 4472 ſon
4412 4356 4822 4472 contraire,
4930 4356 4943 4472 &

2847 4474 3065 4608 apres
3114 4474 3356 4608 l’avoir
3429 4474 3647 4608 bleſſé
3720 4474 3817 4608 (en
3902 4474 4290 4608 avançant
4350 4474 4411 4608 le
4496 4474 4690 4608 coſté
4811 4474 4823 4608 &
4884 4474 4932 4608 le

2843 4596 3015 4732 pied
3077 4596 3409 4732 gauche)
3471 4596 3594 4732 d’un
3680 4596 4147 4732 eſtramaçon
4209 4596 4271 4732 au
4344 4596 4615 4732 viſage,
4664 4596 4701 4732 il
4738 4596 4935 4732 plan-

2840 4719 2902 4855 te
2938 4719 3000 4855 le
3062 4719 3234 4855 pied
3295 4719 3529 4855 eſlevé
3566 4719 3738 4855 pres
3800 4719 3861 4855 de
3911 4719 3948 4855 la
3997 4719 4231 4855 lettre
4341 4719 4391 4855 V,
4440 4719 4612 4855 hors
4723 4719 4735 4855 &
4784 4719 4932 4855 par-

2864 4842 3020 4975 deça
3068 4842 3116 4975 le
3212 4842 3488 4975 Cercle;
3549 4842 3849 4975 comme
3885 4842 3993 4975 les
4041 4842 4330 4975 figures
4414 4842 4870 4975 monſtrent.

4900 6891 4938 7111 Il

3627 427 3945 603 Cercle
4173 427 4423 603 &j.

2867 5299 3161 5432 Alexandre
3208 5299 3349 5432 bleſſe
3384 5299 3443 5432 ſon
3502 5299 3772 5432 contraire
3819 5299 3819 5432 à
3866 5299 3901 5432 la
3960 5299 4312 5432 poitrine;
4371 5299 4476 5432 pris
4535 5299 4817 5432 augmente
4864 5299 4923 5432 ſon

2946 5431 3063 5550 coup
3105 5431 3148 5550 au
3201 5431 3423 5550 travers
3476 5431 3508 5550 du
3561 5431 3699 5550 corps
3752 5431 3985 5550 d’iceluy.

3311 5568 3436 5705 Ecy
3499 5568 3575 5705 eſt
3625 5568 3663 5705 la
3726 5568 4129 5705 pourſuite
4192 5568 4242 5705 du
4368 5568 4607 5705 Cercle
4657 5568 4922 5705 prece-

3316 5703 3508 5827 dent.
3652 5703 4180 5827 ALEXANDRE
4276 5703 4504 5827 ayant
4588 5703 4805 5827 bleſſé
4865 5703 4913 5827 ſa

3287 5824 3514 5952 partie
3578 5824 3628 5952 au
3717 5824 4197 5952 viſage(ſelon
4273 5824 4438 5952 qu’il
4488 5824 4564 5952 eſt
4640 5824 4918 5952 declaré

3288 5950 3547 6077 audi
3663 5950 3960 6077 Cercle)
4025 5950 4077 6077 ſe
4180 5950 4400 6077 dreſſe
4465 5950 4568 6077 ſur
4633 5950 4672 6077 le
4749 5950 4917 6077 pied

2835 6073 3187 6202 gauche,
3333 6073 3333 6202 &
3393 6073 3612 6202 ayant
3709 6073 3903 6202 mene
3964 6073 4012 6202 le
4085 6073 4316 6202 droi
4364 6073 4473 6202 par
4546 6073 4813 6202 devant
4862 6073 4910 6202 le

2825 6197 3115 6321 planté,
3140 6197 3165 6321 il
3216 6197 3266 6321 le
3342 6197 3468 6321 met
3519 6197 3531 6321 à
3582 6197 3771 6321 terre
3822 6197 3998 6321 hors
4099 6197 4112 6321 &
4150 6197 4478 6321 pardeça
4516 6197 4920 6321 leCercle;

2818 6324 2980 6444 puis
3037 6324 3406 6444 tournant
3452 6324 3510 6444 le
3568 6324 3787 6444 corps
3833 6324 3937 6444 ſur
3983 6324 4029 6444 le
4110 6324 4294 6444 droit
4363 6324 4525 6444 leve
4606 6324 4652 6444 le
4744 6324 4905 6444 gau-

2831 6444 3003 6565 che,
3089 6444 3138 6565 en
3224 6444 3604 6565 avançant
3666 6444 3936 6565 lequel
3985 6444 4021 6565 il
4083 6444 4304 6565 bleſſe
4377 6444 4414 6565 ſa
4488 6444 4721 6565 partie
4782 6444 4795 6565 à
4856 6444 4893 6565 la

2821 6569 3233 6697 poirine;
3283 6569 3445 6697 puis
3482 6569 3532 6697 le
3595 6569 3944 6697 plantant
3994 6569 4156 6697 pres
4194 6569 4256 6697 le
4319 6569 4443 6697 coin
4556 6569 4606 6697 du
4755 6569 4918 6697 Qua-

2839 6690 3005 6819 drat,
3041 6690 3065 6819 il
3124 6690 3385 6819 pouſſe
3420 6690 3527 6819 ſon
3598 6690 3954 6819 eſtocade
4025 6690 4653 6819 encommencée
4724 6690 4914 6819 com-

2843 6820 2925 6942 me
2996 6820 3043 6942 on
3125 6820 3290 6942 void
3337 6820 3478 6942 aux
3525 6820 3843 6942 figures.

3575 5059 3885 5215 Cercle
4084 5059 4372 5215 N.13.

777 423 864 542 dit
939 423 1089 542 Cercle
1138 423 1213 542 qui
1263 423 1375 542 fait
1425 423 1848 542 qu’Alexandre
1898 423 1960 542 eſt
2010 423 2147 542 forcé
2222 423 2247 542 de
2309 423 2520 542 planter
2558 423 2583 542 le
2645 423 2757 542 pied

789 547 948 668 droict,
997 547 1216 668 dreſſant
1253 547 1290 668 ſa
1339 547 1497 668 pointe
1546 547 1558 668 à
1607 547 1644 668 la
1693 547 1803 668 veuë
1864 547 1888 668 de
1937 547 1974 668 ſa
2023 547 2193 668 partie
2242 547 2352 668 pour
2413 547 2438 668 le
2474 547 2670 668 bleſſer,
2706 547 2743 668 ou

755 683 1100 792 contraindre
1159 683 1159 792 a
1209 683 1377 792 parer.

1143 851 1143 977 E
1285 851 1517 977 Cercle
1595 851 1827 977 prend
1892 851 1931 977 ſa
1995 851 2254 977 ſource
2331 851 2383 977 de
2435 851 2757 977 l’opera-

1099 979 1238 1103 tion
1326 979 1377 1103 du
1491 979 1731 1103 Cercle
1832 979 1883 1103 N.
1933 979 1958 1103 4.
2009 979 2451 1103 cependant
2527 979 2742 1103 qu’A-

1109 1104 1620 1226 LEXANDRE
1693 1104 1742 1226 va
1815 1104 2107 1226 planter
2156 1104 2204 1226 le
2277 1104 2448 1226 pied
2509 1104 2740 1226 droi

1095 1228 1107 1328 à
1155 1228 1203 1328 la
1251 1228 1479 1328 lettre
1587 1228 1635 1328 N,
1742 1228 2257 1328 ZACHARIE
2353 1228 2545 1328 mene
2617 1228 2713 1328 ſon

658 1348 869 1473 eſpee
931 1348 968 1473 en
1067 1348 1377 1473 dehors,
1476 1348 1489 1473 &
1538 1348 1724 1473 pour
1799 1348 1972 1473 eſtre
2046 1348 2208 1473 plus
2282 1348 2567 1473 aſſeuré
2641 1348 2728 1473 d’i-

652 1476 877 1602 celle,
928 1476 965 1602 il
1028 1476 1065 1602 la
1140 1476 1366 1602 porte
1441 1476 1591 1602 plus
1654 1476 1791 1602 loin
1891 1476 2042 1602 qu’il
2092 1476 2179 1602 n’a
2267 1476 2380 1602 pas
2430 1476 2593 1602 fai
2668 1476 2718 1602 au

684 1598 916 1718 Cercle
1026 1598 1062 1718 N.
1123 1598 1160 1718 5,
1245 1598 1306 1718 de
1367 1598 1562 1718 ſorte
1660 1598 2440 1718 qu’ALEXANDRE
2513 1598 2525 1718 a
2623 1598 2745 1718 ant

668 1721 775 1841 mis
846 1721 1262 1841 viſtement
1309 1721 1368 1841 le
1416 1721 1582 1841 pied
1653 1721 1938 1841 gauche
1985 1721 1997 1841 à
2057 1721 2246 1841 terre
2318 1721 2507 1841 pour
2579 1721 2733 1841 eſle-

648 1845 758 1963 ver
807 1845 856 1963 le
917 1845 1187 1963 droi,
1236 1845 1321 1963 eſt
1370 1845 1566 1963 forcé
1652 1845 1701 1963 de
1750 1845 2056 1963 planter
2093 1845 2142 1963 le
2215 1845 2448 1963 droi
2509 1845 2730 1963 eſlevé

641 1967 691 2093 au
816 1967 1079 2093 Centre
1141 1967 1191 2093 du
1303 1967 1578 2093 Cercle,
1616 1967 1903 2093 laiſſant
1965 1967 2203 2093 ſuivre
2253 1967 2303 2093 le
2377 1967 2665 2093 gauche
2715 1967 2727 2093 à

631 2093 679 2212 la
727 2093 966 2212 lettre
1074 2093 1121 2212 M,
1181 2093 1504 2212 dreſſant
1564 2093 2006 2212 cependant
2054 2093 2090 2212 la
2149 2093 2412 2212 pointe
2484 2093 2556 2212 de
2604 2093 2711 2212 ſon

653 2216 863 2338 eſpee
912 2216 924 2338 à
974 2216 1011 2338 la
1085 2216 1270 2338 veuë
1331 2216 1393 2338 de
1467 2216 1504 2338 ſa
1590 2216 1874 2338 partie,
1936 2216 2133 2338 pour
2195 2216 2244 2338 le
2318 2216 2590 2338 bleſſer
2651 2216 2701 2338 ou

634 2342 1140 2461 contraindre
1195 2342 1206 2461 à
1272 2342 1679 2461 continuer
1745 2342 1789 2461 ſa
1866 2342 2141 2461 parade
2218 2342 2735 2461 encommen-

642 2464 805 2587 cée;
864 2464 1156 2587 comme
1214 2464 1250 2587 il
1285 2464 1343 2587 ſe
1402 2464 1565 2587 void
1624 2464 1752 2587 aux
1811 2464 2126 2587 figures.

1373 2654 1691 2817 Cercle
1903 2654 2158 2817 N.9.

656 2880 901 2998 Zacharie
946 2880 1181 2998 continue
1214 2880 1259 2998 ſa
1315 2880 1538 2998 parade,
1627 2880 1627 2998 &
1716 2880 2007 2998 Alexandre
2040 2880 2074 2998 ſe
2130 2880 2342 2998 prepare
2397 2880 2397 2998 à
2464 2880 2632 2998 donner
2677 2880 2721 2998 un

740 3012 850 3128 coup
938 3012 1344 3128 d’eſtramaçon.

1109 3173 1224 3308 Ecy
1289 3173 1379 3308 eſt
1417 3173 1456 3308 la
1520 3173 1919 3308 pourſuite
1996 3173 2035 3308 du
2112 3173 2498 3308 precedẽt
2601 3173 2729 3308 N.8.

1124 3312 1556 3425 ZACHARIE
1615 3312 1954 3425 (voyant
2024 3312 2059 3425 la
2117 3312 2386 3425 pointe
2468 3312 2538 3425 de
2608 3312 2725 3425 l’e-

1075 3429 1241 3554 ſpee
1312 3429 1371 3554 de
1442 3429 1490 3554 ſa
1561 3429 1798 3554 partie
1869 3429 1916 3554 au
2023 3429 2307 3554 devant
2378 3429 2426 3554 ſa
2497 3429 2722 3554 veuë)

1080 3554 1454 3672 continue
1498 3554 1553 3672 le
1630 3554 2136 3672 mouvement
2202 3554 2268 3672 de
2312 3554 2356 3672 ſa
2411 3554 2718 3672 parade.

656 3673 668 3795 A
739 3673 1213 3795 LEXANDRE
1284 3673 1604 3795 dreſſant
1663 3673 1699 3795 la
1805 3673 2042 3795 deſſus
2102 3673 2161 3795 le
2232 3673 2445 3795 corps
2492 3673 2599 3795 ſur
2658 3673 2718 3795 le

617 3802 785 3926 pied
857 3802 1146 3926 gauche
1194 3802 1483 3926 planté,
1519 3802 1567 3926 ſe
1627 3802 1952 3926 prepare
2000 3802 2108 3926 (en
2193 3802 2710 3926 augmentant

615 3921 661 4042 le
719 3921 1184 4042 ſentiment)
1231 3921 1242 4042 à
1335 3921 1614 4042 donner
1672 3921 1731 4042 un
1835 3921 2021 4042 coup
2114 3921 2719 4042 d’eſtramaçon;

630 4050 926 4168 comme
974 4050 1010 4168 il
1057 4050 1330 4168 appert
1378 4050 1520 4168 aux
1568 4050 1888 4168 figures.

1340 4255 1662 4420 Cercle
1962 4255 2176 4420 N10.

641 4477 894 4596 Zacharie
938 4477 1257 4596 continuant
1290 4477 1334 4596 ſa
1378 4477 1577 4596 parade
1643 4477 1775 4596 donne
1830 4477 1830 4596 a
1885 4477 1918 4596 ſa
1962 4477 2138 4596 partie
2182 4477 2259 4596 une
2325 4477 2535 4596 occaſion
2590 4477 2722 4596 preſ-

737 4601 815 4727 que
859 4601 1137 4727 ſemblable
1192 4601 1192 4727 à
1236 4601 1347 4727 celle
1414 4601 1447 4727 du
1514 4601 1669 4727 Cercle
1758 4601 1791 4727 N.
1847 4601 1880 4727 7.
1969 4601 2257 4727 Alexandre
2302 4601 2457 4727 ayant
2523 4601 2568 4727 un
2634 4601 2712 4727 peu

731 4722 1023 4847 augmenté
1059 4722 1083 4847 le
1144 4722 1424 4847 ſentiment
1582 4722 1667 4847 oſté
1727 4722 1788 4847 ſon
1849 4722 1982 4847 eſpee
2043 4722 2080 4847 de
2152 4722 2371 4847 deſſoubs
2408 4722 2517 4847 celle
2590 4722 2626 4847 de
2675 4722 2723 4847 ſa

727 4848 891 4975 partie
937 4848 960 4975 le
1007 4848 1147 4975 bleſſe
1205 4848 1298 4975 d’un
1345 4848 1671 4975 eſtramaçon
1730 4848 1765 4975 au
1823 4848 2021 4975 viſage.

1105 5028 1105 5144 E
1226 5028 1469 5144 Cercle
1590 5028 1930 5144 contient
2015 5028 2064 5144 la
2161 5028 2561 5144 pourſuite
2707 5028 2719 5144 &

1061 5150 1532 5269 l’execution
1635 5150 1739 5269 des
1819 5150 2003 5269 deux
2118 5150 2394 5269 Cercles
2440 5150 2704 5269 prece-

1090 5272 1289 5393 dens.
1454 5272 1911 5393 ZACHARIE
1982 5272 2064 5393 ne
2134 5272 2416 5393 change
2486 5272 2709 5393 point

1087 5399 1145 5524 de
1214 5399 1583 5524 poſture,
1652 5399 1802 5524 mais
1871 5399 2332 5524 continuant
2390 5399 2424 5524 ſa
2505 5399 2701 5524 para-

634 5520 742 5641 de,
790 5520 826 5641 il
910 5520 1149 5641 donne
1245 5520 1377 5641 une
1461 5520 1796 5641 occaſion
1880 5520 1892 5641 à
1963 5520 1999 5641 ſa
2083 5520 2311 5641 partie
2359 5520 2694 5641 preſque

605 5643 1038 5748 ſemblable
1100 5643 1112 5748 à
1187 5643 1360 5748 celle
1434 5643 1483 5748 du
1595 5643 1830 5748 Cercle
1941 5643 1978 5748 N.
2027 5643 2077 5748 7.
2151 5643 2695 5748 ALEXANDRE

599 5767 705 5895 ſur
788 5767 917 5895 cela
987 5767 1517 5895 augmentant
1599 5767 1940 5895 quelque
1987 5767 2105 5895 peu
2175 5767 2223 5895 le
2281 5767 2705 5895 ſentiment

600 5890 885 6007 avance
933 5890 980 6007 le
1052 5890 1230 6007 coſté
1313 5890 1586 6007 droi,
1705 5890 1717 6007 &
1765 5890 1990 6007 ayant
2062 5890 2216 6007 (par
2276 5890 2323 6007 le
2406 5890 2692 6007 mouve-

630 6009 818 6143 ment
906 6009 943 6143 du
1031 6009 1420 6143 poignet)
1495 6009 1633 6143 oſté
1683 6009 1783 6143 ſon
1883 6009 2096 6143 eſpee
2196 6009 2247 6143 de
2347 6009 2698 6143 deſſoubs

614 6133 784 6266 celle
857 6133 917 6266 de
966 6133 1002 6266 ſa
1075 6133 1341 6266 partie,
1414 6133 1450 6266 il
1487 6133 1608 6266 luy
1681 6133 1911 6266 donne
1984 6133 2044 6266 un
2129 6133 2311 6266 coup
2408 6133 2687 6266 d’eſtra-

637 6258 867 6387 maçon
940 6258 1000 6387 au
1073 6258 1339 6387 viſage,
1388 6258 1739 6387 plantant
1799 6258 1860 6387 ce
1908 6258 1944 6387 la
1993 6258 2114 6387 fait
2162 6258 2210 6387 le
2259 6258 2428 6387 pied
2501 6258 2682 6387 droit

611 6384 833 6509 eſlevé
883 6384 1055 6509 hors
1166 6384 1166 6509 &
1228 6384 1561 6509 pardeça
1610 6384 1660 6509 le
1771 6384 2054 6509 Cercle;
2128 6384 2424 6509 comme
2473 6384 2584 6509 les
2634 6384 2695 6509 fi-

618 6523 831 6638 gures
891 6523 1471 6638 repreſentent.
